  <div class='ocr_page' id='page_1' title='image "/cluster/home/n/w/nwhite01/storage/ocr_20150623/57-58/hvd.32044012465811/119.png"; bbox 0 0 3856 6180; ppageno 0'>
   <div class='ocr_carea' id='block_1_1' title="bbox 439 266 536 324">
    <p class='ocr_par' dir='ltr' id='par_1_1' title="bbox 439 266 536 324">
     <span class='ocr_line' id='line_1_1' title="bbox 439 266 536 324; baseline 0.021 -2"><span class='ocrx_word' id='word_1_1' title='bbox 439 266 536 324; x_wconf 72' lang='grc'><strong>191</strong></span> 
     </span>
    </p>
   </div>
   <div class='ocr_carea' id='block_1_2' title="bbox 454 369 2042 453">
    <p class='ocr_par' dir='ltr' id='par_1_2' title="bbox 454 369 2042 453">
     <span class='ocr_line' id='line_1_2' title="bbox 454 369 2042 453; baseline -0.009 -16"><span class='ocrx_word' id='word_1_2' title='bbox 454 383 624 453; x_wconf 84' lang='lat' dir='ltr'><strong>magis</strong></span> <span class='ocrx_word' id='word_1_3' title='bbox 664 387 776 435; x_wconf 87' lang='lat' dir='ltr'><strong>tuto</strong></span> <span class='ocrx_word' id='word_1_4' title='bbox 804 377 1055 434; x_wconf 75' lang='lat' dir='ltr'><strong>versaris.</strong></span> <span class='ocrx_word' id='word_1_5' title='bbox 1101 375 1330 439; x_wconf 76' lang='lat' dir='ltr'><strong>Declina.</strong></span> <span class='ocrx_word' id='word_1_6' title='bbox 1381 374 1570 445; x_wconf 78' lang='lat' dir='ltr'><strong>inquit,</strong></span> <span class='ocrx_word' id='word_1_7' title='bbox 1611 388 1645 425; x_wconf 92' lang='lat' dir='ltr'><strong>a</strong></span> <span class='ocrx_word' id='word_1_8' title='bbox 1687 371 1841 433; x_wconf 84' lang='lat' dir='ltr'><strong>malo,</strong></span> <span class='ocrx_word' id='word_1_9' title='bbox 1881 378 1929 423; x_wconf 82' lang='lat' dir='ltr'><strong>et</strong></span> <span class='ocrx_word' id='word_1_10' title='bbox 1957 369 2042 439; x_wconf 77' lang='lat' dir='ltr'><strong>[ac</strong></span> 
     </span>
    </p>
   </div>
   <div class='ocr_carea' id='block_1_3' title="bbox 453 465 2041 542">
    <p class='ocr_par' dir='ltr' id='par_1_3' title="bbox 453 465 2041 542">
     <span class='ocr_line' id='line_1_3' title="bbox 453 465 2041 542; baseline -0.007 -16"><span class='ocrx_word' id='word_1_11' title='bbox 453 476 639 528; x_wconf 88' lang='lat' dir='ltr'><strong>bonum</strong></span> <span class='ocrx_word' id='word_1_12' title='bbox 672 472 843 542; x_wconf 85' lang='lat' dir='ltr'><strong>(Psal.</strong></span> <span class='ocrx_word' id='word_1_13' title='bbox 876 472 966 526; x_wconf 76' lang='lat'><strong>56.</strong></span> <span class='ocrx_word' id='word_1_14' title='bbox 996 470 1123 540; x_wconf 80' lang='lat'><strong>27);</strong></span> <span class='ocrx_word' id='word_1_15' title='bbox 1166 483 1229 523; x_wconf 82' lang='lat' dir='ltr'><strong>ac</strong></span> <span class='ocrx_word' id='word_1_16' title='bbox 1270 483 1481 522; x_wconf 84' lang='lat' dir='ltr'><strong>rursum</strong></span> <span class='ocrx_word' id='word_1_17' title='bbox 1512 484 1526 520; x_wconf 89' lang='lat'><strong>:</strong></span> <span class='ocrx_word' id='word_1_18' title='bbox 1558 465 1780 520; x_wconf 83' lang='lat' dir='ltr'><strong>Prohibe</strong></span> <span class='ocrx_word' id='word_1_19' title='bbox 1814 465 2041 533; x_wconf 75' lang='lat' dir='ltr'><strong>linguam</strong></span> 
     </span>
    </p>
   </div>
   <div class='ocr_carea' id='block_1_4' title="bbox 449 552 2037 628">
    <p class='ocr_par' dir='ltr' id='par_1_4' title="bbox 449 552 2037 628">
     <span class='ocr_line' id='line_1_4' title="bbox 449 552 2037 628; baseline -0.008 -10"><span class='ocrx_word' id='word_1_20' title='bbox 449 573 590 618; x_wconf 83' lang='lat' dir='ltr'><strong>tuam</strong></span> <span class='ocrx_word' id='word_1_21' title='bbox 634 554 666 616; x_wconf 81' lang='grc' dir='ltr'><em>ά</em></span> <span class='ocrx_word' id='word_1_22' title='bbox 694 563 851 627; x_wconf 81' lang='lat' dir='ltr'><strong>malo,</strong></span> <span class='ocrx_word' id='word_1_23' title='bbox 881 570 925 615; x_wconf 80' lang='lat' dir='ltr'><strong>et</strong></span> <span class='ocrx_word' id='word_1_24' title='bbox 945 560 1080 615; x_wconf 85' lang='lat' dir='ltr'><strong>labia</strong></span> <span class='ocrx_word' id='word_1_25' title='bbox 1117 569 1206 613; x_wconf 87' lang='lat' dir='ltr'><strong>tua</strong></span> <span class='ocrx_word' id='word_1_26' title='bbox 1244 574 1306 613; x_wconf 84' lang='lat' dir='ltr'><strong>ne</strong></span> <span class='ocrx_word' id='word_1_27' title='bbox 1334 559 1604 628; x_wconf 82' lang='lat' dir='ltr'><strong>loquantur</strong></span> <span class='ocrx_word' id='word_1_28' title='bbox 1644 556 1817 610; x_wconf 81' lang='lat' dir='ltr'><strong>dolum</strong></span> <span class='ocrx_word' id='word_1_29' title='bbox 1863 552 2037 623; x_wconf 81' lang='lat' dir='ltr'><strong>(Psal.</strong></span> 
     </span>
    </p>
   </div>
   <div class='ocr_carea' id='block_1_5' title="bbox 450 643 2044 725">
    <p class='ocr_par' dir='ltr' id='par_1_5' title="bbox 450 643 2044 725">
     <span class='ocr_line' id='line_1_5' title="bbox 450 643 2044 725; baseline -0.008 -16"><span class='ocrx_word' id='word_1_30' title='bbox 450 654 540 709; x_wconf 80' lang='lat'><strong>&#39;55.</strong></span> <span class='ocrx_word' id='word_1_31' title='bbox 571 650 684 725; x_wconf 74' lang='grc'><strong>14).</strong></span> <span class='ocrx_word' id='word_1_32' title='bbox 716 652 820 708; x_wconf 86' lang='lat' dir='ltr'><strong>Sed</strong></span> <span class='ocrx_word' id='word_1_33' title='bbox 847 652 1044 706; x_wconf 91' lang='lat' dir='ltr'><strong>bonum</strong></span> <span class='ocrx_word' id='word_1_34' title='bbox 1074 663 1286 720; x_wconf 89' lang='lat' dir='ltr'><strong>quoque</strong></span> <span class='ocrx_word' id='word_1_35' title='bbox 1314 644 1476 702; x_wconf 76' lang='lat' dir='ltr'><strong>dicito</strong></span> <span class='ocrx_word' id='word_1_36' title='bbox 1503 645 1631 701; x_wconf 92' lang='lat' dir='ltr'><strong>mihi</strong></span> <span class='ocrx_word' id='word_1_37' title='bbox 1665 663 1678 699; x_wconf 91' lang='lat'><strong>:</strong></span> <span class='ocrx_word' id='word_1_38' title='bbox 1710 643 1920 714; x_wconf 86' lang='lat' dir='ltr'><strong>Inquire</strong></span> <span class='ocrx_word' id='word_1_39' title='bbox 1949 661 2044 713; x_wconf 79' lang='lat' dir='ltr'><strong>pa-</strong></span> 
     </span>
    </p>
   </div>
   <div class='ocr_carea' id='block_1_6' title="bbox 453 738 2039 815">
    <p class='ocr_par' dir='ltr' id='par_1_6' title="bbox 453 738 2039 815">
     <span class='ocr_line' id='line_1_6' title="bbox 453 738 2039 815; baseline -0.006 -15"><span class='ocrx_word' id='word_1_40' title='bbox 453 762 580 813; x_wconf 84' lang='lat' dir='ltr'><strong>cem,</strong></span> <span class='ocrx_word' id='word_1_41' title='bbox 621 754 667 800; x_wconf 90' lang='lat' dir='ltr'><strong>et</strong></span> <span class='ocrx_word' id='word_1_42' title='bbox 711 758 1002 815; x_wconf 85' lang='lat' dir='ltr'><strong>persequere</strong></span> <span class='ocrx_word' id='word_1_43' title='bbox 1042 758 1150 795; x_wconf 89' lang='lat' dir='ltr'><strong>eam</strong></span> <span class='ocrx_word' id='word_1_44' title='bbox 1181 740 1341 814; x_wconf 86' lang='lat' dir='ltr'><strong>(Ibid.</strong></span> <span class='ocrx_word' id='word_1_45' title='bbox 1373 738 1573 807; x_wconf 70' lang='lat' dir='ltr'><strong>v.15);</strong></span> <span class='ocrx_word' id='word_1_46' title='bbox 1604 752 1708 792; x_wconf 92' lang='lat' dir='ltr'><strong>non</strong></span> <span class='ocrx_word' id='word_1_47' title='bbox 1756 752 1874 791; x_wconf 89' lang='lat' dir='ltr'><strong>eam</strong></span> <span class='ocrx_word' id='word_1_48' title='bbox 1921 751 2039 805; x_wconf 74' lang='lat' dir='ltr'><strong>qua:</strong></span> 
     </span>
    </p>
   </div>
   <div class='ocr_carea' id='block_1_7' title="bbox 452 827 2040 899">
    <p class='ocr_par' dir='ltr' id='par_1_7' title="bbox 452 827 2040 899">
     <span class='ocr_line' id='line_1_7' title="bbox 452 827 2040 899; baseline -0.006 -7"><span class='ocrx_word' id='word_1_49' title='bbox 452 853 574 893; x_wconf 91' lang='lat' dir='ltr'><strong>cum</strong></span> <span class='ocrx_word' id='word_1_50' title='bbox 605 836 910 891; x_wconf 88' lang='lat' dir='ltr'><strong>hominibus</strong></span> <span class='ocrx_word' id='word_1_51' title='bbox 935 842 1161 899; x_wconf 88' lang='lat' dir='ltr'><strong>tantum,</strong></span> <span class='ocrx_word' id='word_1_52' title='bbox 1193 831 1286 895; x_wconf 82' lang='lat' dir='ltr'><strong>sed</strong></span> <span class='ocrx_word' id='word_1_53' title='bbox 1311 846 1432 885; x_wconf 90' lang='lat' dir='ltr'><strong>eam</strong></span> <span class='ocrx_word' id='word_1_54' title='bbox 1450 830 1608 883; x_wconf 90' lang='lat' dir='ltr'><strong>etiam</strong></span> <span class='ocrx_word' id='word_1_55' title='bbox 1635 843 1753 898; x_wconf 66' lang='lat' dir='ltr'><strong>qua:</strong></span> <span class='ocrx_word' id='word_1_56' title='bbox 1779 842 1899 883; x_wconf 92' lang='lat' dir='ltr'><strong>cum</strong></span> <span class='ocrx_word' id='word_1_57' title='bbox 1929 827 2040 882; x_wconf 91' lang='lat' dir='ltr'><strong>Deo</strong></span> 
     </span>
    </p>
   </div>
   <div class='ocr_carea' id='block_1_8' title="bbox 453 920 2039 988">
    <p class='ocr_par' dir='ltr' id='par_1_8' title="bbox 453 920 2039 988">
     <span class='ocr_line' id='line_1_8' title="bbox 453 920 2039 988; baseline -0.007 -5"><span class='ocrx_word' id='word_1_58' title='bbox 453 928 697 983; x_wconf 88' lang='lat' dir='ltr'><strong>habetur.</strong></span> <span class='ocrx_word' id='word_1_59' title='bbox 734 924 963 981; x_wconf 84' lang='lat' dir='ltr'><strong>Pulchre</strong></span> <span class='ocrx_word' id='word_1_60' title='bbox 1004 934 1181 978; x_wconf 87' lang='lat' dir='ltr'><strong>autem</strong></span> <span class='ocrx_word' id='word_1_61' title='bbox 1210 922 1373 987; x_wconf 81' lang='lat' dir='ltr'><strong>dixit,</strong></span> <span class='ocrx_word' id='word_1_62' title='bbox 1409 920 1714 988; x_wconf 76' lang='lat' dir='ltr'><strong>Persequere</strong></span> <span class='ocrx_word' id='word_1_63' title='bbox 1741 935 1760 973; x_wconf 88' lang='lat'><strong><em>:</em></strong></span> <span class='ocrx_word' id='word_1_64' title='bbox 1791 933 1914 973; x_wconf 85' lang='lat' dir='ltr'><strong>nam</strong></span> <span class='ocrx_word' id='word_1_65' title='bbox 1941 933 2039 973; x_wconf 81' lang='lat' dir='ltr'><strong>ex-</strong></span> 
     </span>
    </p>
   </div>
   <div class='ocr_carea' id='block_1_9' title="bbox 453 1009 2038 1087">
    <p class='ocr_par' dir='ltr' id='par_1_9' title="bbox 453 1009 2038 1087">
     <span class='ocr_line' id='line_1_9' title="bbox 453 1009 2038 1087; baseline -0.005 -16"><span class='ocrx_word' id='word_1_66' title='bbox 453 1018 603 1087; x_wconf 90' lang='lat' dir='ltr'><strong>pulsa</strong></span> <span class='ocrx_word' id='word_1_67' title='bbox 630 1017 719 1070; x_wconf 87' lang='lat' dir='ltr'><strong>illa</strong></span> <span class='ocrx_word' id='word_1_68' title='bbox 744 1024 801 1071; x_wconf 90' lang='lat' dir='ltr'><strong>et</strong></span> <span class='ocrx_word' id='word_1_69' title='bbox 829 1013 1102 1085; x_wconf 84' lang='lat' dir='ltr'><strong>proﬂigata</strong></span> <span class='ocrx_word' id='word_1_70' title='bbox 1130 1020 1233 1077; x_wconf 85' lang='lat' dir='ltr'><strong>est,</strong></span> <span class='ocrx_word' id='word_1_71' title='bbox 1263 1026 1327 1067; x_wconf 90' lang='lat' dir='ltr'><strong>ac</strong></span> <span class='ocrx_word' id='word_1_72' title='bbox 1355 1012 1540 1067; x_wconf 88' lang='lat' dir='ltr'><strong>relicta</strong></span> <span class='ocrx_word' id='word_1_73' title='bbox 1575 1019 1735 1074; x_wconf 90' lang='lat' dir='ltr'><strong>terra,</strong></span> <span class='ocrx_word' id='word_1_74' title='bbox 1766 1009 1817 1063; x_wconf 93' lang='lat' dir='ltr'><strong>in</strong></span> <span class='ocrx_word' id='word_1_75' title='bbox 1848 1009 2038 1065; x_wconf 73' lang='lat' dir='ltr'><strong>caelum</strong></span> 
     </span>
    </p>
   </div>
   <div class='ocr_carea' id='block_1_10' title="bbox 451 1103 2041 1177">
    <p class='ocr_par' dir='ltr' id='par_1_10' title="bbox 451 1103 2041 1177">
     <span class='ocr_line' id='line_1_10' title="bbox 451 1103 2041 1177; baseline -0.004 -13"><span class='ocrx_word' id='word_1_76' title='bbox 451 1110 600 1165; x_wconf 86' lang='lat' dir='ltr'><strong>abiit.</strong></span> <span class='ocrx_word' id='word_1_77' title='bbox 632 1107 740 1164; x_wconf 90' lang='lat' dir='ltr'><strong>Sed</strong></span> <span class='ocrx_word' id='word_1_78' title='bbox 783 1121 1070 1177; x_wconf 82' lang='lat' dir='ltr'><strong>possumus</strong></span> <span class='ocrx_word' id='word_1_79' title='bbox 1110 1105 1252 1160; x_wconf 86' lang='lat' dir='ltr'><strong>illam</strong></span> <span class='ocrx_word' id='word_1_80' title='bbox 1288 1103 1565 1169; x_wconf 89' lang='lat' dir='ltr'><strong>reducere,</strong></span> <span class='ocrx_word' id='word_1_81' title='bbox 1600 1105 1645 1158; x_wconf 91' lang='lat' dir='ltr'><strong>si</strong></span> <span class='ocrx_word' id='word_1_82' title='bbox 1675 1104 1921 1171; x_wconf 83' lang='lat' dir='ltr'><strong>velimus,</strong></span> <span class='ocrx_word' id='word_1_83' title='bbox 1950 1120 2041 1158; x_wconf 88' lang='lat' dir='ltr'><strong>ar-</strong></span> 
     </span>
    </p>
   </div>
   <div class='ocr_carea' id='block_1_11' title="bbox 453 1197 2041 1271">
    <p class='ocr_par' dir='ltr' id='par_1_11' title="bbox 453 1197 2041 1271">
     <span class='ocr_line' id='line_1_11' title="bbox 453 1197 2041 1271; baseline -0.003 -16"><span class='ocrx_word' id='word_1_84' title='bbox 453 1201 774 1271; x_wconf 89' lang='lat' dir='ltr'><strong>rogantiam,</strong></span> <span class='ocrx_word' id='word_1_85' title='bbox 823 1199 1127 1269; x_wconf 81' lang='lat' dir='ltr'><strong>superbiam</strong></span> <span class='ocrx_word' id='word_1_86' title='bbox 1166 1206 1220 1252; x_wconf 92' lang='lat' dir='ltr'><strong>et</strong></span> <span class='ocrx_word' id='word_1_87' title='bbox 1244 1198 1421 1252; x_wconf 84' lang='lat' dir='ltr'><strong>omnia</strong></span> <span class='ocrx_word' id='word_1_88' title='bbox 1452 1197 1831 1267; x_wconf 89' lang='lat' dir='ltr'><strong>impedimenta</strong></span> <span class='ocrx_word' id='word_1_89' title='bbox 1858 1213 2041 1253; x_wconf 91' lang='lat' dir='ltr'><strong>remo-</strong></span> 
     </span>
    </p>
   </div>
   <div class='ocr_carea' id='block_1_12' title="bbox 454 1287 2039 1361">
    <p class='ocr_par' dir='ltr' id='par_1_12' title="bbox 454 1287 2039 1361">
     <span class='ocr_line' id='line_1_12' title="bbox 454 1287 2039 1361; baseline 0.001 -20"><span class='ocrx_word' id='word_1_90' title='bbox 454 1306 580 1346; x_wconf 84' lang='lat' dir='ltr'><strong>vere</strong></span> <span class='ocrx_word' id='word_1_91' title='bbox 598 1330 613 1356; x_wconf 95' lang='lat'><strong>,</strong></span> <span class='ocrx_word' id='word_1_92' title='bbox 648 1305 711 1345; x_wconf 92' lang='lat' dir='ltr'><strong>ac</strong></span> <span class='ocrx_word' id='word_1_93' title='bbox 738 1304 925 1361; x_wconf 86' lang='lat' dir='ltr'><strong>puram</strong></span> <span class='ocrx_word' id='word_1_94' title='bbox 954 1297 1445 1358; x_wconf 88' lang='lat' dir='ltr'><strong>temperantemque</strong></span> <span class='ocrx_word' id='word_1_95' title='bbox 1470 1288 1663 1343; x_wconf 88' lang='lat' dir='ltr'><strong>sectari</strong></span> <span class='ocrx_word' id='word_1_96' title='bbox 1694 1289 1873 1342; x_wconf 80' lang='lat' dir='ltr'><strong>vitam.</strong></span> <span class='ocrx_word' id='word_1_97' title='bbox 1901 1287 2039 1343; x_wconf 86' lang='lat' dir='ltr'><strong>Nihil</strong></span> 
     </span>
    </p>
   </div>
   <div class='ocr_carea' id='block_1_13' title="bbox 465 1379 2041 1449">
    <p class='ocr_par' dir='ltr' id='par_1_13' title="bbox 465 1379 2041 1449">
     <span class='ocr_line' id='line_1_13' title="bbox 465 1379 2041 1449; baseline -0.001 -13"><span class='ocrx_word' id='word_1_98' title='bbox 465 1382 609 1436; x_wconf 87' lang='lat' dir='ltr'><strong>enim</strong></span> <span class='ocrx_word' id='word_1_99' title='bbox 634 1382 711 1436; x_wconf 91' lang='lat' dir='ltr'><strong>ira</strong></span> <span class='ocrx_word' id='word_1_100' title='bbox 733 1381 1037 1449; x_wconf 80' lang='lat' dir='ltr'><strong>ferociaque</strong></span> <span class='ocrx_word' id='word_1_101' title='bbox 1054 1379 1307 1434; x_wconf 88' lang='lat' dir='ltr'><strong>deterius.</strong></span> <span class='ocrx_word' id='word_1_102' title='bbox 1333 1379 1457 1434; x_wconf 83' lang='lat' dir='ltr'><strong>Haec</strong></span> <span class='ocrx_word' id='word_1_103' title='bbox 1481 1380 1626 1435; x_wconf 90' lang='lat' dir='ltr'><strong>enim</strong></span> <span class='ocrx_word' id='word_1_104' title='bbox 1652 1380 1861 1436; x_wconf 80' lang='lat' dir='ltr'><strong>inflatos</strong></span> <span class='ocrx_word' id='word_1_105' title='bbox 1881 1381 2041 1435; x_wconf 88' lang='lat' dir='ltr'><strong>simul</strong></span> 
     </span>
    </p>
   </div>
   <div class='ocr_carea' id='block_1_14' title="bbox 450 1470 2039 1539">
    <p class='ocr_par' dir='ltr' id='par_1_14' title="bbox 450 1470 2039 1539">
     <span class='ocr_line' id='line_1_14' title="bbox 450 1470 2039 1539; baseline -0.001 -10"><span class='ocrx_word' id='word_1_106' title='bbox 450 1483 505 1529; x_wconf 89' lang='lat' dir='ltr'><strong>et</strong></span> <span class='ocrx_word' id='word_1_107' title='bbox 534 1474 755 1528; x_wconf 84' lang='lat' dir='ltr'><strong>serviles</strong></span> <span class='ocrx_word' id='word_1_108' title='bbox 779 1472 984 1527; x_wconf 91' lang='lat' dir='ltr'><strong>animos</strong></span> <span class='ocrx_word' id='word_1_109' title='bbox 1013 1471 1195 1539; x_wconf 82' lang='lat' dir='ltr'><strong>efﬁcit,</strong></span> <span class='ocrx_word' id='word_1_110' title='bbox 1224 1471 1349 1527; x_wconf 92' lang='lat' dir='ltr'><strong>hinc</strong></span> <span class='ocrx_word' id='word_1_111' title='bbox 1370 1470 1642 1535; x_wconf 88' lang='lat' dir='ltr'><strong>ridiculos,</strong></span> <span class='ocrx_word' id='word_1_112' title='bbox 1672 1473 1794 1528; x_wconf 90' lang='lat' dir='ltr'><strong>inde</strong></span> <span class='ocrx_word' id='word_1_113' title='bbox 1822 1472 2039 1528; x_wconf 80' lang='lat' dir='ltr'><strong>odiosas</strong></span> 
     </span>
    </p>
   </div>
   <div class='ocr_carea' id='block_1_15' title="bbox 454 1560 2049 1633">
    <p class='ocr_par' dir='ltr' id='par_1_15' title="bbox 454 1560 2049 1633">
     <span class='ocr_line' id='line_1_15' title="bbox 454 1560 2049 1633; baseline 0.001 -17"><span class='ocrx_word' id='word_1_114' title='bbox 454 1561 709 1627; x_wconf 81' lang='lat' dir='ltr'><strong>reddens,</strong></span> <span class='ocrx_word' id='word_1_115' title='bbox 732 1571 787 1617; x_wconf 91' lang='lat' dir='ltr'><strong>et</strong></span> <span class='ocrx_word' id='word_1_116' title='bbox 806 1563 903 1616; x_wconf 88' lang='lat' dir='ltr'><strong>sibi</strong></span> <span class='ocrx_word' id='word_1_117' title='bbox 926 1560 1193 1617; x_wconf 89' lang='lat' dir='ltr'><strong>contraria</strong></span> <span class='ocrx_word' id='word_1_118' title='bbox 1220 1561 1478 1617; x_wconf 90' lang='lat' dir='ltr'><strong>inducens</strong></span> <span class='ocrx_word' id='word_1_119' title='bbox 1497 1562 1658 1629; x_wconf 90' lang='lat' dir='ltr'><strong>mala,</strong></span> <span class='ocrx_word' id='word_1_120' title='bbox 1681 1564 2049 1633; x_wconf 75' lang='lat' dir='ltr'><strong>arrogantiam</strong></span> 
     </span>
    </p>
   </div>
   <div class='ocr_carea' id='block_1_16' title="bbox 458 1650 2039 1722">
    <p class='ocr_par' dir='ltr' id='par_1_16' title="bbox 458 1650 2039 1722">
     <span class='ocr_line' id='line_1_16' title="bbox 458 1650 2039 1722; baseline 0.002 -16"><span class='ocrx_word' id='word_1_121' title='bbox 458 1667 651 1722; x_wconf 87' lang='lat' dir='ltr'><strong>nempe</strong></span> <span class='ocrx_word' id='word_1_122' title='bbox 676 1661 729 1707; x_wconf 90' lang='lat' dir='ltr'><strong>et</strong></span> <span class='ocrx_word' id='word_1_123' title='bbox 755 1650 1135 1708; x_wconf 84' lang='lat' dir='ltr'><strong>adulationem.</strong></span> <span class='ocrx_word' id='word_1_124' title='bbox 1167 1650 1273 1708; x_wconf 88' lang='lat' dir='ltr'><strong>Sed</strong></span> <span class='ocrx_word' id='word_1_125' title='bbox 1303 1653 1348 1707; x_wconf 96' lang='lat' dir='ltr'><strong>si</strong></span> <span class='ocrx_word' id='word_1_126' title='bbox 1384 1652 1606 1712; x_wconf 69' lang='lat' dir='ltr'><strong>affectus</strong></span> <span class='ocrx_word' id='word_1_127' title='bbox 1638 1654 2039 1710; x_wconf 63' lang='lat' dir='ltr'><strong>immoderatio»</strong></span> 
     </span>
    </p>
   </div>
   <div class='ocr_carea' id='block_1_17' title="bbox 450 1741 2043 1811">
    <p class='ocr_par' dir='ltr' id='par_1_17' title="bbox 450 1741 2043 1811">
     <span class='ocr_line' id='line_1_17' title="bbox 450 1741 2043 1811; baseline 0.001 -13"><span class='ocrx_word' id='word_1_128' title='bbox 450 1758 576 1798; x_wconf 90' lang='lat' dir='ltr'><strong>nem</strong></span> <span class='ocrx_word' id='word_1_129' title='bbox 603 1741 996 1807; x_wconf 79' lang='lat' dir='ltr'><strong>exscindamus,</strong></span> <span class='ocrx_word' id='word_1_130' title='bbox 1028 1751 1082 1798; x_wconf 92' lang='lat' dir='ltr'><strong>et</strong></span> <span class='ocrx_word' id='word_1_131' title='bbox 1109 1742 1353 1799; x_wconf 85' lang='lat' dir='ltr'><strong>modeste</strong></span> <span class='ocrx_word' id='word_1_132' title='bbox 1378 1743 1627 1811; x_wconf 85' lang='lat' dir='ltr'><strong>humiles,</strong></span> <span class='ocrx_word' id='word_1_133' title='bbox 1658 1752 1713 1800; x_wconf 93' lang='lat' dir='ltr'><strong>et</strong></span> <span class='ocrx_word' id='word_1_134' title='bbox 1737 1754 1849 1799; x_wconf 89' lang='lat' dir='ltr'><strong>tuto</strong></span> <span class='ocrx_word' id='word_1_135' title='bbox 1878 1745 2043 1800; x_wconf 90' lang='lat' dir='ltr'><strong>subli-</strong></span> 
     </span>
    </p>
   </div>
   <div class='ocr_carea' id='block_1_18' title="bbox 454 1828 2044 1901">
    <p class='ocr_par' dir='ltr' id='par_1_18' title="bbox 454 1828 2044 1901">
     <span class='ocr_line' id='line_1_18' title="bbox 454 1828 2044 1901; baseline 0.002 -15"><span class='ocrx_word' id='word_1_136' title='bbox 454 1828 569 1889; x_wconf 84' lang='lat' dir='ltr'><strong>mes</strong></span> <span class='ocrx_word' id='word_1_137' title='bbox 596 1831 815 1887; x_wconf 89' lang='lat' dir='ltr'><strong>erimus.</strong></span> <span class='ocrx_word' id='word_1_138' title='bbox 841 1830 973 1886; x_wconf 87' lang='lat' dir='ltr'><strong>Nam</strong></span> <span class='ocrx_word' id='word_1_139' title='bbox 1004 1831 1055 1885; x_wconf 91' lang='lat' dir='ltr'><strong>in</strong></span> <span class='ocrx_word' id='word_1_140' title='bbox 1084 1832 1398 1901; x_wconf 87' lang='lat' dir='ltr'><strong>corporibus</strong></span> <span class='ocrx_word' id='word_1_141' title='bbox 1424 1833 1585 1887; x_wconf 87' lang='lat' dir='ltr'><strong>etiam</strong></span> <span class='ocrx_word' id='word_1_142' title='bbox 1616 1834 1815 1889; x_wconf 87' lang='lat' dir='ltr'><strong>nostris</strong></span> <span class='ocrx_word' id='word_1_143' title='bbox 1851 1849 1917 1889; x_wconf 82' lang='lat' dir='ltr'><strong>ex</strong></span> <span class='ocrx_word' id='word_1_144' title='bbox 1958 1850 2044 1890; x_wconf 87' lang='lat' dir='ltr'><strong>re-</strong></span> 
     </span>
    </p>
   </div>
   <div class='ocr_carea' id='block_1_19' title="bbox 452 1924 2039 1981">
    <p class='ocr_par' dir='ltr' id='par_1_19' title="bbox 452 1924 2039 1981">
     <span class='ocr_line' id='line_1_19' title="bbox 452 1924 2039 1981; baseline 0.002 -3"><span class='ocrx_word' id='word_1_145' title='bbox 452 1924 743 1979; x_wconf 86' lang='lat' dir='ltr'><strong>dundantia</strong></span> <span class='ocrx_word' id='word_1_146' title='bbox 784 1926 939 1980; x_wconf 73' lang='lat' dir='ltr'><strong>mala:</strong></span> <span class='ocrx_word' id='word_1_147' title='bbox 977 1925 1261 1980; x_wconf 84' lang='lat' dir='ltr'><strong>bumorum</strong></span> <span class='ocrx_word' id='word_1_148' title='bbox 1304 1925 1715 1981; x_wconf 78' lang='lat' dir='ltr'><strong>commixtiones</strong></span> <span class='ocrx_word' id='word_1_149' title='bbox 1753 1927 2039 1981; x_wconf 89' lang='lat' dir='ltr'><strong>oriuntur:</strong></span> 
     </span>
    </p>
   </div>
   <div class='ocr_carea' id='block_1_20' title="bbox 452 2016 2043 2096">
    <p class='ocr_par' dir='ltr' id='par_1_20' title="bbox 452 2016 2043 2096">
     <span class='ocr_line' id='line_1_20' title="bbox 452 2016 2043 2096; baseline -0.001 -22"><span class='ocrx_word' id='word_1_150' title='bbox 452 2019 715 2074; x_wconf 86' lang='lat' dir='ltr'><strong>elementa</strong></span> <span class='ocrx_word' id='word_1_151' title='bbox 751 2032 959 2087; x_wconf 91' lang='lat' dir='ltr'><strong>quoque</strong></span> <span class='ocrx_word' id='word_1_152' title='bbox 986 2032 1108 2071; x_wconf 91' lang='lat' dir='ltr'><strong>cum</strong></span> <span class='ocrx_word' id='word_1_153' title='bbox 1152 2017 1398 2096; x_wconf 81' lang='lat' dir='ltr'><strong>proprios</strong></span> <span class='ocrx_word' id='word_1_154' title='bbox 1436 2016 1538 2071; x_wconf 89' lang='lat' dir='ltr'><strong>sibi</strong></span> <span class='ocrx_word' id='word_1_155' title='bbox 1568 2016 1824 2073; x_wconf 84' lang='lat' dir='ltr'><strong>terminos</strong></span> <span class='ocrx_word' id='word_1_156' title='bbox 1848 2017 2043 2072; x_wconf 80' lang='lat' dir='ltr'><strong>transi—</strong></span> 
     </span>
    </p>
   </div>
   <div class='ocr_carea' id='block_1_21' title="bbox 454 2105 2038 2179">
    <p class='ocr_par' dir='ltr' id='par_1_21' title="bbox 454 2105 2038 2179">
     <span class='ocr_line' id='line_1_21' title="bbox 454 2105 2038 2179; baseline 0 -16"><span class='ocrx_word' id='word_1_157' title='bbox 454 2108 607 2175; x_wconf 89' lang='lat' dir='ltr'><strong>liunt,</strong></span> <span class='ocrx_word' id='word_1_158' title='bbox 638 2118 691 2164; x_wconf 89' lang='lat' dir='ltr'><strong>et</strong></span> <span class='ocrx_word' id='word_1_159' title='bbox 721 2108 1027 2163; x_wconf 90' lang='lat' dir='ltr'><strong>innumeros</strong></span> <span class='ocrx_word' id='word_1_160' title='bbox 1049 2107 1285 2171; x_wconf 87' lang='lat' dir='ltr'><strong>morbos,</strong></span> <span class='ocrx_word' id='word_1_161' title='bbox 1308 2117 1362 2162; x_wconf 92' lang='lat' dir='ltr'><strong>et</strong></span> <span class='ocrx_word' id='word_1_162' title='bbox 1386 2105 1572 2163; x_wconf 84' lang='lat' dir='ltr'><strong>funera</strong></span> <span class='ocrx_word' id='word_1_163' title='bbox 1592 2107 1772 2177; x_wconf 89' lang='lat' dir='ltr'><strong>gravia</strong></span> <span class='ocrx_word' id='word_1_164' title='bbox 1798 2106 2038 2179; x_wconf 86' lang='lat' dir='ltr'><strong>pariunt;</strong></span> 
     </span>
    </p>
   </div>
   <div class='ocr_carea' id='block_1_22' title="bbox 456 2197 1721 2269">
    <p class='ocr_par' dir='ltr' id='par_1_22' title="bbox 456 2197 1721 2269">
     <span class='ocr_line' id='line_1_22' title="bbox 456 2197 1721 2269; baseline -0.001 -16"><span class='ocrx_word' id='word_1_165' title='bbox 456 2198 509 2254; x_wconf 87' lang='lat' dir='ltr'><strong>id</strong></span> <span class='ocrx_word' id='word_1_166' title='bbox 537 2198 680 2269; x_wconf 92' lang='lat' dir='ltr'><strong>quod</strong></span> <span class='ocrx_word' id='word_1_167' title='bbox 707 2198 865 2253; x_wconf 91' lang='lat' dir='ltr'><strong>etiam</strong></span> <span class='ocrx_word' id='word_1_168' title='bbox 896 2198 950 2252; x_wconf 93' lang='lat' dir='ltr'><strong>in</strong></span> <span class='ocrx_word' id='word_1_169' title='bbox 978 2199 1153 2252; x_wconf 89' lang='lat' dir='ltr'><strong>anima</strong></span> <span class='ocrx_word' id='word_1_170' title='bbox 1181 2197 1428 2254; x_wconf 86' lang='lat' dir='ltr'><strong>accidere</strong></span> <span class='ocrx_word' id='word_1_171' title='bbox 1456 2198 1721 2254; x_wconf 91' lang='lat' dir='ltr'><strong>videmus.</strong></span> 
     </span>
    </p>
   </div>
   <div class='ocr_carea' id='block_1_23' title="bbox 525 2287 2041 2360">
    <p class='ocr_par' dir='ltr' id='par_1_23' title="bbox 525 2287 2041 2360">
     <span class='ocr_line' id='line_1_23' title="bbox 525 2287 2041 2360; baseline 0.001 -15"><span class='ocrx_word' id='word_1_172' title='bbox 525 2291 580 2347; x_wconf 84' lang='grc'><strong>7.</strong></span> <span class='ocrx_word' id='word_1_173' title='bbox 622 2289 1125 2346; x_wconf 89' lang='lat' dir='ltr'><strong>Immoderationem</strong></span> <span class='ocrx_word' id='word_1_174' title='bbox 1164 2288 1341 2360; x_wconf 87' lang='lat' dir='ltr'><strong>itaque</strong></span> <span class='ocrx_word' id='word_1_175' title='bbox 1380 2287 1775 2357; x_wconf 90' lang='lat' dir='ltr'><strong>abscindamus,</strong></span> <span class='ocrx_word' id='word_1_176' title='bbox 1816 2297 1872 2346; x_wconf 90' lang='lat' dir='ltr'><strong>et</strong></span> <span class='ocrx_word' id='word_1_177' title='bbox 1897 2290 2041 2346; x_wconf 66' lang='lat' dir='ltr'><strong>saluo</strong></span> 
     </span>
    </p>
   </div>
   <div class='ocr_carea' id='block_1_24' title="bbox 458 2376 2024 2450">
    <p class='ocr_par' dir='ltr' id='par_1_24' title="bbox 458 2376 2024 2450">
     <span class='ocr_line' id='line_1_24' title="bbox 458 2376 2024 2450; baseline 0.005 -22"><span class='ocrx_word' id='word_1_178' title='bbox 458 2384 577 2430; x_wconf 87' lang='lat' dir='ltr'><strong>tare</strong></span> <span class='ocrx_word' id='word_1_179' title='bbox 611 2376 1001 2434; x_wconf 88' lang='lat' dir='ltr'><strong>moderationis</strong></span> <span class='ocrx_word' id='word_1_180' title='bbox 1031 2379 1385 2449; x_wconf 89' lang='lat' dir='ltr'><strong>pharmacum</strong></span> <span class='ocrx_word' id='word_1_181' title='bbox 1414 2389 1685 2449; x_wconf 87' lang='lat' dir='ltr'><strong>potantes,</strong></span> <span class='ocrx_word' id='word_1_182' title='bbox 1727 2380 1795 2435; x_wconf 84' lang='lat' dir='ltr'><strong>in&#39;</strong></span> <span class='ocrx_word' id='word_1_183' title='bbox 1816 2389 2024 2450; x_wconf 81' lang='lat' dir='ltr'><strong>tempe-</strong></span> 
     </span>
    </p>
   </div>
   <div class='ocr_carea' id='block_1_25' title="bbox 401 2461 2029 2543">
    <p class='ocr_par' dir='ltr' id='par_1_25' title="bbox 401 2461 2029 2543">
     <span class='ocr_line' id='line_1_25' title="bbox 401 2461 2029 2543; baseline 0.006 -24"><span class='ocrx_word' id='word_1_184' title='bbox 401 2461 415 2469; x_wconf 85' lang='grc'><strong>’</strong></span> <span class='ocrx_word' id='word_1_185' title='bbox 459 2467 634 2521; x_wconf 90' lang='lat' dir='ltr'><strong>rantia</strong></span> <span class='ocrx_word' id='word_1_186' title='bbox 656 2471 974 2538; x_wconf 76' lang='lat' dir='ltr'><strong>congruenti</strong></span> <span class='ocrx_word' id='word_1_187' title='bbox 1000 2487 1340 2539; x_wconf 88' lang='lat' dir='ltr'><strong>maneamus,</strong></span> <span class='ocrx_word' id='word_1_188' title='bbox 1359 2473 1724 2543; x_wconf 89' lang='lat' dir='ltr'><strong>precibusque</strong></span> <span class='ocrx_word' id='word_1_189' title='bbox 1740 2473 2029 2543; x_wconf 78' lang='lat' dir='ltr'><strong>diligenter</strong></span> 
     </span>
    </p>
   </div>
   <div class='ocr_carea' id='block_1_26' title="bbox 459 2560 2029 2635">
    <p class='ocr_par' dir='ltr' id='par_1_26' title="bbox 459 2560 2029 2635">
     <span class='ocr_line' id='line_1_26' title="bbox 459 2560 2029 2635; baseline 0.005 -24"><span class='ocrx_word' id='word_1_190' title='bbox 459 2560 859 2616; x_wconf 90' lang='lat' dir='ltr'><strong>incumbamus.</strong></span> <span class='ocrx_word' id='word_1_191' title='bbox 889 2561 945 2616; x_wconf 91' lang='lat' dir='ltr'><strong>Si</strong></span> <span class='ocrx_word' id='word_1_192' title='bbox 996 2564 1329 2632; x_wconf 90' lang='lat' dir='ltr'><strong>postulatum</strong></span> <span class='ocrx_word' id='word_1_193' title='bbox 1378 2579 1486 2619; x_wconf 91' lang='lat' dir='ltr'><strong>non</strong></span> <span class='ocrx_word' id='word_1_194' title='bbox 1517 2565 1872 2635; x_wconf 76' lang='lat' dir='ltr'><strong>accipiamus,</strong></span> <span class='ocrx_word' id='word_1_195' title='bbox 1904 2579 2029 2634; x_wconf 88' lang='lat' dir='ltr'><strong>per-</strong></span> 
     </span>
    </p>
   </div>
   <div class='ocr_carea' id='block_1_27' title="bbox 456 2650 2026 2723">
    <p class='ocr_par' dir='ltr' id='par_1_27' title="bbox 456 2650 2026 2723">
     <span class='ocr_line' id='line_1_27' title="bbox 456 2650 2026 2723; baseline 0.004 -18"><span class='ocrx_word' id='word_1_196' title='bbox 456 2663 787 2715; x_wconf 87' lang='lat' dir='ltr'><strong>severemus,</strong></span> <span class='ocrx_word' id='word_1_197' title='bbox 841 2658 900 2703; x_wconf 90' lang='lat' dir='ltr'><strong>ut</strong></span> <span class='ocrx_word' id='word_1_198' title='bbox 944 2650 1318 2719; x_wconf 90' lang='lat' dir='ltr'><strong>accipiamus;</strong></span> <span class='ocrx_word' id='word_1_199' title='bbox 1380 2652 1424 2706; x_wconf 89' lang='lat' dir='ltr'><strong>si</strong></span> <span class='ocrx_word' id='word_1_200' title='bbox 1466 2656 1855 2723; x_wconf 85' lang='lat' dir='ltr'><strong>acceperimus,</strong></span> <span class='ocrx_word' id='word_1_201' title='bbox 1904 2657 2026 2711; x_wconf 87' lang='lat' dir='ltr'><strong>ideo</strong></span> 
     </span>
    </p>
   </div>
   <div class='ocr_carea' id='block_1_28' title="bbox 457 2744 2030 2816">
    <p class='ocr_par' dir='ltr' id='par_1_28' title="bbox 457 2744 2030 2816">
     <span class='ocr_line' id='line_1_28' title="bbox 457 2744 2030 2816; baseline 0.006 -20"><span class='ocrx_word' id='word_1_202' title='bbox 457 2758 867 2812; x_wconf 84' lang='lat' dir='ltr'><strong>perseveremus</strong></span> <span class='ocrx_word' id='word_1_203' title='bbox 924 2744 1053 2813; x_wconf 86' lang='lat' dir='ltr'><strong>quia</strong></span> <span class='ocrx_word' id='word_1_204' title='bbox 1105 2745 1434 2814; x_wconf 88' lang='lat' dir='ltr'><strong>accepimus.</strong></span> <span class='ocrx_word' id='word_1_205' title='bbox 1494 2745 1679 2816; x_wconf 88' lang='lat' dir='ltr'><strong>Neque</strong></span> <span class='ocrx_word' id='word_1_206' title='bbox 1717 2750 1862 2803; x_wconf 90' lang='lat' dir='ltr'><strong>enim</strong></span> <span class='ocrx_word' id='word_1_207' title='bbox 1918 2751 2030 2805; x_wconf 89' lang='lat' dir='ltr'><strong>vult</strong></span> 
     </span>
    </p>
   </div>
   <div class='ocr_carea' id='block_1_29' title="bbox 458 2834 2027 2905">
    <p class='ocr_par' dir='ltr' id='par_1_29' title="bbox 458 2834 2027 2905">
     <span class='ocr_line' id='line_1_29' title="bbox 458 2834 2027 2905; baseline 0.005 -17"><span class='ocrx_word' id='word_1_208' title='bbox 458 2834 549 2889; x_wconf 91' lang='lat' dir='ltr'><strong>ille</strong></span> <span class='ocrx_word' id='word_1_209' title='bbox 597 2835 930 2905; x_wconf 89' lang='lat' dir='ltr'><strong>postulatum</strong></span> <span class='ocrx_word' id='word_1_210' title='bbox 969 2835 1173 2889; x_wconf 90' lang='lat' dir='ltr'><strong>donum</strong></span> <span class='ocrx_word' id='word_1_211' title='bbox 1212 2836 1453 2903; x_wconf 74' lang='lat' dir='ltr'><strong>differri;</strong></span> <span class='ocrx_word' id='word_1_212' title='bbox 1520 2839 1615 2894; x_wconf 89' lang='lat' dir='ltr'><strong>sed</strong></span> <span class='ocrx_word' id='word_1_213' title='bbox 1685 2842 2027 2896; x_wconf 91' lang='lat' dir='ltr'><strong>cunctatione</strong></span> 
     </span>
    </p>
   </div>
   <div class='ocr_carea' id='block_1_30' title="bbox 458 2927 2026 3002">
    <p class='ocr_par' dir='ltr' id='par_1_30' title="bbox 458 2927 2026 3002">
     <span class='ocr_line' id='line_1_30' title="bbox 458 2927 2026 3002; baseline 0.004 -22"><span class='ocrx_word' id='word_1_214' title='bbox 458 2927 830 2982; x_wconf 81' lang='lat' dir='ltr'><strong>assiduitatem</strong></span> <span class='ocrx_word' id='word_1_215' title='bbox 879 2929 1147 2998; x_wconf 79' lang='lat' dir='ltr'><strong>sagaciter</strong></span> <span class='ocrx_word' id='word_1_216' title='bbox 1195 2930 1357 2999; x_wconf 88' lang='lat' dir='ltr'><strong>parit.</strong></span> <span class='ocrx_word' id='word_1_217' title='bbox 1428 2929 1551 2985; x_wconf 89' lang='lat' dir='ltr'><strong>Ideo</strong></span> <span class='ocrx_word' id='word_1_218' title='bbox 1601 2930 1781 2987; x_wconf 76' lang='lat' dir='ltr'><strong>differt</strong></span> <span class='ocrx_word' id='word_1_219' title='bbox 1837 2943 2026 3002; x_wconf 90' lang='lat' dir='ltr'><strong>postu-</strong></span> 
     </span>
    </p>
   </div>
   <div class='ocr_carea' id='block_1_31' title="bbox 459 3019 2027 3092">
    <p class='ocr_par' dir='ltr' id='par_1_31' title="bbox 459 3019 2027 3092">
     <span class='ocr_line' id='line_1_31' title="bbox 459 3019 2027 3092; baseline 0.004 -20"><span class='ocrx_word' id='word_1_220' title='bbox 459 3019 568 3072; x_wconf 87' lang='lat' dir='ltr'><strong>lata</strong></span> <span class='ocrx_word' id='word_1_221' title='bbox 597 3019 912 3085; x_wconf 87' lang='lat' dir='ltr'><strong>concedere,</strong></span> <span class='ocrx_word' id='word_1_222' title='bbox 954 3035 1019 3074; x_wconf 88' lang='lat' dir='ltr'><strong>ac</strong></span> <span class='ocrx_word' id='word_1_223' title='bbox 1046 3035 1188 3090; x_wconf 71' lang='lat' dir='ltr'><strong>saepe</strong></span> <span class='ocrx_word' id='word_1_224' title='bbox 1232 3022 1583 3077; x_wconf 89' lang='lat' dir='ltr'><strong>tentationem</strong></span> <span class='ocrx_word' id='word_1_225' title='bbox 1622 3023 1859 3078; x_wconf 90' lang='lat' dir='ltr'><strong>incidere</strong></span> <span class='ocrx_word' id='word_1_226' title='bbox 1904 3040 2027 3092; x_wconf 83' lang='lat' dir='ltr'><strong>per-</strong></span> 
     </span>
    </p>
   </div>
   <div class='ocr_carea' id='block_1_32' title="bbox 454 3103 2045 3180">
    <p class='ocr_par' dir='ltr' id='par_1_32' title="bbox 454 3103 2045 3180">
     <span class='ocr_line' id='line_1_32' title="bbox 454 3103 2045 3180; baseline 0.006 -24"><span class='ocrx_word' id='word_1_227' title='bbox 454 3103 637 3170; x_wconf 84' lang='lat' dir='ltr'><strong>mittit,</strong></span> <span class='ocrx_word' id='word_1_228' title='bbox 671 3115 727 3158; x_wconf 89' lang='lat' dir='ltr'><strong>ut</strong></span> <span class='ocrx_word' id='word_1_229' title='bbox 754 3105 1056 3174; x_wconf 86' lang='lat' dir='ltr'><strong>frequenter</strong></span> <span class='ocrx_word' id='word_1_230' title='bbox 1080 3106 1146 3159; x_wconf 89' lang='lat' dir='ltr'><strong>ad</strong></span> <span class='ocrx_word' id='word_1_231' title='bbox 1174 3120 1295 3161; x_wconf 89' lang='lat' dir='ltr'><strong>eum</strong></span> <span class='ocrx_word' id='word_1_232' title='bbox 1322 3106 1712 3179; x_wconf 75' lang='lat' dir='ltr'><strong>confugiamus,</strong></span> <span class='ocrx_word' id='word_1_233' title='bbox 1736 3117 1789 3164; x_wconf 89' lang='lat' dir='ltr'><strong>et</strong></span> <span class='ocrx_word' id='word_1_234' title='bbox 1816 3109 1892 3164; x_wconf 89' lang='lat' dir='ltr'><strong>sic</strong></span> <span class='ocrx_word' id='word_1_235' title='bbox 1921 3126 2045 3180; x_wconf 81' lang='lat' dir='ltr'><strong>per-</strong></span> 
     </span>
    </p>
   </div>
   <div class='ocr_carea' id='block_1_33' title="bbox 454 3194 2043 3271">
    <p class='ocr_par' dir='ltr' id='par_1_33' title="bbox 454 3194 2043 3271">
     <span class='ocr_line' id='line_1_33' title="bbox 454 3194 2043 3271; baseline 0.005 -23"><span class='ocrx_word' id='word_1_236' title='bbox 454 3207 781 3251; x_wconf 71' lang='lat' dir='ltr'><strong>sereremus.</strong></span> <span class='ocrx_word' id='word_1_237' title='bbox 812 3194 901 3250; x_wconf 90' lang='lat' dir='ltr'><strong>Sic</strong></span> <span class='ocrx_word' id='word_1_238' title='bbox 925 3212 1133 3267; x_wconf 88' lang='lat' dir='ltr'><strong>quoque</strong></span> <span class='ocrx_word' id='word_1_239' title='bbox 1159 3195 1358 3251; x_wconf 85' lang='lat' dir='ltr'><strong>faciunt</strong></span> <span class='ocrx_word' id='word_1_240' title='bbox 1382 3207 1555 3268; x_wconf 78' lang='lat' dir='ltr'><strong>patres</strong></span> <span class='ocrx_word' id='word_1_241' title='bbox 1575 3209 1629 3253; x_wconf 90' lang='lat' dir='ltr'><strong>et</strong></span> <span class='ocrx_word' id='word_1_242' title='bbox 1657 3210 1853 3256; x_wconf 85' lang='lat' dir='ltr'><strong>matres</strong></span> <span class='ocrx_word' id='word_1_243' title='bbox 1880 3203 2043 3271; x_wconf 90' lang='lat' dir='ltr'><strong>prolis</strong></span> 
     </span>
    </p>
   </div>
   <div class='ocr_carea' id='block_1_34' title="bbox 454 3288 2039 3359">
    <p class='ocr_par' dir='ltr' id='par_1_34' title="bbox 454 3288 2039 3359">
     <span class='ocr_line' id='line_1_34' title="bbox 454 3288 2039 3359; baseline 0.006 -21"><span class='ocrx_word' id='word_1_244' title='bbox 454 3293 725 3341; x_wconf 79' lang='lat' dir='ltr'><strong>amantes:</strong></span> <span class='ocrx_word' id='word_1_245' title='bbox 748 3301 869 3341; x_wconf 90' lang='lat' dir='ltr'><strong>cum</strong></span> <span class='ocrx_word' id='word_1_246' title='bbox 894 3288 1140 3356; x_wconf 89' lang='lat' dir='ltr'><strong>parvulos</strong></span> <span class='ocrx_word' id='word_1_247' title='bbox 1166 3302 1291 3344; x_wconf 88' lang='lat' dir='ltr'><strong>suos</strong></span> <span class='ocrx_word' id='word_1_248' title='bbox 1317 3288 1541 3343; x_wconf 90' lang='lat' dir='ltr'><strong>viderint</strong></span> <span class='ocrx_word' id='word_1_249' title='bbox 1568 3290 1636 3344; x_wconf 90' lang='lat' dir='ltr'><strong>ab</strong></span> <span class='ocrx_word' id='word_1_250' title='bbox 1660 3305 1718 3345; x_wconf 90' lang='lat' dir='ltr'><strong>se</strong></span> <span class='ocrx_word' id='word_1_251' title='bbox 1744 3291 2039 3359; x_wconf 88' lang='lat' dir='ltr'><strong>discedere,</strong></span> 
     </span>
    </p>
   </div>
   <div class='ocr_carea' id='block_1_35' title="bbox 458 3377 2038 3446">
    <p class='ocr_par' dir='ltr' id='par_1_35' title="bbox 458 3377 2038 3446">
     <span class='ocr_line' id='line_1_35' title="bbox 458 3377 2038 3446; baseline 0.006 -16"><span class='ocrx_word' id='word_1_252' title='bbox 458 3384 519 3430; x_wconf 90' lang='lat' dir='ltr'><strong>ut</strong></span> <span class='ocrx_word' id='word_1_253' title='bbox 539 3391 663 3431; x_wconf 89' lang='lat' dir='ltr'><strong>eum</strong></span> <span class='ocrx_word' id='word_1_254' title='bbox 689 3377 978 3446; x_wconf 62' lang='lat' dir='ltr'><strong>aequalibus</strong></span> <span class='ocrx_word' id='word_1_255' title='bbox 1004 3380 1115 3432; x_wconf 88' lang='lat' dir='ltr'><strong>suis</strong></span> <span class='ocrx_word' id='word_1_256' title='bbox 1142 3378 1356 3444; x_wconf 90' lang='lat' dir='ltr'><strong>ludant,</strong></span> <span class='ocrx_word' id='word_1_257' title='bbox 1385 3380 1436 3434; x_wconf 90' lang='lat' dir='ltr'><strong>id</strong></span> <span class='ocrx_word' id='word_1_258' title='bbox 1468 3391 1657 3436; x_wconf 91' lang='lat' dir='ltr'><strong>curant</strong></span> <span class='ocrx_word' id='word_1_259' title='bbox 1684 3392 1740 3436; x_wconf 93' lang='lat' dir='ltr'><strong>ut</strong></span> <span class='ocrx_word' id='word_1_260' title='bbox 1763 3382 2038 3439; x_wconf 85' lang='lat' dir='ltr'><strong>domestici</strong></span> 
     </span>
    </p>
   </div>
   <div class='ocr_carea' id='block_1_36' title="bbox 461 3467 2042 3544">
    <p class='ocr_par' dir='ltr' id='par_1_36' title="bbox 461 3467 2042 3544">
     <span class='ocr_line' id='line_1_36' title="bbox 461 3467 2042 3544; baseline 0.004 -24"><span class='ocrx_word' id='word_1_261' title='bbox 461 3467 712 3523; x_wconf 90' lang='lat' dir='ltr'><strong>terricula</strong></span> <span class='ocrx_word' id='word_1_262' title='bbox 750 3470 915 3522; x_wconf 89' lang='lat' dir='ltr'><strong>multa</strong></span> <span class='ocrx_word' id='word_1_263' title='bbox 964 3469 1234 3536; x_wconf 89' lang='lat' dir='ltr'><strong>simulent,</strong></span> <span class='ocrx_word' id='word_1_264' title='bbox 1282 3480 1342 3525; x_wconf 92' lang='lat' dir='ltr'><strong>ut</strong></span> <span class='ocrx_word' id='word_1_265' title='bbox 1389 3486 1498 3540; x_wconf 80' lang='lat' dir='ltr'><strong>prtn</strong></span> <span class='ocrx_word' id='word_1_266' title='bbox 1551 3472 1740 3526; x_wconf 88' lang='lat' dir='ltr'><strong>timore</strong></span> <span class='ocrx_word' id='word_1_267' title='bbox 1786 3484 2042 3544; x_wconf 85' lang='lat' dir='ltr'><strong>cogantur</strong></span> 
     </span>
    </p>
   </div>
   <div class='ocr_carea' id='block_1_37' title="bbox 453 3560 2041 3633">
    <p class='ocr_par' dir='ltr' id='par_1_37' title="bbox 453 3560 2041 3633">
     <span class='ocr_line' id='line_1_37' title="bbox 453 3560 2041 3633; baseline 0.004 -19"><span class='ocrx_word' id='word_1_268' title='bbox 453 3561 661 3629; x_wconf 90' lang='lat' dir='ltr'><strong>pueruli</strong></span> <span class='ocrx_word' id='word_1_269' title='bbox 700 3560 766 3615; x_wconf 89' lang='lat' dir='ltr'><strong>ad</strong></span> <span class='ocrx_word' id='word_1_270' title='bbox 804 3572 1102 3617; x_wconf 89' lang='lat' dir='ltr'><strong>maternum</strong></span> <span class='ocrx_word' id='word_1_271' title='bbox 1145 3562 1319 3617; x_wconf 90' lang='lat' dir='ltr'><strong>sinum</strong></span> <span class='ocrx_word' id='word_1_272' title='bbox 1346 3564 1652 3633; x_wconf 85' lang='lat' dir='ltr'><strong>confugere.</strong></span> <span class='ocrx_word' id='word_1_273' title='bbox 1698 3565 1788 3621; x_wconf 91' lang='lat' dir='ltr'><strong>Sic</strong></span> <span class='ocrx_word' id='word_1_274' title='bbox 1821 3576 1876 3620; x_wconf 92' lang='lat' dir='ltr'><strong>et</strong></span> <span class='ocrx_word' id='word_1_275' title='bbox 1902 3566 2041 3621; x_wconf 90' lang='lat' dir='ltr'><strong>Deus</strong></span> 
     </span>
    </p>
   </div>
   <div class='ocr_carea' id='block_1_38' title="bbox 453 3653 2039 3727">
    <p class='ocr_par' dir='ltr' id='par_1_38' title="bbox 453 3653 2039 3727">
     <span class='ocr_line' id='line_1_38' title="bbox 453 3653 2039 3727; baseline 0.002 -17"><span class='ocrx_word' id='word_1_276' title='bbox 453 3667 597 3722; x_wconf 80' lang='lat' dir='ltr'><strong>saepe</strong></span> <span class='ocrx_word' id='word_1_277' title='bbox 623 3653 795 3707; x_wconf 90' lang='lat' dir='ltr'><strong>minas</strong></span> <span class='ocrx_word' id='word_1_278' title='bbox 824 3653 1066 3719; x_wconf 86' lang='lat' dir='ltr'><strong>intentat,</strong></span> <span class='ocrx_word' id='word_1_279' title='bbox 1100 3670 1204 3709; x_wconf 91' lang='lat' dir='ltr'><strong>non</strong></span> <span class='ocrx_word' id='word_1_280' title='bbox 1250 3664 1307 3709; x_wconf 93' lang='lat' dir='ltr'><strong>ut</strong></span> <span class='ocrx_word' id='word_1_281' title='bbox 1348 3656 1485 3709; x_wconf 90' lang='lat' dir='ltr'><strong>mala</strong></span> <span class='ocrx_word' id='word_1_282' title='bbox 1514 3656 1736 3727; x_wconf 86' lang='lat' dir='ltr'><strong>inlligat,</strong></span> <span class='ocrx_word' id='word_1_283' title='bbox 1768 3657 1862 3713; x_wconf 88' lang='lat' dir='ltr'><strong>sed</strong></span> <span class='ocrx_word' id='word_1_284' title='bbox 1894 3667 1950 3711; x_wconf 91' lang='lat' dir='ltr'><strong>ut</strong></span> <span class='ocrx_word' id='word_1_285' title='bbox 1972 3658 2039 3713; x_wconf 91' lang='lat' dir='ltr'><strong>ad</strong></span> 
     </span>
    </p>
   </div>
   <div class='ocr_carea' id='block_1_39' title="bbox 452 3742 2037 3819">
    <p class='ocr_par' dir='ltr' id='par_1_39' title="bbox 452 3742 2037 3819">
     <span class='ocr_line' id='line_1_39' title="bbox 452 3742 2037 3819; baseline 0.003 -20"><span class='ocrx_word' id='word_1_286' title='bbox 452 3756 513 3800; x_wconf 78' lang='lat' dir='ltr'><strong>se</strong></span> <span class='ocrx_word' id='word_1_287' title='bbox 540 3742 828 3811; x_wconf 86' lang='lat' dir='ltr'><strong>pertrahat.</strong></span> <span class='ocrx_word' id='word_1_288' title='bbox 855 3743 987 3798; x_wconf 91' lang='lat' dir='ltr'><strong>Cum</strong></span> <span class='ocrx_word' id='word_1_289' title='bbox 1010 3755 1185 3800; x_wconf 90' lang='lat' dir='ltr'><strong>autem</strong></span> <span class='ocrx_word' id='word_1_290' title='bbox 1214 3745 1280 3800; x_wconf 90' lang='lat' dir='ltr'><strong>ad</strong></span> <span class='ocrx_word' id='word_1_291' title='bbox 1309 3746 1454 3800; x_wconf 91' lang='lat' dir='ltr'><strong>illum</strong></span> <span class='ocrx_word' id='word_1_292' title='bbox 1480 3748 1836 3819; x_wconf 81' lang='lat' dir='ltr'><strong>confugimus,</strong></span> <span class='ocrx_word' id='word_1_293' title='bbox 1858 3750 2037 3804; x_wconf 90' lang='lat' dir='ltr'><strong>statim</strong></span> 
     </span>
    </p>
   </div>
   <div class='ocr_carea' id='block_1_40' title="bbox 453 3822 2034 3905">
    <p class='ocr_par' dir='ltr' id='par_1_40' title="bbox 453 3822 2034 3905">
     <span class='ocr_line' id='line_1_40' title="bbox 453 3822 2034 3905; baseline 0.006 -21"><span class='ocrx_word' id='word_1_294' title='bbox 453 3841 651 3887; x_wconf 88' lang='lat' dir='ltr'><strong>metum</strong></span> <span class='ocrx_word' id='word_1_295' title='bbox 682 3835 841 3888; x_wconf 91' lang='lat' dir='ltr'><strong>solvit</strong></span> <span class='ocrx_word' id='word_1_296' title='bbox 863 3852 877 3888; x_wconf 89' lang='lat'><strong>:</strong></span> <span class='ocrx_word' id='word_1_297' title='bbox 899 3835 1040 3905; x_wconf 90' lang='lat' dir='ltr'><strong>quod</strong></span> <span class='ocrx_word' id='word_1_298' title='bbox 1064 3836 1108 3890; x_wconf 92' lang='lat' dir='ltr'><strong>si</strong></span> <span class='ocrx_word' id='word_1_299' title='bbox 1137 3836 1268 3890; x_wconf 88' lang='lat' dir='ltr'><strong>tales</strong></span> <span class='ocrx_word' id='word_1_300' title='bbox 1294 3850 1535 3889; x_wconf 87' lang='lat' dir='ltr'><strong>essemus</strong></span> <span class='ocrx_word' id='word_1_301' title='bbox 1560 3836 1612 3889; x_wconf 92' lang='lat' dir='ltr'><strong>in</strong></span> <span class='ocrx_word' id='word_1_302' title='bbox 1636 3822 2034 3903; x_wconf 86' lang='lat' dir='ltr'><strong>tentationibus.</strong></span> 
     </span>
    </p>
   </div>
   <div class='ocr_carea' id='block_1_41' title="bbox 454 3925 2039 3998">
    <p class='ocr_par' dir='ltr' id='par_1_41' title="bbox 454 3925 2039 3998">
     <span class='ocr_line' id='line_1_41' title="bbox 454 3925 2039 3998; baseline 0.004 -19"><span class='ocrx_word' id='word_1_303' title='bbox 454 3925 640 3996; x_wconf 83' lang='lat' dir='ltr'><strong>quales</strong></span> <span class='ocrx_word' id='word_1_304' title='bbox 660 3926 715 3980; x_wconf 91' lang='lat' dir='ltr'><strong>in</strong></span> <span class='ocrx_word' id='word_1_305' title='bbox 746 3927 1143 3995; x_wconf 87' lang='lat' dir='ltr'><strong>tranquillitate,</strong></span> <span class='ocrx_word' id='word_1_306' title='bbox 1175 3940 1282 3982; x_wconf 90' lang='lat' dir='ltr'><strong>non</strong></span> <span class='ocrx_word' id='word_1_307' title='bbox 1310 3940 1589 3998; x_wconf 87' lang='lat' dir='ltr'><strong>egeremus</strong></span> <span class='ocrx_word' id='word_1_308' title='bbox 1615 3928 2039 3985; x_wconf 86' lang='lat' dir='ltr'><strong>tentatioue.Ec-</strong></span> 
     </span>
    </p>
   </div>
   <div class='ocr_carea' id='block_1_42' title="bbox 1212 255 3009 319">
    <p class='ocr_par' dir='ltr' id='par_1_42' title="bbox 1212 255 3009 319">
     <span class='ocr_line' id='line_1_42' title="bbox 1212 255 3009 319; baseline 0 -2"><span class='ocrx_word' id='word_1_309' title='bbox 1212 270 1269 317; x_wconf 73' lang='grc' dir='ltr'><strong>δ.</strong></span> <span class='ocrx_word' id='word_1_310' title='bbox 1307 260 1581 319; x_wconf 75' lang='lat' dir='ltr'><strong>JOANNIS</strong></span> <span class='ocrx_word' id='word_1_311' title='bbox 1614 255 2080 316; x_wconf 73' lang='lat' dir='ltr'><strong>CHRYSOSTOMI</strong></span> <span class='ocrx_word' id='word_1_312' title='bbox 2120 256 2438 314; x_wconf 80' lang='lat' dir='ltr'><strong>ARCIIIEP.</strong></span> <span class='ocrx_word' id='word_1_313' title='bbox 2477 257 3009 317; x_wconf 74' lang='lat' dir='ltr'><strong>CONSTANTINOP.</strong></span> 
     </span>
    </p>
   </div>
   <div class='ocr_carea' id='block_1_43' title="bbox 3613 268 3716 325">
    <p class='ocr_par' dir='ltr' id='par_1_43' title="bbox 3613 268 3716 325">
     <span class='ocr_line' id='line_1_43' title="bbox 3613 268 3716 325; baseline -0.01 -1"><span class='ocrx_word' id='word_1_314' title='bbox 3613 268 3716 325; x_wconf 76' lang='lat'><strong>192</strong></span> 
     </span>
    </p>
   </div>
   <div class='ocr_carea' id='block_1_44' title="bbox 2132 357 3721 432">
    <p class='ocr_par' dir='ltr' id='par_1_44' title="bbox 2132 357 3721 432">
     <span class='ocr_line' id='line_1_44' title="bbox 2132 357 3721 432; baseline 0.004 -23"><span class='ocrx_word' id='word_1_315' title='bbox 2132 357 2259 427; x_wconf 89' lang='lat' dir='ltr'><strong>quid</strong></span> <span class='ocrx_word' id='word_1_316' title='bbox 2289 359 2356 413; x_wconf 91' lang='lat' dir='ltr'><strong>de</strong></span> <span class='ocrx_word' id='word_1_317' title='bbox 2381 357 2533 414; x_wconf 91' lang='lat' dir='ltr'><strong>nobis</strong></span> <span class='ocrx_word' id='word_1_318' title='bbox 2559 358 2749 429; x_wconf 88' lang='lat' dir='ltr'><strong>loquor</strong></span> <span class='ocrx_word' id='word_1_319' title='bbox 2779 359 2831 412; x_wconf 81' lang='lat'><strong>&#39;?</strong></span> <span class='ocrx_word' id='word_1_320' title='bbox 2850 358 2984 413; x_wconf 87' lang='lat' dir='ltr'><strong>Nam</strong></span> <span class='ocrx_word' id='word_1_321' title='bbox 3011 358 3210 414; x_wconf 84' lang='lat' dir='ltr'><strong>sanctis</strong></span> <span class='ocrx_word' id='word_1_322' title='bbox 3235 375 3447 432; x_wconf 90' lang='lat' dir='ltr'><strong>quoque</strong></span> <span class='ocrx_word' id='word_1_323' title='bbox 3476 362 3581 418; x_wconf 90' lang='lat' dir='ltr'><strong>illis</strong></span> <span class='ocrx_word' id='word_1_324' title='bbox 3612 380 3721 417; x_wconf 51' lang='lat' dir='ltr'><strong>mm</strong></span> 
     </span>
    </p>
   </div>
   <div class='ocr_carea' id='block_1_45' title="bbox 2133 448 3725 519">
    <p class='ocr_par' dir='ltr' id='par_1_45' title="bbox 2133 448 3725 519">
     <span class='ocr_line' id='line_1_45' title="bbox 2133 448 3725 519; baseline 0.004 -17"><span class='ocrx_word' id='word_1_325' title='bbox 2133 464 2235 519; x_wconf 89' lang='lat' dir='ltr'><strong>gna</strong></span> <span class='ocrx_word' id='word_1_326' title='bbox 2265 448 2387 504; x_wconf 91' lang='lat' dir='ltr'><strong>hinc</strong></span> <span class='ocrx_word' id='word_1_327' title='bbox 2414 450 2757 519; x_wconf 83' lang='lat' dir='ltr'><strong>proveniebat</strong></span> <span class='ocrx_word' id='word_1_328' title='bbox 2785 452 3151 519; x_wconf 78' lang='lat' dir='ltr'><strong>temperantize</strong></span> <span class='ocrx_word' id='word_1_329' title='bbox 3180 453 3411 508; x_wconf 89' lang='lat' dir='ltr'><strong>occasio.</strong></span> <span class='ocrx_word' id='word_1_330' title='bbox 3445 452 3569 508; x_wconf 88' lang='lat' dir='ltr'><strong>Ideo</strong></span> <span class='ocrx_word' id='word_1_331' title='bbox 3599 454 3725 509; x_wconf 86' lang='lat' dir='ltr'><strong>dicit</strong></span> 
     </span>
    </p>
   </div>
   <div class='ocr_carea' id='block_1_46' title="bbox 2136 538 3720 613">
    <p class='ocr_par' dir='ltr' id='par_1_46' title="bbox 2136 538 3720 613">
     <span class='ocr_line' id='line_1_46' title="bbox 2136 538 3720 613; baseline 0.005 -21"><span class='ocrx_word' id='word_1_332' title='bbox 2136 539 2395 609; x_wconf 80' lang='lat' dir='ltr'><strong>propheta</strong></span> <span class='ocrx_word' id='word_1_333' title='bbox 2423 556 2437 593; x_wconf 91' lang='lat'><strong>:</strong></span> <span class='ocrx_word' id='word_1_334' title='bbox 2466 538 2667 593; x_wconf 86' lang='lat' dir='ltr'><strong>Bonum</strong></span> <span class='ocrx_word' id='word_1_335' title='bbox 2688 539 2811 593; x_wconf 85' lang='lat' dir='ltr'><strong>mihi</strong></span> <span class='ocrx_word' id='word_1_336' title='bbox 2836 542 2954 611; x_wconf 87' lang='lat' dir='ltr'><strong>quia</strong></span> <span class='ocrx_word' id='word_1_337' title='bbox 2981 541 3261 596; x_wconf 82' lang='lat' dir='ltr'><strong>humiliasti</strong></span> <span class='ocrx_word' id='word_1_338' title='bbox 3290 559 3369 597; x_wconf 88' lang='lat' dir='ltr'><strong>me</strong></span> <span class='ocrx_word' id='word_1_339' title='bbox 3396 542 3569 613; x_wconf 71' lang='lat' dir='ltr'><strong>(Psal.</strong></span> <span class='ocrx_word' id='word_1_340' title='bbox 3596 546 3720 600; x_wconf 85' lang='grc'><strong>118.</strong></span> 
     </span>
    </p>
   </div>
   <div class='ocr_carea' id='block_1_47' title="bbox 2138 631 3725 702">
    <p class='ocr_par' dir='ltr' id='par_1_47' title="bbox 2138 631 3725 702">
     <span class='ocr_line' id='line_1_47' title="bbox 2138 631 3725 702; baseline 0.002 -17"><span class='ocrx_word' id='word_1_341' title='bbox 2138 631 2250 702; x_wconf 87' lang='grc'><strong>71).</strong></span> <span class='ocrx_word' id='word_1_342' title='bbox 2289 631 2515 701; x_wconf 85' lang='lat' dir='ltr'><strong>Ipseque</strong></span> <span class='ocrx_word' id='word_1_343' title='bbox 2546 631 2798 701; x_wconf 85' lang='lat' dir='ltr'><strong>apostolis</strong></span> <span class='ocrx_word' id='word_1_344' title='bbox 2826 631 3038 687; x_wconf 91' lang='lat' dir='ltr'><strong>dicebat</strong></span> <span class='ocrx_word' id='word_1_345' title='bbox 3064 650 3077 686; x_wconf 89' lang='lat'><strong>:</strong></span> <span class='ocrx_word' id='word_1_346' title='bbox 3107 631 3176 686; x_wconf 89' lang='lat' dir='ltr'><strong>In</strong></span> <span class='ocrx_word' id='word_1_347' title='bbox 3203 634 3392 687; x_wconf 87' lang='lat' dir='ltr'><strong>mundo</strong></span> <span class='ocrx_word' id='word_1_348' title='bbox 3437 636 3725 690; x_wconf 81' lang='lat' dir='ltr'><strong>tribulatio-</strong></span> 
     </span>
    </p>
   </div>
   <div class='ocr_carea' id='block_1_48' title="bbox 2137 723 3728 795">
    <p class='ocr_par' dir='ltr' id='par_1_48' title="bbox 2137 723 3728 795">
     <span class='ocr_line' id='line_1_48' title="bbox 2137 723 3728 795; baseline 0.004 -18"><span class='ocrx_word' id='word_1_349' title='bbox 2137 740 2252 778; x_wconf 85' lang='lat' dir='ltr'><strong>nem</strong></span> <span class='ocrx_word' id='word_1_350' title='bbox 2277 723 2518 779; x_wconf 77' lang='lat' dir='ltr'><strong>habebitis</strong></span> <span class='ocrx_word' id='word_1_351' title='bbox 2548 723 2726 794; x_wconf 86' lang='lat' dir='ltr'><strong>(Joan.</strong></span> <span class='ocrx_word' id='word_1_352' title='bbox 2754 724 2839 779; x_wconf 83' lang='grc'><strong>16.</strong></span> <span class='ocrx_word' id='word_1_353' title='bbox 2865 724 2977 794; x_wconf 81' lang='lat'><strong>35).</strong></span> <span class='ocrx_word' id='word_1_354' title='bbox 3008 724 3118 780; x_wconf 86' lang='lat' dir='ltr'><strong>Hoc</strong></span> <span class='ocrx_word' id='word_1_355' title='bbox 3139 740 3297 795; x_wconf 91' lang='lat' dir='ltr'><strong>porro</strong></span> <span class='ocrx_word' id='word_1_356' title='bbox 3324 726 3517 783; x_wconf 86' lang='lat' dir='ltr'><strong>Paulus</strong></span> <span class='ocrx_word' id='word_1_357' title='bbox 3539 729 3728 784; x_wconf 86' lang='lat' dir='ltr'><strong>subin-</strong></span> 
     </span>
    </p>
   </div>
   <div class='ocr_carea' id='block_1_49' title="bbox 2140 815 3728 892">
    <p class='ocr_par' dir='ltr' id='par_1_49' title="bbox 2140 815 3728 892">
     <span class='ocr_line' id='line_1_49' title="bbox 2140 815 3728 892; baseline 0.004 -23"><span class='ocrx_word' id='word_1_358' title='bbox 2140 815 2312 883; x_wconf 87' lang='lat' dir='ltr'><strong>dicat,</strong></span> <span class='ocrx_word' id='word_1_359' title='bbox 2343 831 2464 871; x_wconf 89' lang='lat' dir='ltr'><strong>cum</strong></span> <span class='ocrx_word' id='word_1_360' title='bbox 2492 817 2567 871; x_wconf 87' lang='lat' dir='ltr'><strong>ait</strong></span> <span class='ocrx_word' id='word_1_361' title='bbox 2595 834 2608 870; x_wconf 93' lang='lat'><strong>:</strong></span> <span class='ocrx_word' id='word_1_362' title='bbox 2641 815 2806 871; x_wconf 82' lang='lat' dir='ltr'><strong>Datus</strong></span> <span class='ocrx_word' id='word_1_363' title='bbox 2834 826 2905 871; x_wconf 84' lang='lat' dir='ltr'><strong>est</strong></span> <span class='ocrx_word' id='word_1_364' title='bbox 2935 818 3059 870; x_wconf 80' lang='lat' dir='ltr'><strong>milii</strong></span> <span class='ocrx_word' id='word_1_365' title='bbox 3086 819 3319 873; x_wconf 88' lang='lat' dir='ltr'><strong>stimulus</strong></span> <span class='ocrx_word' id='word_1_366' title='bbox 3348 821 3535 882; x_wconf 84' lang='lat' dir='ltr'><strong>carnis,</strong></span> <span class='ocrx_word' id='word_1_367' title='bbox 3564 837 3728 892; x_wconf 87' lang='lat' dir='ltr'><strong>ange-</strong></span> 
     </span>
    </p>
   </div>
   <div class='ocr_carea' id='block_1_50' title="bbox 2140 908 3731 982">
    <p class='ocr_par' dir='ltr' id='par_1_50' title="bbox 2140 908 3731 982">
     <span class='ocr_line' id='line_1_50' title="bbox 2140 908 3731 982; baseline 0.004 -20"><span class='ocrx_word' id='word_1_368' title='bbox 2140 908 2218 964; x_wconf 83' lang='lat' dir='ltr'><strong>lus</strong></span> <span class='ocrx_word' id='word_1_369' title='bbox 2264 918 2477 975; x_wconf 65' lang='lat' dir='ltr'><strong>satanas,</strong></span> <span class='ocrx_word' id='word_1_370' title='bbox 2522 910 2606 979; x_wconf 86' lang='lat' dir='ltr'><strong>qui</strong></span> <span class='ocrx_word' id='word_1_371' title='bbox 2649 926 2727 963; x_wconf 93' lang='lat' dir='ltr'><strong>me</strong></span> <span class='ocrx_word' id='word_1_372' title='bbox 2767 909 3047 979; x_wconf 74' lang='lat' dir='ltr'><strong>colaphiset</strong></span> <span class='ocrx_word' id='word_1_373' title='bbox 3077 910 3154 980; x_wconf 92' lang='lat'><strong>(2.</strong></span> <span class='ocrx_word' id='word_1_374' title='bbox 3200 910 3317 964; x_wconf 86' lang='lat' dir='ltr'><strong>Cor.</strong></span> <span class='ocrx_word' id='word_1_375' title='bbox 3362 910 3448 965; x_wconf 73' lang='lat' dir='ltr'><strong>l2.</strong></span> <span class='ocrx_word' id='word_1_376' title='bbox 3483 912 3558 982; x_wconf 87' lang='lat'><strong>7).</strong></span> <span class='ocrx_word' id='word_1_377' title='bbox 3602 912 3731 967; x_wconf 87' lang='lat' dir='ltr'><strong>Ideo</strong></span> 
     </span>
    </p>
   </div>
   <div class='ocr_carea' id='block_1_51' title="bbox 2138 1001 3732 1072">
    <p class='ocr_par' dir='ltr' id='par_1_51' title="bbox 2138 1001 3732 1072">
     <span class='ocr_line' id='line_1_51' title="bbox 2138 1001 3732 1072; baseline 0.001 -16"><span class='ocrx_word' id='word_1_378' title='bbox 2138 1012 2389 1071; x_wconf 87' lang='lat' dir='ltr'><strong>precatus</strong></span> <span class='ocrx_word' id='word_1_379' title='bbox 2418 1011 2475 1055; x_wconf 90' lang='lat' dir='ltr'><strong>nt</strong></span> <span class='ocrx_word' id='word_1_380' title='bbox 2501 1018 2531 1056; x_wconf 88' lang='lat' dir='ltr'><strong>a</strong></span> <span class='ocrx_word' id='word_1_381' title='bbox 2562 1002 2854 1057; x_wconf 89' lang='lat' dir='ltr'><strong>tentatione</strong></span> <span class='ocrx_word' id='word_1_382' title='bbox 2882 1002 3218 1067; x_wconf 83' lang='lat' dir='ltr'><strong>liberaretur,</strong></span> <span class='ocrx_word' id='word_1_383' title='bbox 3248 1001 3302 1055; x_wconf 91' lang='lat' dir='ltr'><strong>id</strong></span> <span class='ocrx_word' id='word_1_384' title='bbox 3333 1016 3438 1057; x_wconf 92' lang='lat' dir='ltr'><strong>non</strong></span> <span class='ocrx_word' id='word_1_385' title='bbox 3468 1002 3732 1072; x_wconf 82' lang='lat' dir='ltr'><strong>impetra-</strong></span> 
     </span>
    </p>
   </div>
   <div class='ocr_carea' id='block_1_52' title="bbox 2136 1095 3732 1165">
    <p class='ocr_par' dir='ltr' id='par_1_52' title="bbox 2136 1095 3732 1165">
     <span class='ocr_line' id='line_1_52' title="bbox 2136 1095 3732 1165; baseline 0.003 -17"><span class='ocrx_word' id='word_1_386' title='bbox 2136 1096 2233 1159; x_wconf 89' lang='lat' dir='ltr'><strong>vit,</strong></span> <span class='ocrx_word' id='word_1_387' title='bbox 2262 1096 2385 1164; x_wconf 86' lang='lat' dir='ltr'><strong>quia</strong></span> <span class='ocrx_word' id='word_1_388' title='bbox 2427 1095 2552 1150; x_wconf 89' lang='lat' dir='ltr'><strong>inde</strong></span> <span class='ocrx_word' id='word_1_389' title='bbox 2581 1110 2827 1165; x_wconf 82' lang='lat' dir='ltr'><strong>magnam</strong></span> <span class='ocrx_word' id='word_1_390' title='bbox 2870 1096 3124 1165; x_wconf 86' lang='lat' dir='ltr'><strong>carpebat</strong></span> <span class='ocrx_word' id='word_1_391' title='bbox 3153 1097 3457 1152; x_wconf 75' lang='lat' dir='ltr'><strong>utilitatem.</strong></span> <span class='ocrx_word' id='word_1_392' title='bbox 3486 1096 3542 1153; x_wconf 92' lang='lat' dir='ltr'><strong>Si</strong></span> <span class='ocrx_word' id='word_1_393' title='bbox 3597 1115 3732 1154; x_wconf 84' lang='lat' dir='ltr'><strong>vero</strong></span> 
     </span>
    </p>
   </div>
   <div class='ocr_carea' id='block_1_53' title="bbox 2138 1186 3730 1261">
    <p class='ocr_par' dir='ltr' id='par_1_53' title="bbox 2138 1186 3730 1261">
     <span class='ocr_line' id='line_1_53' title="bbox 2138 1186 3730 1261; baseline 0.004 -23"><span class='ocrx_word' id='word_1_394' title='bbox 2138 1194 2302 1261; x_wconf 87' lang='lat' dir='ltr'><strong>totam</strong></span> <span class='ocrx_word' id='word_1_395' title='bbox 2349 1186 2560 1240; x_wconf 88' lang='lat' dir='ltr'><strong>Davidis</strong></span> <span class='ocrx_word' id='word_1_396' title='bbox 2605 1187 2765 1239; x_wconf 88' lang='lat' dir='ltr'><strong>vitam</strong></span> <span class='ocrx_word' id='word_1_397' title='bbox 2816 1186 3174 1256; x_wconf 78' lang='lat' dir='ltr'><strong>exploremus,</strong></span> <span class='ocrx_word' id='word_1_398' title='bbox 3216 1188 3549 1245; x_wconf 89' lang='lat' dir='ltr'><strong>inveniemus</strong></span> <span class='ocrx_word' id='word_1_399' title='bbox 3577 1191 3730 1245; x_wconf 87' lang='lat' dir='ltr'><strong>illum</strong></span> 
     </span>
    </p>
   </div>
   <div class='ocr_carea' id='block_1_54' title="bbox 2138 1275 3732 1347">
    <p class='ocr_par' dir='ltr' id='par_1_54' title="bbox 2138 1275 3732 1347">
     <span class='ocr_line' id='line_1_54' title="bbox 2138 1275 3732 1347; baseline 0.005 -18"><span class='ocrx_word' id='word_1_400' title='bbox 2138 1275 2277 1331; x_wconf 89' lang='lat' dir='ltr'><strong>inter</strong></span> <span class='ocrx_word' id='word_1_401' title='bbox 2325 1276 2559 1346; x_wconf 90' lang='lat' dir='ltr'><strong>pericula</strong></span> <span class='ocrx_word' id='word_1_402' title='bbox 2605 1276 2907 1341; x_wconf 90' lang='lat' dir='ltr'><strong>clariorem,</strong></span> <span class='ocrx_word' id='word_1_403' title='bbox 2950 1293 3124 1347; x_wconf 89' lang='lat' dir='ltr'><strong>neque</strong></span> <span class='ocrx_word' id='word_1_404' title='bbox 3164 1279 3311 1333; x_wconf 87' lang='lat' dir='ltr'><strong>illum</strong></span> <span class='ocrx_word' id='word_1_405' title='bbox 3356 1288 3583 1347; x_wconf 90' lang='lat' dir='ltr'><strong>tantum,</strong></span> <span class='ocrx_word' id='word_1_406' title='bbox 3628 1282 3732 1338; x_wconf 89' lang='lat' dir='ltr'><strong>sed</strong></span> 
     </span>
    </p>
   </div>
   <div class='ocr_carea' id='block_1_55' title="bbox 2136 1367 3734 1442">
    <p class='ocr_par' dir='ltr' id='par_1_55' title="bbox 2136 1367 3734 1442">
     <span class='ocr_line' id='line_1_55' title="bbox 2136 1367 3734 1442; baseline 0.005 -22"><span class='ocrx_word' id='word_1_407' title='bbox 2136 1367 2295 1422; x_wconf 87' lang='lat' dir='ltr'><strong>etiam</strong></span> <span class='ocrx_word' id='word_1_408' title='bbox 2322 1367 2456 1422; x_wconf 90' lang='lat' dir='ltr'><strong>alios</strong></span> <span class='ocrx_word' id='word_1_409' title='bbox 2479 1382 2667 1421; x_wconf 89' lang='lat' dir='ltr'><strong>omnes</strong></span> <span class='ocrx_word' id='word_1_410' title='bbox 2693 1367 2792 1437; x_wconf 90' lang='lat' dir='ltr'><strong>ipsi</strong></span> <span class='ocrx_word' id='word_1_411' title='bbox 2816 1368 3039 1423; x_wconf 90' lang='lat' dir='ltr'><strong>similes.</strong></span> <span class='ocrx_word' id='word_1_412' title='bbox 3076 1369 3284 1424; x_wconf 87' lang='lat' dir='ltr'><strong>Etenim</strong></span> <span class='ocrx_word' id='word_1_413' title='bbox 3314 1369 3416 1426; x_wconf 87' lang='lat' dir='ltr'><strong>Job</strong></span> <span class='ocrx_word' id='word_1_414' title='bbox 3445 1370 3548 1427; x_wconf 91' lang='lat' dir='ltr'><strong>hoc</strong></span> <span class='ocrx_word' id='word_1_415' title='bbox 3572 1383 3734 1442; x_wconf 85' lang='lat' dir='ltr'><strong>pacto</strong></span> 
     </span>
    </p>
   </div>
   <div class='ocr_carea' id='block_1_56' title="bbox 2138 1455 3730 1530">
    <p class='ocr_par' dir='ltr' id='par_1_56' title="bbox 2138 1455 3730 1530">
     <span class='ocr_line' id='line_1_56' title="bbox 2138 1455 3730 1530; baseline 0.006 -21"><span class='ocrx_word' id='word_1_416' title='bbox 2138 1457 2305 1525; x_wconf 87' lang='lat' dir='ltr'><strong>magis</strong></span> <span class='ocrx_word' id='word_1_417' title='bbox 2347 1455 2574 1521; x_wconf 89' lang='lat' dir='ltr'><strong>refulsit,</strong></span> <span class='ocrx_word' id='word_1_418' title='bbox 2613 1456 2815 1527; x_wconf 83' lang='lat' dir='ltr'><strong>Josepb</strong></span> <span class='ocrx_word' id='word_1_419' title='bbox 2843 1458 2921 1512; x_wconf 89' lang='lat' dir='ltr'><strong>sic</strong></span> <span class='ocrx_word' id='word_1_420' title='bbox 2964 1458 3132 1529; x_wconf 87' lang='lat' dir='ltr'><strong>magis</strong></span> <span class='ocrx_word' id='word_1_421' title='bbox 3170 1461 3445 1530; x_wconf 79' lang='lat' dir='ltr'><strong>magisque</strong></span> <span class='ocrx_word' id='word_1_422' title='bbox 3481 1462 3681 1517; x_wconf 85' lang='lat' dir='ltr'><strong>claruit</strong></span> <span class='ocrx_word' id='word_1_423' title='bbox 3713 1480 3730 1518; x_wconf 87' lang='lat'><strong>:</strong></span> 
     </span>
    </p>
   </div>
   <div class='ocr_carea' id='block_1_57' title="bbox 2136 1545 3738 1623">
    <p class='ocr_par' dir='ltr' id='par_1_57' title="bbox 2136 1545 3738 1623">
     <span class='ocr_line' id='line_1_57' title="bbox 2136 1545 3738 1623; baseline 0.003 -19"><span class='ocrx_word' id='word_1_424' title='bbox 2136 1546 2302 1604; x_wconf 81' lang='lat' dir='ltr'><strong>Jacob</strong></span> <span class='ocrx_word' id='word_1_425' title='bbox 2332 1545 2458 1604; x_wconf 87' lang='lat' dir='ltr'><strong>item</strong></span> <span class='ocrx_word' id='word_1_426' title='bbox 2489 1558 2544 1604; x_wconf 88' lang='lat' dir='ltr'><strong>et</strong></span> <span class='ocrx_word' id='word_1_427' title='bbox 2564 1558 2715 1618; x_wconf 89' lang='lat' dir='ltr'><strong>pater</strong></span> <span class='ocrx_word' id='word_1_428' title='bbox 2745 1549 2937 1619; x_wconf 90' lang='lat' dir='ltr'><strong>ipsius,</strong></span> <span class='ocrx_word' id='word_1_429' title='bbox 2975 1559 3029 1605; x_wconf 91' lang='lat' dir='ltr'><strong>et</strong></span> <span class='ocrx_word' id='word_1_430' title='bbox 3054 1565 3205 1617; x_wconf 81' lang='lat' dir='ltr'><strong>avus,</strong></span> <span class='ocrx_word' id='word_1_431' title='bbox 3232 1562 3288 1607; x_wconf 90' lang='lat' dir='ltr'><strong>et</strong></span> <span class='ocrx_word' id='word_1_432' title='bbox 3312 1561 3573 1623; x_wconf 88' lang='lat' dir='ltr'><strong>quotquot</strong></span> <span class='ocrx_word' id='word_1_433' title='bbox 3598 1568 3738 1610; x_wconf 91' lang='lat' dir='ltr'><strong>con-</strong></span> 
     </span>
    </p>
   </div>
   <div class='ocr_carea' id='block_1_58' title="bbox 2137 1639 3739 1712">
    <p class='ocr_par' dir='ltr' id='par_1_58' title="bbox 2137 1639 3739 1712">
     <span class='ocr_line' id='line_1_58' title="bbox 2137 1639 3739 1712; baseline 0.006 -18"><span class='ocrx_word' id='word_1_434' title='bbox 2137 1639 2305 1709; x_wconf 90' lang='lat' dir='ltr'><strong>spicui</strong></span> <span class='ocrx_word' id='word_1_435' title='bbox 2346 1639 2580 1707; x_wconf 88' lang='lat' dir='ltr'><strong>fuerunt,</strong></span> <span class='ocrx_word' id='word_1_436' title='bbox 2626 1640 3186 1712; x_wconf 89' lang='lat' dir='ltr'><strong>splendidioribusque</strong></span> <span class='ocrx_word' id='word_1_437' title='bbox 3221 1645 3435 1700; x_wconf 90' lang='lat' dir='ltr'><strong>coronis</strong></span> <span class='ocrx_word' id='word_1_438' title='bbox 3472 1655 3598 1700; x_wconf 89' lang='lat' dir='ltr'><strong>sunt</strong></span> <span class='ocrx_word' id='word_1_439' title='bbox 3637 1662 3739 1703; x_wconf 84' lang='lat' dir='ltr'><strong>or-</strong></span> 
     </span>
    </p>
   </div>
   <div class='ocr_carea' id='block_1_59' title="bbox 2139 1732 3739 1805">
    <p class='ocr_par' dir='ltr' id='par_1_59' title="bbox 2139 1732 3739 1805">
     <span class='ocr_line' id='line_1_59' title="bbox 2139 1732 3739 1805; baseline 0.006 -19"><span class='ocrx_word' id='word_1_440' title='bbox 2139 1732 2271 1798; x_wconf 89' lang='lat' dir='ltr'><strong>nati,</strong></span> <span class='ocrx_word' id='word_1_441' title='bbox 2301 1749 2367 1787; x_wconf 82' lang='lat' dir='ltr'><strong>ex</strong></span> <span class='ocrx_word' id='word_1_442' title='bbox 2407 1734 2660 1789; x_wconf 68' lang='lat' dir='ltr'><strong>mrumnis</strong></span> <span class='ocrx_word' id='word_1_443' title='bbox 2698 1742 2860 1805; x_wconf 88' lang='lat' dir='ltr'><strong>atque</strong></span> <span class='ocrx_word' id='word_1_444' title='bbox 2900 1735 3285 1792; x_wconf 88' lang='lat' dir='ltr'><strong>tentationibus</strong></span> <span class='ocrx_word' id='word_1_445' title='bbox 3325 1746 3381 1793; x_wconf 87' lang='lat' dir='ltr'><strong>et</strong></span> <span class='ocrx_word' id='word_1_446' title='bbox 3406 1742 3647 1795; x_wconf 79' lang='lat' dir='ltr'><strong>comanti</strong></span> <span class='ocrx_word' id='word_1_447' title='bbox 3679 1750 3739 1795; x_wconf 83' lang='lat' dir='ltr'><strong>et</strong></span> 
     </span>
    </p>
   </div>
   <div class='ocr_carea' id='block_1_60' title="bbox 2139 1822 3739 1895">
    <p class='ocr_par' dir='ltr' id='par_1_60' title="bbox 2139 1822 3739 1895">
     <span class='ocr_line' id='line_1_60' title="bbox 2139 1822 3739 1895; baseline 0.006 -19"><span class='ocrx_word' id='word_1_448' title='bbox 2139 1824 2448 1894; x_wconf 85' lang='lat' dir='ltr'><strong>proclamati</strong></span> <span class='ocrx_word' id='word_1_449' title='bbox 2472 1832 2615 1878; x_wconf 88' lang='lat' dir='ltr'><strong>sunt.</strong></span> <span class='ocrx_word' id='word_1_450' title='bbox 2640 1822 2767 1878; x_wconf 80' lang='lat' dir='ltr'><strong>Haec</strong></span> <span class='ocrx_word' id='word_1_451' title='bbox 2793 1839 2913 1879; x_wconf 90' lang='lat' dir='ltr'><strong>cum</strong></span> <span class='ocrx_word' id='word_1_452' title='bbox 2945 1825 3176 1881; x_wconf 88' lang='lat' dir='ltr'><strong>sciamus</strong></span> <span class='ocrx_word' id='word_1_453' title='bbox 3205 1827 3407 1895; x_wconf 85' lang='lat' dir='ltr'><strong>omnia,</strong></span> <span class='ocrx_word' id='word_1_454' title='bbox 3434 1830 3739 1885; x_wconf 85' lang='lat' dir='ltr'><strong>secundum</strong></span> 
     </span>
    </p>
   </div>
   <div class='ocr_carea' id='block_1_61' title="bbox 2137 1916 3738 1990">
    <p class='ocr_par' dir='ltr' id='par_1_61' title="bbox 2137 1916 3738 1990">
     <span class='ocr_line' id='line_1_61' title="bbox 2137 1916 3738 1990; baseline 0.005 -21"><span class='ocrx_word' id='word_1_455' title='bbox 2137 1916 2429 1984; x_wconf 87' lang='lat' dir='ltr'><strong>sapientem</strong></span> <span class='ocrx_word' id='word_1_456' title='bbox 2474 1916 2622 1970; x_wconf 90' lang='lat' dir='ltr'><strong>illum</strong></span> <span class='ocrx_word' id='word_1_457' title='bbox 2663 1932 2989 1982; x_wconf 89' lang='lat' dir='ltr'><strong>sermonem,</strong></span> <span class='ocrx_word' id='word_1_458' title='bbox 3025 1917 3108 1973; x_wconf 89' lang='lat' dir='ltr'><strong>Ne</strong></span> <span class='ocrx_word' id='word_1_459' title='bbox 3133 1921 3425 1990; x_wconf 76' lang='lat' dir='ltr'><strong>festinemus</strong></span> <span class='ocrx_word' id='word_1_460' title='bbox 3452 1921 3507 1975; x_wconf 90' lang='lat' dir='ltr'><strong>in</strong></span> <span class='ocrx_word' id='word_1_461' title='bbox 3534 1922 3617 1977; x_wconf 85' lang='lat' dir='ltr'><strong>die</strong></span> <span class='ocrx_word' id='word_1_462' title='bbox 3645 1924 3738 1977; x_wconf 59' lang='lat' dir='ltr'><strong>in-</strong></span> 
     </span>
    </p>
   </div>
   <div class='ocr_carea' id='block_1_62' title="bbox 2137 2006 3743 2081">
    <p class='ocr_par' dir='ltr' id='par_1_62' title="bbox 2137 2006 3743 2081">
     <span class='ocr_line' id='line_1_62' title="bbox 2137 2006 3743 2081; baseline 0.006 -21"><span class='ocrx_word' id='word_1_463' title='bbox 2137 2008 2355 2063; x_wconf 80' lang='lat' dir='ltr'><strong>vasionis</strong></span> <span class='ocrx_word' id='word_1_464' title='bbox 2371 2006 2556 2079; x_wconf 83' lang='lat' dir='ltr'><strong>(Eccli.</strong></span> <span class='ocrx_word' id='word_1_465' title='bbox 2578 2008 2634 2064; x_wconf 77' lang='lat'><strong>2.</strong></span> <span class='ocrx_word' id='word_1_466' title='bbox 2655 2009 2738 2081; x_wconf 85' lang='lat'><strong>2),</strong></span> <span class='ocrx_word' id='word_1_467' title='bbox 2760 2010 2855 2065; x_wconf 91' lang='lat' dir='ltr'><strong>sed</strong></span> <span class='ocrx_word' id='word_1_468' title='bbox 2874 2009 2942 2065; x_wconf 86' lang='lat' dir='ltr'><strong>ad</strong></span> <span class='ocrx_word' id='word_1_469' title='bbox 2969 2026 3131 2066; x_wconf 90' lang='lat' dir='ltr'><strong>unum</strong></span> <span class='ocrx_word' id='word_1_470' title='bbox 3155 2020 3355 2069; x_wconf 90' lang='lat' dir='ltr'><strong>tantum</strong></span> <span class='ocrx_word' id='word_1_471' title='bbox 3373 2029 3471 2069; x_wconf 85' lang='lat' dir='ltr'><strong>nos</strong></span> <span class='ocrx_word' id='word_1_472' title='bbox 3493 2015 3743 2073; x_wconf 83' lang='lat' dir='ltr'><strong>institua-</strong></span> 
     </span>
    </p>
   </div>
   <div class='ocr_carea' id='block_1_63' title="bbox 2138 2099 3740 2177">
    <p class='ocr_par' dir='ltr' id='par_1_63' title="bbox 2138 2099 3740 2177">
     <span class='ocr_line' id='line_1_63' title="bbox 2138 2099 3740 2177; baseline 0.006 -22"><span class='ocrx_word' id='word_1_473' title='bbox 2138 2115 2274 2167; x_wconf 89' lang='lat' dir='ltr'><strong>mus,</strong></span> <span class='ocrx_word' id='word_1_474' title='bbox 2295 2108 2353 2154; x_wconf 92' lang='lat' dir='ltr'><strong>ut</strong></span> <span class='ocrx_word' id='word_1_475' title='bbox 2369 2101 2545 2155; x_wconf 85' lang='lat' dir='ltr'><strong>omnia</strong></span> <span class='ocrx_word' id='word_1_476' title='bbox 2564 2099 2772 2158; x_wconf 90' lang='lat' dir='ltr'><strong>fortiter</strong></span> <span class='ocrx_word' id='word_1_477' title='bbox 2792 2103 3044 2169; x_wconf 87' lang='lat' dir='ltr'><strong>feramus,</strong></span> <span class='ocrx_word' id='word_1_478' title='bbox 3063 2119 3162 2159; x_wconf 87' lang='lat' dir='ltr'><strong>nec</strong></span> <span class='ocrx_word' id='word_1_479' title='bbox 3177 2106 3387 2162; x_wconf 89' lang='lat' dir='ltr'><strong>curiose</strong></span> <span class='ocrx_word' id='word_1_480' title='bbox 3398 2107 3740 2177; x_wconf 84' lang='lat' dir='ltr'><strong>inquiramus</strong></span> 
     </span>
    </p>
   </div>
   <div class='ocr_carea' id='block_1_64' title="bbox 2137 2190 3741 2270">
    <p class='ocr_par' dir='ltr' id='par_1_64' title="bbox 2137 2190 3741 2270">
     <span class='ocr_line' id='line_1_64' title="bbox 2137 2190 3741 2270; baseline 0.008 -26"><span class='ocrx_word' id='word_1_481' title='bbox 2137 2190 2223 2245; x_wconf 89' lang='lat' dir='ltr'><strong>vel</strong></span> <span class='ocrx_word' id='word_1_482' title='bbox 2236 2199 2535 2247; x_wconf 87' lang='lat' dir='ltr'><strong>scrutemur</strong></span> <span class='ocrx_word' id='word_1_483' title='bbox 2550 2206 2613 2247; x_wconf 86' lang='lat' dir='ltr'><strong>ea</strong></span> <span class='ocrx_word' id='word_1_484' title='bbox 2627 2207 2746 2261; x_wconf 68' lang='lat' dir='ltr'><strong>qua:</strong></span> <span class='ocrx_word' id='word_1_485' title='bbox 2760 2193 3025 2248; x_wconf 88' lang='lat' dir='ltr'><strong>accidunt.</strong></span> <span class='ocrx_word' id='word_1_486' title='bbox 3040 2193 3171 2250; x_wconf 85' lang='lat' dir='ltr'><strong>Nam</strong></span> <span class='ocrx_word' id='word_1_487' title='bbox 3187 2198 3344 2262; x_wconf 89' lang='lat' dir='ltr'><strong>scire,</strong></span> <span class='ocrx_word' id='word_1_488' title='bbox 3363 2213 3469 2267; x_wconf 90' lang='lat' dir='ltr'><strong>quo</strong></span> <span class='ocrx_word' id='word_1_489' title='bbox 3490 2208 3741 2270; x_wconf 86' lang='lat' dir='ltr'><strong>tempore</strong></span> 
     </span>
    </p>
   </div>
   <div class='ocr_carea' id='block_1_65' title="bbox 2136 2282 3743 2356">
    <p class='ocr_par' dir='ltr' id='par_1_65' title="bbox 2136 2282 3743 2356">
     <span class='ocr_line' id='line_1_65' title="bbox 2136 2282 3743 2356; baseline 0.006 -19"><span class='ocrx_word' id='word_1_490' title='bbox 2136 2282 2386 2337; x_wconf 74' lang='lat' dir='ltr'><strong>desitum</strong></span> <span class='ocrx_word' id='word_1_491' title='bbox 2404 2282 2511 2337; x_wconf 91' lang='lat' dir='ltr'><strong>sint</strong></span> <span class='ocrx_word' id='word_1_492' title='bbox 2533 2297 2807 2346; x_wconf 60' lang='lat' dir='ltr'><strong>aerumnas,</strong></span> <span class='ocrx_word' id='word_1_493' title='bbox 2832 2283 2924 2338; x_wconf 91' lang='lat' dir='ltr'><strong>Dei</strong></span> <span class='ocrx_word' id='word_1_494' title='bbox 2945 2294 3047 2351; x_wconf 88' lang='lat' dir='ltr'><strong>est,</strong></span> <span class='ocrx_word' id='word_1_495' title='bbox 3074 2286 3162 2354; x_wconf 89' lang='lat' dir='ltr'><strong>qui</strong></span> <span class='ocrx_word' id='word_1_496' title='bbox 3186 2287 3424 2356; x_wconf 90' lang='lat' dir='ltr'><strong>permisit</strong></span> <span class='ocrx_word' id='word_1_497' title='bbox 3453 2289 3571 2345; x_wconf 80' lang='lat' dir='ltr'><strong>illas</strong></span> <span class='ocrx_word' id='word_1_498' title='bbox 3589 2293 3743 2345; x_wconf 91' lang='lat' dir='ltr'><strong>acci-</strong></span> 
     </span>
    </p>
   </div>
   <div class='ocr_carea' id='block_1_66' title="bbox 2137 2374 3740 2447">
    <p class='ocr_par' dir='ltr' id='par_1_66' title="bbox 2137 2374 3740 2447">
     <span class='ocr_line' id='line_1_66' title="bbox 2137 2374 3740 2447; baseline 0.006 -18"><span class='ocrx_word' id='word_1_499' title='bbox 2137 2374 2299 2440; x_wconf 87' lang='lat' dir='ltr'><strong>dere;</strong></span> <span class='ocrx_word' id='word_1_500' title='bbox 2344 2374 2518 2430; x_wconf 86' lang='lat' dir='ltr'><strong>illatas</strong></span> <span class='ocrx_word' id='word_1_501' title='bbox 2548 2390 2677 2430; x_wconf 91' lang='lat' dir='ltr'><strong>vero</strong></span> <span class='ocrx_word' id='word_1_502' title='bbox 2717 2390 2837 2430; x_wconf 90' lang='lat' dir='ltr'><strong>cum</strong></span> <span class='ocrx_word' id='word_1_503' title='bbox 2880 2378 3171 2447; x_wconf 84' lang='lat' dir='ltr'><strong>gratiarum</strong></span> <span class='ocrx_word' id='word_1_504' title='bbox 3219 2380 3430 2436; x_wconf 88' lang='lat' dir='ltr'><strong>actione</strong></span> <span class='ocrx_word' id='word_1_505' title='bbox 3467 2381 3630 2447; x_wconf 84' lang='lat' dir='ltr'><strong>ferre,</strong></span> <span class='ocrx_word' id='word_1_506' title='bbox 3677 2384 3740 2438; x_wconf 88' lang='lat' dir='ltr'><strong>id</strong></span> 
     </span>
    </p>
   </div>
   <div class='ocr_carea' id='block_1_67' title="bbox 2138 2465 3742 2544">
    <p class='ocr_par' dir='ltr' id='par_1_67' title="bbox 2138 2465 3742 2544">
     <span class='ocr_line' id='line_1_67' title="bbox 2138 2465 3742 2544; baseline 0.006 -24"><span class='ocrx_word' id='word_1_507' title='bbox 2138 2465 2417 2536; x_wconf 88' lang='lat' dir='ltr'><strong>probitatis</strong></span> <span class='ocrx_word' id='word_1_508' title='bbox 2434 2474 2631 2521; x_wconf 66' lang='lat' dir='ltr'><strong>nostra:</strong></span> <span class='ocrx_word' id='word_1_509' title='bbox 2652 2475 2736 2521; x_wconf 90' lang='lat' dir='ltr'><strong>est</strong></span> <span class='ocrx_word' id='word_1_510' title='bbox 2761 2481 2913 2536; x_wconf 92' lang='lat' dir='ltr'><strong>opus.</strong></span> <span class='ocrx_word' id='word_1_511' title='bbox 2932 2467 3089 2535; x_wconf 85' lang='lat' dir='ltr'><strong>Quod</strong></span> <span class='ocrx_word' id='word_1_512' title='bbox 3111 2470 3154 2523; x_wconf 94' lang='lat' dir='ltr'><strong>si</strong></span> <span class='ocrx_word' id='word_1_513' title='bbox 3178 2470 3289 2535; x_wconf 79' lang='lat' dir='ltr'><strong>list,</strong></span> <span class='ocrx_word' id='word_1_514' title='bbox 3307 2473 3482 2527; x_wconf 90' lang='lat' dir='ltr'><strong>omnia</strong></span> <span class='ocrx_word' id='word_1_515' title='bbox 3503 2488 3742 2544; x_wconf 81' lang='lat' dir='ltr'><strong>sequen-</strong></span> 
     </span>
    </p>
   </div>
   <div class='ocr_carea' id='block_1_68' title="bbox 2141 2556 3739 2633">
    <p class='ocr_par' dir='ltr' id='par_1_68' title="bbox 2141 2556 3739 2633">
     <span class='ocr_line' id='line_1_68' title="bbox 2141 2556 3739 2633; baseline 0.008 -22"><span class='ocrx_word' id='word_1_516' title='bbox 2141 2566 2227 2612; x_wconf 88' lang='lat' dir='ltr'><strong>tur</strong></span> <span class='ocrx_word' id='word_1_517' title='bbox 2249 2556 2421 2624; x_wconf 83' lang='lat' dir='ltr'><strong>bona;</strong></span> <span class='ocrx_word' id='word_1_518' title='bbox 2460 2567 2518 2612; x_wconf 92' lang='lat' dir='ltr'><strong>ut</strong></span> <span class='ocrx_word' id='word_1_519' title='bbox 2548 2572 2678 2613; x_wconf 90' lang='lat' dir='ltr'><strong>vero</strong></span> <span class='ocrx_word' id='word_1_520' title='bbox 2712 2570 3022 2629; x_wconf 85' lang='lat' dir='ltr'><strong>sequantur,</strong></span> <span class='ocrx_word' id='word_1_521' title='bbox 3056 2570 3218 2631; x_wconf 89' lang='lat' dir='ltr'><strong>utque</strong></span> <span class='ocrx_word' id='word_1_522' title='bbox 3260 2562 3346 2617; x_wconf 86' lang='lat' dir='ltr'><strong>hic</strong></span> <span class='ocrx_word' id='word_1_523' title='bbox 3372 2565 3739 2633; x_wconf 83' lang='lat' dir='ltr'><strong>probatiores,</strong></span> 
     </span>
    </p>
   </div>
   <div class='ocr_carea' id='block_1_69' title="bbox 2137 2647 3741 2725">
    <p class='ocr_par' dir='ltr' id='par_1_69' title="bbox 2137 2647 3741 2725">
     <span class='ocr_line' id='line_1_69' title="bbox 2137 2647 3741 2725; baseline 0.006 -22"><span class='ocrx_word' id='word_1_524' title='bbox 2137 2647 2246 2704; x_wconf 90' lang='lat' dir='ltr'><strong>illic</strong></span> <span class='ocrx_word' id='word_1_525' title='bbox 2273 2663 2402 2704; x_wconf 89' lang='lat' dir='ltr'><strong>vero</strong></span> <span class='ocrx_word' id='word_1_526' title='bbox 2429 2649 2825 2720; x_wconf 89' lang='lat' dir='ltr'><strong>splendidiores</strong></span> <span class='ocrx_word' id='word_1_527' title='bbox 2854 2650 3176 2720; x_wconf 83' lang='lat' dir='ltr'><strong>efficiamur,</strong></span> <span class='ocrx_word' id='word_1_528' title='bbox 3208 2654 3583 2725; x_wconf 90' lang='lat' dir='ltr'><strong>quodcumque</strong></span> <span class='ocrx_word' id='word_1_529' title='bbox 3614 2657 3741 2713; x_wconf 75' lang='lat' dir='ltr'><strong>illa-</strong></span> 
     </span>
    </p>
   </div>
   <div class='ocr_carea' id='block_1_70' title="bbox 2139 2738 3742 2812">
    <p class='ocr_par' dir='ltr' id='par_1_70' title="bbox 2139 2738 3742 2812">
     <span class='ocr_line' id='line_1_70' title="bbox 2139 2738 3742 2812; baseline 0.005 -17"><span class='ocrx_word' id='word_1_530' title='bbox 2139 2748 2250 2795; x_wconf 87' lang='lat' dir='ltr'><strong>tum</strong></span> <span class='ocrx_word' id='word_1_531' title='bbox 2277 2738 2436 2795; x_wconf 88' lang='lat' dir='ltr'><strong>fuerit</strong></span> <span class='ocrx_word' id='word_1_532' title='bbox 2474 2740 2821 2811; x_wconf 79' lang='lat' dir='ltr'><strong>excipiamus,</strong></span> <span class='ocrx_word' id='word_1_533' title='bbox 2849 2743 3048 2812; x_wconf 88' lang='lat' dir='ltr'><strong>gratias</strong></span> <span class='ocrx_word' id='word_1_534' title='bbox 3083 2743 3150 2799; x_wconf 91' lang='lat' dir='ltr'><strong>de</strong></span> <span class='ocrx_word' id='word_1_535' title='bbox 3185 2745 3431 2801; x_wconf 89' lang='lat' dir='ltr'><strong>omnibus</strong></span> <span class='ocrx_word' id='word_1_536' title='bbox 3472 2746 3742 2804; x_wconf 84' lang='lat' dir='ltr'><strong>habentes</strong></span> 
     </span>
    </p>
   </div>
   <div class='ocr_carea' id='block_1_71' title="bbox 2135 2829 3741 2911">
    <p class='ocr_par' dir='ltr' id='par_1_71' title="bbox 2135 2829 3741 2911">
     <span class='ocr_line' id='line_1_71' title="bbox 2135 2829 3741 2911; baseline 0.005 -26"><span class='ocrx_word' id='word_1_537' title='bbox 2135 2830 2210 2898; x_wconf 91' lang='lat' dir='ltr'><strong>ei,</strong></span> <span class='ocrx_word' id='word_1_538' title='bbox 2236 2830 2328 2900; x_wconf 87' lang='lat' dir='ltr'><strong>qui</strong></span> <span class='ocrx_word' id='word_1_539' title='bbox 2366 2829 2559 2886; x_wconf 88' lang='lat' dir='ltr'><strong>melius</strong></span> <span class='ocrx_word' id='word_1_540' title='bbox 2596 2831 2742 2887; x_wconf 91' lang='lat' dir='ltr'><strong>novit</strong></span> <span class='ocrx_word' id='word_1_541' title='bbox 2778 2848 2937 2904; x_wconf 92' lang='lat' dir='ltr'><strong>quam</strong></span> <span class='ocrx_word' id='word_1_542' title='bbox 2967 2848 3067 2889; x_wconf 90' lang='lat' dir='ltr'><strong>nos</strong></span> <span class='ocrx_word' id='word_1_543' title='bbox 3102 2834 3201 2905; x_wconf 92' lang='lat' dir='ltr'><strong>ipsi</strong></span> <span class='ocrx_word' id='word_1_544' title='bbox 3228 2836 3355 2907; x_wconf 90' lang='lat' dir='ltr'><strong>quid</strong></span> <span class='ocrx_word' id='word_1_545' title='bbox 3387 2837 3539 2892; x_wconf 91' lang='lat' dir='ltr'><strong>nobis</strong></span> <span class='ocrx_word' id='word_1_546' title='bbox 3567 2840 3741 2911; x_wconf 77' lang='lat' dir='ltr'><strong>expe-</strong></span> 
     </span>
    </p>
   </div>
   <div class='ocr_carea' id='block_1_72' title="bbox 2136 2923 3745 2997">
    <p class='ocr_par' dir='ltr' id='par_1_72' title="bbox 2136 2923 3745 2997">
     <span class='ocr_line' id='line_1_72' title="bbox 2136 2923 3745 2997; baseline 0.004 -17"><span class='ocrx_word' id='word_1_547' title='bbox 2136 2923 2266 2991; x_wconf 90' lang='lat' dir='ltr'><strong>diat,</strong></span> <span class='ocrx_word' id='word_1_548' title='bbox 2310 2923 2509 2995; x_wconf 88' lang='lat' dir='ltr'><strong>quique</strong></span> <span class='ocrx_word' id='word_1_549' title='bbox 2546 2933 2824 2994; x_wconf 90' lang='lat' dir='ltr'><strong>parentum</strong></span> <span class='ocrx_word' id='word_1_550' title='bbox 2849 2941 2975 2997; x_wconf 87' lang='lat' dir='ltr'><strong>erga</strong></span> <span class='ocrx_word' id='word_1_551' title='bbox 3019 2942 3120 2982; x_wconf 92' lang='lat' dir='ltr'><strong>nos</strong></span> <span class='ocrx_word' id='word_1_552' title='bbox 3161 2929 3324 2983; x_wconf 89' lang='lat' dir='ltr'><strong>vincit</strong></span> <span class='ocrx_word' id='word_1_553' title='bbox 3366 2945 3652 2986; x_wconf 88' lang='lat' dir='ltr'><strong>amorem:</strong></span> <span class='ocrx_word' id='word_1_554' title='bbox 3684 2942 3745 2988; x_wconf 89' lang='lat' dir='ltr'><strong>et</strong></span> 
     </span>
    </p>
   </div>
   <div class='ocr_carea' id='block_1_73' title="bbox 2137 3015 3746 3091">
    <p class='ocr_par' dir='ltr' id='par_1_73' title="bbox 2137 3015 3746 3091">
     <span class='ocr_line' id='line_1_73' title="bbox 2137 3015 3746 3091; baseline 0.006 -20"><span class='ocrx_word' id='word_1_555' title='bbox 2137 3015 2241 3071; x_wconf 88' lang='lat' dir='ltr'><strong>hoc</strong></span> <span class='ocrx_word' id='word_1_556' title='bbox 2285 3026 2569 3088; x_wconf 87' lang='lat' dir='ltr'><strong>utrumque</strong></span> <span class='ocrx_word' id='word_1_557' title='bbox 2615 3019 2951 3074; x_wconf 89' lang='lat' dir='ltr'><strong>ratiocinium</strong></span> <span class='ocrx_word' id='word_1_558' title='bbox 3000 3020 3053 3074; x_wconf 94' lang='lat' dir='ltr'><strong>in</strong></span> <span class='ocrx_word' id='word_1_559' title='bbox 3101 3021 3427 3091; x_wconf 90' lang='lat' dir='ltr'><strong>quibuslibet</strong></span> <span class='ocrx_word' id='word_1_560' title='bbox 3474 3027 3746 3081; x_wconf 77' lang='lat' dir='ltr'><strong>terumnis</strong></span> 
     </span>
    </p>
   </div>
   <div class='ocr_carea' id='block_1_74' title="bbox 2136 3109 3745 3185">
    <p class='ocr_par' dir='ltr' id='par_1_74' title="bbox 2136 3109 3745 3185">
     <span class='ocr_line' id='line_1_74' title="bbox 2136 3109 3745 3185; baseline 0.006 -21"><span class='ocrx_word' id='word_1_561' title='bbox 2136 3111 2291 3166; x_wconf 88' lang='lat' dir='ltr'><strong>nobis</strong></span> <span class='ocrx_word' id='word_1_562' title='bbox 2327 3109 2460 3182; x_wconf 82' lang='lat' dir='ltr'><strong>ipsis</strong></span> <span class='ocrx_word' id='word_1_563' title='bbox 2496 3120 2853 3180; x_wconf 85' lang='lat' dir='ltr'><strong>recantantes,</strong></span> <span class='ocrx_word' id='word_1_564' title='bbox 2878 3113 3295 3182; x_wconf 90' lang='lat' dir='ltr'><strong>comprimamus</strong></span> <span class='ocrx_word' id='word_1_565' title='bbox 3328 3130 3645 3185; x_wconf 58' lang='lat' dir='ltr'><strong>maerorem,</strong></span> <span class='ocrx_word' id='word_1_566' title='bbox 3683 3131 3745 3175; x_wconf 89' lang='lat' dir='ltr'><strong>et</strong></span> 
     </span>
    </p>
   </div>
   <div class='ocr_carea' id='block_1_75' title="bbox 2134 3201 3746 3274">
    <p class='ocr_par' dir='ltr' id='par_1_75' title="bbox 2134 3201 3746 3274">
     <span class='ocr_line' id='line_1_75' title="bbox 2134 3201 3746 3274; baseline 0.004 -17"><span class='ocrx_word' id='word_1_567' title='bbox 2134 3202 2359 3273; x_wconf 84' lang='lat' dir='ltr'><strong>gloriam</strong></span> <span class='ocrx_word' id='word_1_568' title='bbox 2386 3201 2680 3258; x_wconf 86' lang='lat' dir='ltr'><strong>referamus</strong></span> <span class='ocrx_word' id='word_1_569' title='bbox 2704 3204 2835 3269; x_wconf 89' lang='lat' dir='ltr'><strong>Deo,</strong></span> <span class='ocrx_word' id='word_1_570' title='bbox 2863 3204 2955 3274; x_wconf 88' lang='lat' dir='ltr'><strong>qui</strong></span> <span class='ocrx_word' id='word_1_571' title='bbox 2982 3205 3035 3259; x_wconf 92' lang='lat' dir='ltr'><strong>in</strong></span> <span class='ocrx_word' id='word_1_572' title='bbox 3058 3205 3304 3261; x_wconf 92' lang='lat' dir='ltr'><strong>omnibus</strong></span> <span class='ocrx_word' id='word_1_573' title='bbox 3330 3207 3508 3262; x_wconf 90' lang='lat' dir='ltr'><strong>omnia</strong></span> <span class='ocrx_word' id='word_1_574' title='bbox 3533 3208 3605 3263; x_wconf 84' lang='lat' dir='ltr'><strong>ad</strong></span> <span class='ocrx_word' id='word_1_575' title='bbox 3632 3226 3746 3265; x_wconf 84' lang='lat' dir='ltr'><strong>n0-</strong></span> 
     </span>
    </p>
   </div>
   <div class='ocr_carea' id='block_1_76' title="bbox 2136 3292 3742 3367">
    <p class='ocr_par' dir='ltr' id='par_1_76' title="bbox 2136 3292 3742 3367">
     <span class='ocr_line' id='line_1_76' title="bbox 2136 3292 3742 3367; baseline 0.006 -19"><span class='ocrx_word' id='word_1_576' title='bbox 2136 3302 2302 3348; x_wconf 87' lang='lat' dir='ltr'><strong>stram</strong></span> <span class='ocrx_word' id='word_1_577' title='bbox 2349 3294 2632 3349; x_wconf 90' lang='lat' dir='ltr'><strong>utilitatem</strong></span> <span class='ocrx_word' id='word_1_578' title='bbox 2672 3292 2965 3367; x_wconf 89' lang='lat' dir='ltr'><strong>dispensat.</strong></span> <span class='ocrx_word' id='word_1_579' title='bbox 3010 3296 3101 3352; x_wconf 93' lang='lat' dir='ltr'><strong>Sic</strong></span> <span class='ocrx_word' id='word_1_580' title='bbox 3128 3299 3270 3352; x_wconf 90' lang='lat' dir='ltr'><strong>enim</strong></span> <span class='ocrx_word' id='word_1_581' title='bbox 3298 3308 3352 3355; x_wconf 91' lang='lat' dir='ltr'><strong>et</strong></span> <span class='ocrx_word' id='word_1_582' title='bbox 3383 3300 3605 3357; x_wconf 85' lang='lat' dir='ltr'><strong>insidias</strong></span> <span class='ocrx_word' id='word_1_583' title='bbox 3650 3303 3742 3358; x_wconf 86' lang='lat' dir='ltr'><strong>fa-</strong></span> 
     </span>
    </p>
   </div>
   <div class='ocr_carea' id='block_1_77' title="bbox 2136 3384 3741 3454">
    <p class='ocr_par' dir='ltr' id='par_1_77' title="bbox 2136 3384 3741 3454">
     <span class='ocr_line' id='line_1_77' title="bbox 2136 3384 3741 3454; baseline 0.006 -15"><span class='ocrx_word' id='word_1_584' title='bbox 2136 3385 2239 3441; x_wconf 86' lang='lat' dir='ltr'><strong>cile</strong></span> <span class='ocrx_word' id='word_1_585' title='bbox 2275 3384 2629 3454; x_wconf 88' lang='lat' dir='ltr'><strong>depellemus,</strong></span> <span class='ocrx_word' id='word_1_586' title='bbox 2675 3395 2730 3441; x_wconf 92' lang='lat' dir='ltr'><strong>et</strong></span> <span class='ocrx_word' id='word_1_587' title='bbox 2764 3387 3234 3444; x_wconf 89' lang='lat' dir='ltr'><strong>immarcescibiles</strong></span> <span class='ocrx_word' id='word_1_588' title='bbox 3271 3405 3498 3446; x_wconf 88' lang='lat' dir='ltr'><strong>coronas</strong></span> <span class='ocrx_word' id='word_1_589' title='bbox 3535 3408 3741 3450; x_wconf 86' lang='lat' dir='ltr'><strong>conse-</strong></span> 
     </span>
    </p>
   </div>
   <div class='ocr_carea' id='block_1_78' title="bbox 2136 3480 3736 3552">
    <p class='ocr_par' dir='ltr' id='par_1_78' title="bbox 2136 3480 3736 3552">
     <span class='ocr_line' id='line_1_78' title="bbox 2136 3480 3736 3552; baseline 0.008 -23"><span class='ocrx_word' id='word_1_590' title='bbox 2136 3491 2361 3544; x_wconf 90' lang='lat' dir='ltr'><strong>quemur</strong></span> <span class='ocrx_word' id='word_1_591' title='bbox 2389 3494 2403 3530; x_wconf 88' lang='lat'><strong>:</strong></span> <span class='ocrx_word' id='word_1_592' title='bbox 2433 3491 2564 3549; x_wconf 87' lang='lat' dir='ltr'><strong>quas</strong></span> <span class='ocrx_word' id='word_1_593' title='bbox 2592 3492 2692 3532; x_wconf 91' lang='lat' dir='ltr'><strong>nos</strong></span> <span class='ocrx_word' id='word_1_594' title='bbox 2717 3493 2905 3534; x_wconf 90' lang='lat' dir='ltr'><strong>omnes</strong></span> <span class='ocrx_word' id='word_1_595' title='bbox 2934 3480 3144 3549; x_wconf 88' lang='lat' dir='ltr'><strong>assequi</strong></span> <span class='ocrx_word' id='word_1_596' title='bbox 3175 3482 3445 3552; x_wconf 87' lang='lat' dir='ltr'><strong>contingat</strong></span> <span class='ocrx_word' id='word_1_597' title='bbox 3469 3485 3641 3552; x_wconf 86' lang='lat' dir='ltr'><strong>gratia</strong></span> <span class='ocrx_word' id='word_1_598' title='bbox 3673 3496 3736 3541; x_wconf 88' lang='lat' dir='ltr'><strong>et</strong></span> 
     </span>
    </p>
   </div>
   <div class='ocr_carea' id='block_1_79' title="bbox 2136 3568 3741 3643">
    <p class='ocr_par' dir='ltr' id='par_1_79' title="bbox 2136 3568 3741 3643">
     <span class='ocr_line' id='line_1_79' title="bbox 2136 3568 3741 3643; baseline 0.006 -20"><span class='ocrx_word' id='word_1_599' title='bbox 2136 3568 2460 3637; x_wconf 85' lang='lat' dir='ltr'><strong>benignitate</strong></span> <span class='ocrx_word' id='word_1_600' title='bbox 2488 3568 2697 3623; x_wconf 89' lang='lat' dir='ltr'><strong>Domini</strong></span> <span class='ocrx_word' id='word_1_601' title='bbox 2724 3570 2891 3624; x_wconf 92' lang='lat' dir='ltr'><strong>nostri</strong></span> <span class='ocrx_word' id='word_1_602' title='bbox 2927 3569 3051 3625; x_wconf 88' lang='lat' dir='ltr'><strong>Jesu</strong></span> <span class='ocrx_word' id='word_1_603' title='bbox 3079 3568 3297 3638; x_wconf 90' lang='lat' dir='ltr'><strong>Christi,</strong></span> <span class='ocrx_word' id='word_1_604' title='bbox 3335 3574 3549 3643; x_wconf 90' lang='lat' dir='ltr'><strong>quicum</strong></span> <span class='ocrx_word' id='word_1_605' title='bbox 3584 3575 3741 3632; x_wconf 64' lang='lat' dir='ltr'><strong>Patri</strong></span> 
     </span>
    </p>
   </div>
   <div class='ocr_carea' id='block_1_80' title="bbox 2145 3659 3741 3734">
    <p class='ocr_par' dir='ltr' id='par_1_80' title="bbox 2145 3659 3741 3734">
     <span class='ocr_line' id='line_1_80' title="bbox 2145 3659 3741 3734; baseline 0.008 -23"><span class='ocrx_word' id='word_1_606' title='bbox 2145 3659 2335 3729; x_wconf 87' lang='lat' dir='ltr'><strong>gloria,</strong></span> <span class='ocrx_word' id='word_1_607' title='bbox 2367 3659 2672 3729; x_wconf 91' lang='lat' dir='ltr'><strong>imperium,</strong></span> <span class='ocrx_word' id='word_1_608' title='bbox 2712 3660 2904 3727; x_wconf 89' lang='lat' dir='ltr'><strong>honor,</strong></span> <span class='ocrx_word' id='word_1_609' title='bbox 2945 3675 3066 3715; x_wconf 89' lang='lat' dir='ltr'><strong>cum</strong></span> <span class='ocrx_word' id='word_1_610' title='bbox 3094 3672 3284 3717; x_wconf 91' lang='lat' dir='ltr'><strong>sancto</strong></span> <span class='ocrx_word' id='word_1_611' title='bbox 3318 3663 3540 3734; x_wconf 87' lang='lat' dir='ltr'><strong>Spiritu,</strong></span> <span class='ocrx_word' id='word_1_612' title='bbox 3584 3682 3741 3724; x_wconf 90' lang='lat' dir='ltr'><strong>nunc</strong></span> 
     </span>
    </p>
   </div>
   <div class='ocr_carea' id='block_1_81' title="bbox 2135 3750 3405 3820">
    <p class='ocr_par' dir='ltr' id='par_1_81' title="bbox 2135 3750 3405 3820">
     <span class='ocr_line' id='line_1_81' title="bbox 2135 3750 3405 3820; baseline 0.002 -15"><span class='ocrx_word' id='word_1_613' title='bbox 2135 3758 2191 3805; x_wconf 89' lang='lat' dir='ltr'><strong>et</strong></span> <span class='ocrx_word' id='word_1_614' title='bbox 2216 3764 2450 3820; x_wconf 88' lang='lat' dir='ltr'><strong>semper,</strong></span> <span class='ocrx_word' id='word_1_615' title='bbox 2479 3760 2533 3805; x_wconf 90' lang='lat' dir='ltr'><strong>et</strong></span> <span class='ocrx_word' id='word_1_616' title='bbox 2560 3750 2612 3804; x_wconf 93' lang='lat' dir='ltr'><strong>in</strong></span> <span class='ocrx_word' id='word_1_617' title='bbox 2634 3751 2829 3805; x_wconf 83' lang='lat' dir='ltr'><strong>saecula</strong></span> <span class='ocrx_word' id='word_1_618' title='bbox 2851 3752 3190 3808; x_wconf 70' lang='lat' dir='ltr'><strong>smculorum.</strong></span> <span class='ocrx_word' id='word_1_619' title='bbox 3213 3754 3405 3809; x_wconf 87' lang='lat' dir='ltr'><strong>Amen.</strong></span> 
     </span>
    </p>
   </div>
   <div class='ocr_carea' id='block_1_82' title="bbox 2200 3863 3737 3932">
    <p class='ocr_par' dir='ltr' id='par_1_82' title="bbox 2200 3863 3737 3932">
     <span class='ocr_line' id='line_1_82' title="bbox 2200 3863 3737 3932; baseline 0.005 -18"><span class='ocrx_word' id='word_1_620' title='bbox 2200 3870 2214 3932; x_wconf 58' lang='grc' dir='ltr'><strong>ξ</strong></span> <span class='ocrx_word' id='word_1_621' title='bbox 2251 3866 2328 3915; x_wconf 82' lang='lat' dir='ltr'><strong>ste</strong></span> <span class='ocrx_word' id='word_1_622' title='bbox 2348 3871 2485 3932; x_wconf 68' lang='lat' dir='ltr'><strong>recte</strong></span> <span class='ocrx_word' id='word_1_623' title='bbox 2502 3864 2641 3932; x_wconf 77' lang='lat' dir='ltr'><strong>savil.</strong></span> <span class='ocrx_word' id='word_1_624' title='bbox 2661 3871 2713 3914; x_wconf 89' lang='lat' dir='ltr'><strong>et</strong></span> <span class='ocrx_word' id='word_1_625' title='bbox 2732 3863 2918 3932; x_wconf 80' lang='lat' dir='ltr'><strong>aliquot</strong></span> <span class='ocrx_word' id='word_1_626' title='bbox 2948 3868 3275 3932; x_wconf 73' lang='lat' dir='ltr'><strong>Manuscripti.</strong></span> <span class='ocrx_word' id='word_1_627' title='bbox 3300 3867 3389 3919; x_wconf 77' lang='lat' dir='ltr'><strong>Alii</strong></span> <span class='ocrx_word' id='word_1_628' title='bbox 3411 3882 3531 3919; x_wconf 88' lang='lat' dir='ltr'><strong>vero</strong></span> <span class='ocrx_word' id='word_1_629' title='bbox 3550 3878 3607 3922; x_wconf 87' lang='lat' dir='ltr'><strong>et</strong></span> <span class='ocrx_word' id='word_1_630' title='bbox 3628 3878 3737 3922; x_wconf 78' lang='lat' dir='ltr'><strong>Ilo-</strong></span> 
     </span>
    </p>
   </div>
   <div class='ocr_carea' id='block_1_83' title="bbox 2134 3925 3072 3992">
    <p class='ocr_par' dir='ltr' id='par_1_83' title="bbox 2134 3925 3072 3992">
     <span class='ocr_line' id='line_1_83' title="bbox 2134 3925 3072 3992; baseline -0.001 -13"><span class='ocrx_word' id='word_1_631' title='bbox 2134 3929 2250 3991; x_wconf 82' lang='lat' dir='ltr'><strong>reL,</strong></span> <span class='ocrx_word' id='word_1_632' title='bbox 2277 3932 2333 3977; x_wconf 74' lang='lat' dir='ltr'><strong>Et</strong></span> <span class='ocrx_word' id='word_1_633' title='bbox 2353 3925 2471 3991; x_wconf 82' lang='lat' dir='ltr'><strong>quid</strong></span> <span class='ocrx_word' id='word_1_634' title='bbox 2492 3928 2553 3978; x_wconf 82' lang='lat' dir='ltr'><strong>de</strong></span> <span class='ocrx_word' id='word_1_635' title='bbox 2570 3925 2830 3978; x_wconf 82' lang='lat' dir='ltr'><strong>tentatione</strong></span> <span class='ocrx_word' id='word_1_636' title='bbox 2863 3926 3027 3992; x_wconf 83' lang='lat' dir='ltr'><strong>loquor</strong></span> <span class='ocrx_word' id='word_1_637' title='bbox 3046 3927 3072 3979; x_wconf 74' lang='lat'><strong>1’</strong></span> 
     </span>
    </p>
   </div>
   <div class='ocr_carea' id='block_1_84' title="bbox 1833 4411 2336 4480">
    <p class='ocr_par' dir='ltr' id='par_1_84' title="bbox 1833 4411 2336 4480">
     <span class='ocr_line' id='line_1_84' title="bbox 1833 4411 2336 4480; baseline -0.016 0"><span class='ocrx_word' id='word_1_638' title='bbox 1833 4414 2183 4480; x_wconf 80' lang='lat' dir='ltr'><strong>HOMILIA</strong></span> <span class='ocrx_word' id='word_1_639' title='bbox 2220 4411 2336 4475; x_wconf 79' lang='lat' dir='ltr'><strong>XI.</strong></span> 
     </span>
    </p>
   </div>
   <div class='ocr_carea' id='block_1_85' title="bbox 447 4550 2039 4633">
    <p class='ocr_par' dir='ltr' id='par_1_85' title="bbox 447 4550 2039 4633">
     <span class='ocr_line' id='line_1_85' title="bbox 447 4550 2039 4633; baseline 0.001 -3"><span class='ocrx_word' id='word_1_640' title='bbox 447 4550 645 4631; x_wconf 49' lang='lat' dir='ltr'><strong>Car}.</strong></span> <span class='ocrx_word' id='word_1_641' title='bbox 664 4590 718 4629; x_wconf 91' lang='lat' dir='ltr'><strong>v.</strong></span> <span class='ocrx_word' id='word_1_642' title='bbox 732 4575 785 4629; x_wconf 87' lang='lat'><strong>7.</strong></span> <span class='ocrx_word' id='word_1_643' title='bbox 804 4574 986 4630; x_wconf 79' lang='lat' dir='ltr'><strong>Videas</strong></span> <span class='ocrx_word' id='word_1_644' title='bbox 1005 4586 1168 4631; x_wconf 80' lang='lat' dir='ltr'><strong>autent</strong></span> <span class='ocrx_word' id='word_1_645' title='bbox 1191 4579 1374 4632; x_wconf 87' lang='lat' dir='ltr'><strong>multos</strong></span> <span class='ocrx_word' id='word_1_646' title='bbox 1392 4579 1790 4633; x_wconf 74' lang='lat' dir='ltr'><strong>Sadduca&#39;orum</strong></span> <span class='ocrx_word' id='word_1_647' title='bbox 1817 4589 1862 4632; x_wconf 88' lang='lat' dir='ltr'><strong>et</strong></span> <span class='ocrx_word' id='word_1_648' title='bbox 1897 4578 2039 4632; x_wconf 84' lang='lat' dir='ltr'><strong>Pha-</strong></span> 
     </span>
    </p>
   </div>
   <div class='ocr_carea' id='block_1_86' title="bbox 520 4667 2034 4739">
    <p class='ocr_par' dir='ltr' id='par_1_86' title="bbox 520 4667 2034 4739">
     <span class='ocr_line' id='line_1_86' title="bbox 520 4667 2034 4739; baseline 0.005 -19"><span class='ocrx_word' id='word_1_649' title='bbox 520 4667 777 4725; x_wconf 83' lang='lat' dir='ltr'><strong>risteorum</strong></span> <span class='ocrx_word' id='word_1_650' title='bbox 812 4668 1056 4722; x_wconf 77' lang='lat' dir='ltr'><strong>venientes</strong></span> <span class='ocrx_word' id='word_1_651' title='bbox 1083 4670 1150 4721; x_wconf 88' lang='lat' dir='ltr'><strong>ad</strong></span> <span class='ocrx_word' id='word_1_652' title='bbox 1188 4670 1489 4739; x_wconf 84' lang='lat' dir='ltr'><strong>baptismum</strong></span> <span class='ocrx_word' id='word_1_653' title='bbox 1531 4688 1701 4736; x_wconf 87' lang='lat' dir='ltr'><strong>suum,</strong></span> <span class='ocrx_word' id='word_1_654' title='bbox 1747 4671 1875 4723; x_wconf 76' lang='lat' dir='ltr'><strong>dixit</strong></span> <span class='ocrx_word' id='word_1_655' title='bbox 1919 4673 1988 4724; x_wconf 86' lang='lat' dir='ltr'><strong>eis</strong></span> <span class='ocrx_word' id='word_1_656' title='bbox 2014 4687 2034 4727; x_wconf 90' lang='lat'><strong><em>:</em></strong></span> 
     </span>
    </p>
   </div>
   <div class='ocr_carea' id='block_1_87' title="bbox 519 4757 2039 4835">
    <p class='ocr_par' dir='ltr' id='par_1_87' title="bbox 519 4757 2039 4835">
     <span class='ocr_line' id='line_1_87' title="bbox 519 4757 2039 4835; baseline 0.003 -22"><span class='ocrx_word' id='word_1_657' title='bbox 519 4757 786 4813; x_wconf 77' lang='lat' dir='ltr'><strong>Genimina</strong></span> <span class='ocrx_word' id='word_1_658' title='bbox 820 4759 1125 4829; x_wconf 82' lang='lat' dir='ltr'><strong>viperarum,</strong></span> <span class='ocrx_word' id='word_1_659' title='bbox 1163 4762 1273 4831; x_wconf 85' lang='lat' dir='ltr'><strong>quis</strong></span> <span class='ocrx_word' id='word_1_660' title='bbox 1302 4762 1658 4818; x_wconf 81' lang='lat' dir='ltr'><strong>demonstravit</strong></span> <span class='ocrx_word' id='word_1_661' title='bbox 1701 4762 1838 4817; x_wconf 78' lang='lat' dir='ltr'><strong>vobis</strong></span> <span class='ocrx_word' id='word_1_662' title='bbox 1863 4762 2039 4835; x_wconf 78' lang='lat' dir='ltr'><strong>fugere</strong></span> 
     </span>
    </p>
   </div>
   <div class='ocr_carea' id='block_1_88' title="bbox 515 4849 922 4907">
    <p class='ocr_par' dir='ltr' id='par_1_88' title="bbox 515 4849 922 4907">
     <span class='ocr_line' id='line_1_88' title="bbox 515 4849 922 4907; baseline 0.01 -4"><span class='ocrx_word' id='word_1_663' title='bbox 515 4864 551 4903; x_wconf 88' lang='lat' dir='ltr'><strong>a</strong></span> <span class='ocrx_word' id='word_1_664' title='bbox 578 4857 787 4904; x_wconf 76' lang='lat' dir='ltr'><strong>ventura</strong></span> <span class='ocrx_word' id='word_1_665' title='bbox 810 4849 922 4907; x_wconf 80' lang='lat' dir='ltr'><strong>ira?</strong></span> 
     </span>
    </p>
   </div>
   <div class='ocr_carea' id='block_1_89' title="bbox 516 5001 2036 5076">
    <p class='ocr_par' dir='ltr' id='par_1_89' title="bbox 516 5001 2036 5076">
     <span class='ocr_line' id='line_1_89' title="bbox 516 5001 2036 5076; baseline 0.006 -17"><span class='ocrx_word' id='word_1_666' title='bbox 516 5004 569 5059; x_wconf 91' lang='grc'><strong>1.</strong></span> <span class='ocrx_word' id='word_1_667' title='bbox 601 5001 711 5061; x_wconf 91' lang='lat' dir='ltr'><strong>Cur</strong></span> <span class='ocrx_word' id='word_1_668' title='bbox 746 5019 877 5076; x_wconf 86' lang='lat' dir='ltr'><strong>ergo</strong></span> <span class='ocrx_word' id='word_1_669' title='bbox 902 5004 1265 5076; x_wconf 89' lang='lat' dir='ltr'><strong>aitChristus,</strong></span> <span class='ocrx_word' id='word_1_670' title='bbox 1297 5022 1394 5064; x_wconf 91' lang='lat' dir='ltr'><strong>eos</strong></span> <span class='ocrx_word' id='word_1_671' title='bbox 1415 5023 1521 5063; x_wconf 92' lang='lat' dir='ltr'><strong>non</strong></span> <span class='ocrx_word' id='word_1_672' title='bbox 1548 5010 1841 5068; x_wconf 90' lang='lat' dir='ltr'><strong>credidisse</strong></span> <span class='ocrx_word' id='word_1_673' title='bbox 1873 5011 2036 5068; x_wconf 82' lang='lat' dir='ltr'><strong>Joan-</strong></span> 
     </span>
    </p>
   </div>
   <div class='ocr_carea' id='block_1_90' title="bbox 447 5094 2035 5173">
    <p class='ocr_par' dir='ltr' id='par_1_90' title="bbox 447 5094 2035 5173">
     <span class='ocr_line' id='line_1_90' title="bbox 447 5094 2035 5173; baseline 0.006 -24"><span class='ocrx_word' id='word_1_674' title='bbox 447 5094 536 5149; x_wconf 77' lang='lat' dir='ltr'><strong>nil</strong></span> <span class='ocrx_word' id='word_1_675' title='bbox 575 5094 707 5162; x_wconf 86' lang='lat' dir='ltr'><strong>Quia</strong></span> <span class='ocrx_word' id='word_1_676' title='bbox 749 5112 854 5150; x_wconf 92' lang='lat' dir='ltr'><strong>non</strong></span> <span class='ocrx_word' id='word_1_677' title='bbox 880 5104 998 5152; x_wconf 86' lang='lat' dir='ltr'><strong>erat</strong></span> <span class='ocrx_word' id='word_1_678' title='bbox 1040 5096 1171 5151; x_wconf 90' lang='lat' dir='ltr'><strong>illud</strong></span> <span class='ocrx_word' id='word_1_679' title='bbox 1213 5097 1454 5167; x_wconf 89' lang='lat' dir='ltr'><strong>credere,</strong></span> <span class='ocrx_word' id='word_1_680' title='bbox 1491 5115 1610 5155; x_wconf 89' lang='lat' dir='ltr'><strong>cum</strong></span> <span class='ocrx_word' id='word_1_681' title='bbox 1663 5118 1785 5157; x_wconf 90' lang='lat' dir='ltr'><strong>eum</strong></span> <span class='ocrx_word' id='word_1_682' title='bbox 1831 5104 1921 5173; x_wconf 89' lang='lat' dir='ltr'><strong>qui</strong></span> <span class='ocrx_word' id='word_1_683' title='bbox 1966 5104 2035 5159; x_wconf 89' lang='lat' dir='ltr'><strong>ab</strong></span> 
     </span>
    </p>
   </div>
   <div class='ocr_carea' id='block_1_91' title="bbox 447 5183 2031 5264">
    <p class='ocr_par' dir='ltr' id='par_1_91' title="bbox 447 5183 2031 5264">
     <span class='ocr_line' id='line_1_91' title="bbox 447 5183 2031 5264; baseline 0.009 -29"><span class='ocrx_word' id='word_1_684' title='bbox 447 5183 561 5254; x_wconf 86' lang='lat' dir='ltr'><strong>ipso</strong></span> <span class='ocrx_word' id='word_1_685' title='bbox 588 5184 992 5252; x_wconf 61' lang='lat' dir='ltr'><strong>praedicabatur,</strong></span> <span class='ocrx_word' id='word_1_686' title='bbox 1026 5202 1132 5241; x_wconf 93' lang='lat' dir='ltr'><strong>non</strong></span> <span class='ocrx_word' id='word_1_687' title='bbox 1166 5188 1487 5257; x_wconf 82' lang='lat' dir='ltr'><strong>acciperent.</strong></span> <span class='ocrx_word' id='word_1_688' title='bbox 1517 5190 1650 5246; x_wconf 87' lang='lat' dir='ltr'><strong>Nam</strong></span> <span class='ocrx_word' id='word_1_689' title='bbox 1673 5201 1728 5248; x_wconf 91' lang='lat' dir='ltr'><strong>et</strong></span> <span class='ocrx_word' id='word_1_690' title='bbox 1757 5195 2031 5264; x_wconf 89' lang='lat' dir='ltr'><strong>prophetis</strong></span> 
     </span>
    </p>
   </div>
   <div class='ocr_carea' id='block_1_92' title="bbox 443 5274 2034 5344">
    <p class='ocr_par' dir='ltr' id='par_1_92' title="bbox 443 5274 2034 5344">
     <span class='ocr_line' id='line_1_92' title="bbox 443 5274 2034 5344; baseline 0.009 -16"><span class='ocrx_word' id='word_1_691' title='bbox 443 5283 496 5329; x_wconf 86' lang='lat' dir='ltr'><strong>et</strong></span> <span class='ocrx_word' id='word_1_692' title='bbox 544 5274 831 5341; x_wconf 85' lang='lat' dir='ltr'><strong>legislatori</strong></span> <span class='ocrx_word' id='word_1_693' title='bbox 860 5278 1136 5334; x_wconf 91' lang='lat' dir='ltr'><strong>attendere</strong></span> <span class='ocrx_word' id='word_1_694' title='bbox 1184 5280 1496 5337; x_wconf 86' lang='lat' dir='ltr'><strong>videbantur</strong></span> <span class='ocrx_word' id='word_1_695' title='bbox 1536 5303 1550 5337; x_wconf 89' lang='lat'><strong>:</strong></span> <span class='ocrx_word' id='word_1_696' title='bbox 1593 5294 1647 5340; x_wconf 92' lang='lat' dir='ltr'><strong>et</strong></span> <span class='ocrx_word' id='word_1_697' title='bbox 1685 5295 1861 5341; x_wconf 91' lang='lat' dir='ltr'><strong>tamen</strong></span> <span class='ocrx_word' id='word_1_698' title='bbox 1901 5287 2034 5344; x_wconf 83' lang='lat' dir='ltr'><strong>dixit</strong></span> 
     </span>
    </p>
   </div>
   <div class='ocr_carea' id='block_1_93' title="bbox 444 5362 2031 5446">
    <p class='ocr_par' dir='ltr' id='par_1_93' title="bbox 444 5362 2031 5446">
     <span class='ocr_line' id='line_1_93' title="bbox 444 5362 2031 5446; baseline 0.012 -29"><span class='ocrx_word' id='word_1_699' title='bbox 444 5362 533 5417; x_wconf 89' lang='lat' dir='ltr'><strong>ille</strong></span> <span class='ocrx_word' id='word_1_700' title='bbox 572 5379 679 5419; x_wconf 90' lang='lat' dir='ltr'><strong>non</strong></span> <span class='ocrx_word' id='word_1_701' title='bbox 716 5366 1028 5431; x_wconf 88' lang='lat' dir='ltr'><strong>attendisse,</strong></span> <span class='ocrx_word' id='word_1_702' title='bbox 1056 5370 1177 5440; x_wconf 88' lang='lat' dir='ltr'><strong>quia</strong></span> <span class='ocrx_word' id='word_1_703' title='bbox 1208 5387 1329 5427; x_wconf 91' lang='lat' dir='ltr'><strong>eum</strong></span> <span class='ocrx_word' id='word_1_704' title='bbox 1360 5374 1450 5443; x_wconf 89' lang='lat' dir='ltr'><strong>qui</strong></span> <span class='ocrx_word' id='word_1_705' title='bbox 1476 5375 1545 5430; x_wconf 90' lang='lat' dir='ltr'><strong>ab</strong></span> <span class='ocrx_word' id='word_1_706' title='bbox 1576 5376 1676 5431; x_wconf 90' lang='lat' dir='ltr'><strong>illis</strong></span> <span class='ocrx_word' id='word_1_707' title='bbox 1707 5378 2031 5446; x_wconf 65' lang='lat' dir='ltr'><strong>praedicaba-</strong></span> 
     </span>
    </p>
   </div>
   <div class='ocr_carea' id='block_1_94' title="bbox 444 5459 2026 5540">
    <p class='ocr_par' dir='ltr' id='par_1_94' title="bbox 444 5459 2026 5540">
     <span class='ocr_line' id='line_1_94' title="bbox 444 5459 2026 5540; baseline 0.011 -33"><span class='ocrx_word' id='word_1_708' title='bbox 444 5463 528 5508; x_wconf 90' lang='lat' dir='ltr'><strong>tur</strong></span> <span class='ocrx_word' id='word_1_709' title='bbox 559 5469 665 5508; x_wconf 91' lang='lat' dir='ltr'><strong>non</strong></span> <span class='ocrx_word' id='word_1_710' title='bbox 698 5467 1012 5525; x_wconf 88' lang='lat' dir='ltr'><strong>receperunt</strong></span> <span class='ocrx_word' id='word_1_711' title='bbox 1040 5476 1054 5512; x_wconf 88' lang='lat'><strong>:</strong></span> <span class='ocrx_word' id='word_1_712' title='bbox 1084 5459 1144 5515; x_wconf 89' lang='lat' dir='ltr'><strong>Si</strong></span> <span class='ocrx_word' id='word_1_713' title='bbox 1169 5467 1300 5516; x_wconf 78' lang='lat' dir='ltr'><strong>enim</strong></span> <span class='ocrx_word' id='word_1_714' title='bbox 1328 5466 1591 5521; x_wconf 79' lang='lat' dir='ltr'><strong>crederetis</strong></span> <span class='ocrx_word' id='word_1_715' title='bbox 1622 5466 1809 5539; x_wconf 82' lang='lat' dir='ltr'><strong>Moysi,</strong></span> <span class='ocrx_word' id='word_1_716' title='bbox 1838 5472 2026 5540; x_wconf 79' lang='lat' dir='ltr'><strong>inquit,</strong></span> 
     </span>
    </p>
   </div>
   <div class='ocr_carea' id='block_1_95' title="bbox 441 5543 2028 5627">
    <p class='ocr_par' dir='ltr' id='par_1_95' title="bbox 441 5543 2028 5627">
     <span class='ocr_line' id='line_1_95' title="bbox 441 5543 2028 5627; baseline 0.013 -33"><span class='ocrx_word' id='word_1_717' title='bbox 441 5543 705 5599; x_wconf 78' lang='lat' dir='ltr'><strong>crederetis</strong></span> <span class='ocrx_word' id='word_1_718' title='bbox 728 5546 897 5616; x_wconf 83' lang='lat' dir='ltr'><strong>utique</strong></span> <span class='ocrx_word' id='word_1_719' title='bbox 918 5557 966 5600; x_wconf 87' lang='lat' dir='ltr'><strong>et</strong></span> <span class='ocrx_word' id='word_1_720' title='bbox 994 5548 1116 5602; x_wconf 84' lang='lat' dir='ltr'><strong>mihi</strong></span> <span class='ocrx_word' id='word_1_721' title='bbox 1136 5550 1316 5619; x_wconf 83' lang='lat' dir='ltr'><strong>(Joan.</strong></span> <span class='ocrx_word' id='word_1_722' title='bbox 1345 5554 1397 5609; x_wconf 85' lang='lat'><strong>5.</strong></span> <span class='ocrx_word' id='word_1_723' title='bbox 1423 5554 1535 5625; x_wconf 69' lang='grc'><strong>46).</strong></span> <span class='ocrx_word' id='word_1_724' title='bbox 1567 5556 1635 5611; x_wconf 87' lang='lat' dir='ltr'><strong>Et</strong></span> <span class='ocrx_word' id='word_1_725' title='bbox 1657 5568 1840 5627; x_wconf 86' lang='lat' dir='ltr'><strong>postea</strong></span> <span class='ocrx_word' id='word_1_726' title='bbox 1865 5560 2028 5615; x_wconf 89' lang='lat' dir='ltr'><strong>inter-</strong></span> 
     </span>
    </p>
   </div>
   <div class='ocr_carea' id='block_1_96' title="bbox 443 5634 2025 5713">
    <p class='ocr_par' dir='ltr' id='par_1_96' title="bbox 443 5634 2025 5713">
     <span class='ocr_line' id='line_1_96' title="bbox 443 5634 2025 5713; baseline 0.012 -23"><span class='ocrx_word' id='word_1_727' title='bbox 443 5634 612 5707; x_wconf 86' lang='lat' dir='ltr'><strong>rogali</strong></span> <span class='ocrx_word' id='word_1_728' title='bbox 629 5651 661 5693; x_wconf 82' lang='lat' dir='ltr'><strong>a</strong></span> <span class='ocrx_word' id='word_1_729' title='bbox 681 5636 909 5707; x_wconf 82' lang='lat' dir='ltr'><strong>Christo,</strong></span> <span class='ocrx_word' id='word_1_730' title='bbox 932 5638 1196 5713; x_wconf 82' lang='lat' dir='ltr'><strong>Baptisma</strong></span> <span class='ocrx_word' id='word_1_731' title='bbox 1214 5641 1429 5702; x_wconf 85' lang='lat' dir='ltr'><strong>Joannis</strong></span> <span class='ocrx_word' id='word_1_732' title='bbox 1454 5648 1587 5704; x_wconf 83' lang='lat' dir='ltr'><strong>unde</strong></span> <span class='ocrx_word' id='word_1_733' title='bbox 1611 5651 1721 5705; x_wconf 84' lang='lat' dir='ltr'><strong>est?</strong></span> <span class='ocrx_word' id='word_1_734' title='bbox 1747 5650 2025 5709; x_wconf 85' lang='lat' dir='ltr'><strong>dicebant:</strong></span> 
     </span>
    </p>
   </div>
   <div class='ocr_carea' id='block_1_97' title="bbox 2144 4573 3752 4642">
    <p class='ocr_par' dir='ltr' id='par_1_97' title="bbox 2144 4573 3752 4642">
     <span class='ocr_line' id='line_1_97' title="bbox 2144 4573 3752 4642; baseline 0.005 -13"><span class='ocrx_word' id='word_1_735' title='bbox 2144 4574 2206 4629; x_wconf 88' lang='lat' dir='ltr'><strong>Si</strong></span> <span class='ocrx_word' id='word_1_736' title='bbox 2231 4575 2528 4641; x_wconf 70' lang='lat' dir='ltr'><strong>dixerimus,</strong></span> <span class='ocrx_word' id='word_1_737' title='bbox 2557 4573 2635 4628; x_wconf 87' lang='lat' dir='ltr'><strong>De</strong></span> <span class='ocrx_word' id='word_1_738' title='bbox 2654 4582 2806 4638; x_wconf 86' lang='lat' dir='ltr'><strong>terra,</strong></span> <span class='ocrx_word' id='word_1_739' title='bbox 2834 4576 3062 4629; x_wconf 86' lang='lat' dir='ltr'><strong>timemus</strong></span> <span class='ocrx_word' id='word_1_740' title='bbox 3090 4575 3285 4631; x_wconf 88' lang='lat' dir='ltr'><strong>turbam</strong></span> <span class='ocrx_word' id='word_1_741' title='bbox 3308 4594 3329 4642; x_wconf 86' lang='lat'><strong>;</strong></span> <span class='ocrx_word' id='word_1_742' title='bbox 3372 4580 3418 4633; x_wconf 89' lang='lat' dir='ltr'><strong>si</strong></span> <span class='ocrx_word' id='word_1_743' title='bbox 3446 4594 3560 4635; x_wconf 75' lang='lat' dir='ltr'><strong>vero</strong></span> <span class='ocrx_word' id='word_1_744' title='bbox 3588 4582 3752 4638; x_wconf 75' lang='lat' dir='ltr'><strong>dixe-</strong></span> 
     </span>
    </p>
   </div>
   <div class='ocr_carea' id='block_1_98' title="bbox 2141 4664 3751 4739">
    <p class='ocr_par' dir='ltr' id='par_1_98' title="bbox 2141 4664 3751 4739">
     <span class='ocr_line' id='line_1_98' title="bbox 2141 4664 3751 4739; baseline 0.006 -20"><span class='ocrx_word' id='word_1_745' title='bbox 2141 4667 2327 4731; x_wconf 87' lang='lat' dir='ltr'><strong>rimus,</strong></span> <span class='ocrx_word' id='word_1_746' title='bbox 2355 4664 2433 4721; x_wconf 89' lang='lat' dir='ltr'><strong>De</strong></span> <span class='ocrx_word' id='word_1_747' title='bbox 2459 4667 2605 4732; x_wconf 63' lang='lat' dir='ltr'><strong>caelo,</strong></span> <span class='ocrx_word' id='word_1_748' title='bbox 2635 4666 2766 4720; x_wconf 84' lang='lat' dir='ltr'><strong>dicet</strong></span> <span class='ocrx_word' id='word_1_749' title='bbox 2791 4666 2953 4730; x_wconf 87' lang='lat' dir='ltr'><strong>nobis,</strong></span> <span class='ocrx_word' id='word_1_750' title='bbox 2984 4665 3155 4733; x_wconf 83' lang='lat' dir='ltr'><strong>Quare</strong></span> <span class='ocrx_word' id='word_1_751' title='bbox 3179 4685 3297 4739; x_wconf 79' lang='lat' dir='ltr'><strong>ergo</strong></span> <span class='ocrx_word' id='word_1_752' title='bbox 3322 4687 3422 4724; x_wconf 87' lang='lat' dir='ltr'><strong>non</strong></span> <span class='ocrx_word' id='word_1_753' title='bbox 3450 4671 3751 4730; x_wconf 82' lang='lat' dir='ltr'><strong>credidistis</strong></span> 
     </span>
    </p>
   </div>
   <div class='ocr_carea' id='block_1_99' title="bbox 2140 4755 3750 4833">
    <p class='ocr_par' dir='ltr' id='par_1_99' title="bbox 2140 4755 3750 4833">
     <span class='ocr_line' id='line_1_99' title="bbox 2140 4755 3750 4833; baseline 0.006 -22"><span class='ocrx_word' id='word_1_754' title='bbox 2140 4758 2185 4811; x_wconf 88' lang='lat' dir='ltr'><strong>ei</strong></span> <span class='ocrx_word' id='word_1_755' title='bbox 2213 4755 2430 4829; x_wconf 73' lang='lat' dir='ltr'><strong>(Matth.</strong></span> <span class='ocrx_word' id='word_1_756' title='bbox 2460 4756 2548 4812; x_wconf 86' lang='lat'><strong>2|.</strong></span> <span class='ocrx_word' id='word_1_757' title='bbox 2578 4757 2669 4813; x_wconf 86' lang='lat'><strong>25.</strong></span> <span class='ocrx_word' id='word_1_758' title='bbox 2720 4756 2850 4827; x_wconf 80' lang='lat'><strong>26)?</strong></span> <span class='ocrx_word' id='word_1_759' title='bbox 2879 4756 2956 4811; x_wconf 81' lang='lat' dir='ltr'><strong>Ex</strong></span> <span class='ocrx_word' id='word_1_760' title='bbox 2989 4757 3070 4813; x_wconf 90' lang='lat' dir='ltr'><strong>his</strong></span> <span class='ocrx_word' id='word_1_761' title='bbox 3112 4774 3241 4828; x_wconf 83' lang='lat' dir='ltr'><strong>ergo</strong></span> <span class='ocrx_word' id='word_1_762' title='bbox 3280 4761 3526 4817; x_wconf 89' lang='lat' dir='ltr'><strong>omnibus</strong></span> <span class='ocrx_word' id='word_1_763' title='bbox 3553 4764 3750 4833; x_wconf 84' lang='lat' dir='ltr'><strong>palam</strong></span> 
     </span>
    </p>
   </div>
   <div class='ocr_carea' id='block_1_100' title="bbox 2139 4849 3751 4927">
    <p class='ocr_par' dir='ltr' id='par_1_100' title="bbox 2139 4849 3751 4927">
     <span class='ocr_line' id='line_1_100' title="bbox 2139 4849 3751 4927; baseline 0.007 -23"><span class='ocrx_word' id='word_1_764' title='bbox 2139 4858 2222 4904; x_wconf 91' lang='lat' dir='ltr'><strong>est</strong></span> <span class='ocrx_word' id='word_1_765' title='bbox 2248 4849 2394 4923; x_wconf 87' lang='lat' dir='ltr'><strong>ipsos</strong></span> <span class='ocrx_word' id='word_1_766' title='bbox 2421 4851 2635 4906; x_wconf 88' lang='lat' dir='ltr'><strong>venisse</strong></span> <span class='ocrx_word' id='word_1_767' title='bbox 2658 4861 2710 4906; x_wconf 90' lang='lat' dir='ltr'><strong>et</strong></span> <span class='ocrx_word' id='word_1_768' title='bbox 2732 4851 3025 4921; x_wconf 85' lang='lat' dir='ltr'><strong>baptizatos</strong></span> <span class='ocrx_word' id='word_1_769' title='bbox 3053 4850 3234 4915; x_wconf 87' lang='lat' dir='ltr'><strong>fuisse,</strong></span> <span class='ocrx_word' id='word_1_770' title='bbox 3267 4853 3361 4908; x_wconf 89' lang='lat' dir='ltr'><strong>sed</strong></span> <span class='ocrx_word' id='word_1_771' title='bbox 3384 4854 3434 4908; x_wconf 91' lang='lat' dir='ltr'><strong>in</strong></span> <span class='ocrx_word' id='word_1_772' title='bbox 3464 4854 3567 4911; x_wconf 85' lang='lat' dir='ltr'><strong>fide</strong></span> <span class='ocrx_word' id='word_1_773' title='bbox 3596 4874 3751 4927; x_wconf 66' lang='lat' dir='ltr'><strong>prie-</strong></span> 
     </span>
    </p>
   </div>
   <div class='ocr_carea' id='block_1_101' title="bbox 2137 4941 3748 5007">
    <p class='ocr_par' dir='ltr' id='par_1_101' title="bbox 2137 4941 3748 5007">
     <span class='ocr_line' id='line_1_101' title="bbox 2137 4941 3748 5007; baseline 0.007 -12"><span class='ocrx_word' id='word_1_774' title='bbox 2137 4941 2421 4997; x_wconf 85' lang='lat' dir='ltr'><strong>dicationis</strong></span> <span class='ocrx_word' id='word_1_775' title='bbox 2450 4958 2556 4996; x_wconf 91' lang='lat' dir='ltr'><strong>non</strong></span> <span class='ocrx_word' id='word_1_776' title='bbox 2580 4943 2859 4998; x_wconf 84' lang='lat' dir='ltr'><strong>mansisse.</strong></span> <span class='ocrx_word' id='word_1_777' title='bbox 2893 4943 3103 4997; x_wconf 86' lang='lat' dir='ltr'><strong>Etenim</strong></span> <span class='ocrx_word' id='word_1_778' title='bbox 3134 4943 3369 5001; x_wconf 84' lang='lat' dir='ltr'><strong>Joannes</strong></span> <span class='ocrx_word' id='word_1_779' title='bbox 3401 4946 3611 5003; x_wconf 90' lang='lat' dir='ltr'><strong>illorum</strong></span> <span class='ocrx_word' id='word_1_780' title='bbox 3638 4966 3748 5007; x_wconf 77' lang='lat' dir='ltr'><strong>ne-</strong></span> 
     </span>
    </p>
   </div>
   <div class='ocr_carea' id='block_1_102' title="bbox 2136 5024 3751 5108">
    <p class='ocr_par' dir='ltr' id='par_1_102' title="bbox 2136 5024 3751 5108">
     <span class='ocr_line' id='line_1_102' title="bbox 2136 5024 3751 5108; baseline 0.008 -21"><span class='ocrx_word' id='word_1_781' title='bbox 2136 5034 2357 5102; x_wconf 89' lang='lat' dir='ltr'><strong>quitiam</strong></span> <span class='ocrx_word' id='word_1_782' title='bbox 2397 5024 2650 5102; x_wconf 86' lang='lat' dir='ltr'><strong>ostendit,</strong></span> <span class='ocrx_word' id='word_1_783' title='bbox 2697 5036 2908 5105; x_wconf 88' lang='lat' dir='ltr'><strong>quando</strong></span> <span class='ocrx_word' id='word_1_784' title='bbox 2936 5037 3011 5091; x_wconf 92' lang='lat' dir='ltr'><strong>illi</strong></span> <span class='ocrx_word' id='word_1_785' title='bbox 3047 5036 3112 5091; x_wconf 89' lang='lat' dir='ltr'><strong>ad</strong></span> <span class='ocrx_word' id='word_1_786' title='bbox 3144 5038 3434 5108; x_wconf 84' lang='lat' dir='ltr'><strong>Baptistam</strong></span> <span class='ocrx_word' id='word_1_787' title='bbox 3469 5042 3751 5102; x_wconf 84' lang='lat' dir='ltr'><strong>miserunt</strong></span> 
     </span>
    </p>
   </div>
   <div class='ocr_carea' id='block_1_103' title="bbox 2135 5125 3745 5208">
    <p class='ocr_par' dir='ltr' id='par_1_103' title="bbox 2135 5125 3745 5208">
     <span class='ocr_line' id='line_1_103' title="bbox 2135 5125 3745 5208; baseline 0.009 -30"><span class='ocrx_word' id='word_1_788' title='bbox 2135 5125 2375 5181; x_wconf 86' lang='lat' dir='ltr'><strong>dicentes</strong></span> <span class='ocrx_word' id='word_1_789' title='bbox 2399 5144 2411 5179; x_wconf 89' lang='lat'><strong>:</strong></span> <span class='ocrx_word' id='word_1_790' title='bbox 2442 5127 2504 5183; x_wconf 88' lang='lat' dir='ltr'><strong>Si</strong></span> <span class='ocrx_word' id='word_1_791' title='bbox 2529 5137 2583 5182; x_wconf 86' lang='lat' dir='ltr'><strong>tu</strong></span> <span class='ocrx_word' id='word_1_792' title='bbox 2607 5145 2658 5183; x_wconf 84' lang='lat' dir='ltr'><strong>es</strong></span> <span class='ocrx_word' id='word_1_793' title='bbox 2679 5128 2841 5193; x_wconf 81' lang='lat' dir='ltr'><strong>Elius,</strong></span> <span class='ocrx_word' id='word_1_794' title='bbox 2866 5132 2908 5182; x_wconf 89' lang='lat' dir='ltr'><strong>si</strong></span> <span class='ocrx_word' id='word_1_795' title='bbox 2928 5140 2984 5183; x_wconf 89' lang='lat' dir='ltr'><strong>tu</strong></span> <span class='ocrx_word' id='word_1_796' title='bbox 3007 5146 3059 5185; x_wconf 88' lang='lat' dir='ltr'><strong>es</strong></span> <span class='ocrx_word' id='word_1_797' title='bbox 3088 5128 3317 5185; x_wconf 80' lang='lat' dir='ltr'><strong>Christus</strong></span> <span class='ocrx_word' id='word_1_798' title='bbox 3344 5131 3501 5203; x_wconf 78' lang='lat' dir='ltr'><strong>(Joan</strong></span> <span class='ocrx_word' id='word_1_799' title='bbox 3524 5134 3573 5188; x_wconf 90' lang='grc'><strong>1.</strong></span> <span class='ocrx_word' id='word_1_800' title='bbox 3609 5134 3675 5190; x_wconf 77' lang='lat' dir='ltr'><strong>2i</strong></span> <span class='ocrx_word' id='word_1_801' title='bbox 3692 5136 3745 5208; x_wconf 92' lang='lat'><strong>);</strong></span> 
     </span>
    </p>
   </div>
   <div class='ocr_carea' id='block_1_104' title="bbox 2134 5219 3749 5295">
    <p class='ocr_par' dir='ltr' id='par_1_104' title="bbox 2134 5219 3749 5295">
     <span class='ocr_line' id='line_1_104' title="bbox 2134 5219 3749 5295; baseline 0.007 -24"><span class='ocrx_word' id='word_1_802' title='bbox 2134 5219 2481 5286; x_wconf 84' lang='lat' dir='ltr'><strong>quamobrem</strong></span> <span class='ocrx_word' id='word_1_803' title='bbox 2513 5220 2721 5285; x_wconf 92' lang='lat' dir='ltr'><strong>intulit,</strong></span> <span class='ocrx_word' id='word_1_804' title='bbox 2758 5221 2856 5286; x_wconf 85' lang='lat' dir='ltr'><strong>Qui</strong></span> <span class='ocrx_word' id='word_1_805' title='bbox 2882 5232 3051 5276; x_wconf 88' lang='lat' dir='ltr'><strong>autem</strong></span> <span class='ocrx_word' id='word_1_806' title='bbox 3076 5224 3215 5276; x_wconf 89' lang='lat' dir='ltr'><strong>missi</strong></span> <span class='ocrx_word' id='word_1_807' title='bbox 3244 5228 3467 5295; x_wconf 78' lang='lat' dir='ltr'><strong>fuerant,</strong></span> <span class='ocrx_word' id='word_1_808' title='bbox 3496 5241 3642 5281; x_wconf 84' lang='lat' dir='ltr'><strong>erant</strong></span> <span class='ocrx_word' id='word_1_809' title='bbox 3670 5244 3749 5284; x_wconf 70' lang='lat' dir='ltr'><strong>ex</strong></span> 
     </span>
    </p>
   </div>
   <div class='ocr_carea' id='block_1_105' title="bbox 2137 5308 3744 5389">
    <p class='ocr_par' dir='ltr' id='par_1_105' title="bbox 2137 5308 3744 5389">
     <span class='ocr_line' id='line_1_105' title="bbox 2137 5308 3744 5389; baseline 0.007 -27"><span class='ocrx_word' id='word_1_810' title='bbox 2137 5308 2412 5366; x_wconf 77' lang='lat' dir='ltr'><strong>Pharisteis</strong></span> <span class='ocrx_word' id='word_1_811' title='bbox 2442 5311 2601 5384; x_wconf 89' lang='lat' dir='ltr'><strong>(Ibid.</strong></span> <span class='ocrx_word' id='word_1_812' title='bbox 2635 5330 2681 5367; x_wconf 82' lang='grc' dir='ltr'><strong>υ.</strong></span> <span class='ocrx_word' id='word_1_813' title='bbox 2704 5314 2820 5385; x_wconf 70' lang='grc'><strong>24).</strong></span> <span class='ocrx_word' id='word_1_814' title='bbox 2841 5314 2978 5381; x_wconf 84' lang='lat' dir='ltr'><strong>Quid</strong></span> <span class='ocrx_word' id='word_1_815' title='bbox 3003 5314 3194 5385; x_wconf 85' lang='lat' dir='ltr'><strong>igitur?</strong></span> <span class='ocrx_word' id='word_1_816' title='bbox 3221 5331 3399 5371; x_wconf 88' lang='lat' dir='ltr'><strong>annon</strong></span> <span class='ocrx_word' id='word_1_817' title='bbox 3429 5320 3596 5373; x_wconf 75' lang='lat' dir='ltr'><strong>turba:</strong></span> <span class='ocrx_word' id='word_1_818' title='bbox 3626 5336 3744 5389; x_wconf 85' lang='lat' dir='ltr'><strong>po-</strong></span> 
     </span>
    </p>
   </div>
   <div class='ocr_carea' id='block_1_106' title="bbox 2132 5402 3743 5480">
    <p class='ocr_par' dir='ltr' id='par_1_106' title="bbox 2132 5402 3743 5480">
     <span class='ocr_line' id='line_1_106' title="bbox 2132 5402 3743 5480; baseline 0.01 -26"><span class='ocrx_word' id='word_1_819' title='bbox 2132 5402 2243 5472; x_wconf 83' lang='lat' dir='ltr'><strong>puli</strong></span> <span class='ocrx_word' id='word_1_820' title='bbox 2271 5403 2496 5471; x_wconf 89' lang='lat' dir='ltr'><strong>idipsum</strong></span> <span class='ocrx_word' id='word_1_821' title='bbox 2530 5405 2824 5473; x_wconf 83' lang='lat' dir='ltr'><strong>putabant?</strong></span> <span class='ocrx_word' id='word_1_822' title='bbox 2865 5407 3073 5461; x_wconf 82' lang='lat' dir='ltr'><strong>Etiam:</strong></span> <span class='ocrx_word' id='word_1_823' title='bbox 3101 5423 3282 5462; x_wconf 90' lang='lat' dir='ltr'><strong>verum</strong></span> <span class='ocrx_word' id='word_1_824' title='bbox 3312 5409 3460 5478; x_wconf 89' lang='lat' dir='ltr'><strong>plebs</strong></span> <span class='ocrx_word' id='word_1_825' title='bbox 3492 5410 3743 5480; x_wconf 86' lang='lat' dir='ltr'><strong>simplici</strong></span> 
     </span>
    </p>
   </div>
   <div class='ocr_carea' id='block_1_107' title="bbox 2134 5492 3742 5569">
    <p class='ocr_par' dir='ltr' id='par_1_107' title="bbox 2134 5492 3742 5569">
     <span class='ocr_line' id='line_1_107' title="bbox 2134 5492 3742 5569; baseline 0.009 -24"><span class='ocrx_word' id='word_1_826' title='bbox 2134 5501 2313 5547; x_wconf 88' lang='lat' dir='ltr'><strong>mente</strong></span> <span class='ocrx_word' id='word_1_827' title='bbox 2361 5492 2476 5549; x_wconf 58' lang='lat' dir='ltr'><strong>haec</strong></span> <span class='ocrx_word' id='word_1_828' title='bbox 2526 5496 2925 5566; x_wconf 86' lang='lat' dir='ltr'><strong>suspicabatur;</strong></span> <span class='ocrx_word' id='word_1_829' title='bbox 2971 5495 3227 5552; x_wconf 76' lang='lat' dir='ltr'><strong>Pharisaei</strong></span> <span class='ocrx_word' id='word_1_830' title='bbox 3268 5513 3397 5553; x_wconf 83' lang='lat' dir='ltr'><strong>vero</strong></span> <span class='ocrx_word' id='word_1_831' title='bbox 3447 5499 3620 5569; x_wconf 90' lang='lat' dir='ltr'><strong>ipsum</strong></span> <span class='ocrx_word' id='word_1_832' title='bbox 3670 5503 3742 5560; x_wconf 88' lang='lat' dir='ltr'><strong>in</strong></span> 
     </span>
    </p>
   </div>
   <div class='ocr_carea' id='block_1_108' title="bbox 2130 5587 3733 5655">
    <p class='ocr_par' dir='ltr' id='par_1_108' title="bbox 2130 5587 3733 5655">
     <span class='ocr_line' id='line_1_108' title="bbox 2130 5587 3733 5655; baseline 0.007 -15"><span class='ocrx_word' id='word_1_833' title='bbox 2130 5597 2379 5640; x_wconf 81' lang='lat' dir='ltr'><strong>sermone</strong></span> <span class='ocrx_word' id='word_1_834' title='bbox 2401 5599 2596 5655; x_wconf 88' lang='lat' dir='ltr'><strong>capere</strong></span> <span class='ocrx_word' id='word_1_835' title='bbox 2624 5587 2894 5642; x_wconf 89' lang='lat' dir='ltr'><strong>volebant.</strong></span> <span class='ocrx_word' id='word_1_836' title='bbox 2922 5587 3055 5654; x_wconf 89' lang='lat' dir='ltr'><strong>Quia</strong></span> <span class='ocrx_word' id='word_1_837' title='bbox 3081 5589 3225 5643; x_wconf 88' lang='lat' dir='ltr'><strong>enim</strong></span> <span class='ocrx_word' id='word_1_838' title='bbox 3255 5589 3306 5643; x_wconf 91' lang='lat' dir='ltr'><strong>in</strong></span> <span class='ocrx_word' id='word_1_839' title='bbox 3336 5590 3585 5646; x_wconf 90' lang='lat' dir='ltr'><strong>confesso</strong></span> <span class='ocrx_word' id='word_1_840' title='bbox 3606 5606 3733 5651; x_wconf 81' lang='lat' dir='ltr'><strong>erat</strong></span> 
     </span>
    </p>
   </div>
   <div class='ocr_carea' id='block_1_109' title="bbox 2127 5674 3735 5752">
    <p class='ocr_par' dir='ltr' id='par_1_109' title="bbox 2127 5674 3735 5752">
     <span class='ocr_line' id='line_1_109' title="bbox 2127 5674 3735 5752; baseline 0.006 -21"><span class='ocrx_word' id='word_1_841' title='bbox 2127 5674 2399 5734; x_wconf 87' lang='lat' dir='ltr'><strong>Christum</strong></span> <span class='ocrx_word' id='word_1_842' title='bbox 2440 5692 2563 5736; x_wconf 88' lang='lat' dir='ltr'><strong>esse</strong></span> <span class='ocrx_word' id='word_1_843' title='bbox 2608 5686 2885 5737; x_wconf 87' lang='lat' dir='ltr'><strong>venturum</strong></span> <span class='ocrx_word' id='word_1_844' title='bbox 2924 5696 2989 5736; x_wconf 78' lang='lat' dir='ltr'><strong>ex</strong></span> <span class='ocrx_word' id='word_1_845' title='bbox 3031 5681 3149 5737; x_wconf 79' lang='lat' dir='ltr'><strong>vico</strong></span> <span class='ocrx_word' id='word_1_846' title='bbox 3187 5680 3423 5752; x_wconf 83' lang='lat' dir='ltr'><strong>Davidis,</strong></span> <span class='ocrx_word' id='word_1_847' title='bbox 3460 5681 3549 5742; x_wconf 86' lang='lat' dir='ltr'><strong>hic</strong></span> <span class='ocrx_word' id='word_1_848' title='bbox 3589 5698 3735 5741; x_wconf 86' lang='lat' dir='ltr'><strong>vero</strong></span> 
     </span>
    </p>
   </div>
  </div>
