3856 6180
156 261 246 317 193
1322 248 1388 304 ΙΝ
1426 246 1733 304 MATTIUE

1874 250 2101 310 llOMll..
2143 256 2235 314 XI.

153 390 202 428 ex
234 369 471 425 Levitica
503 367 647 424 tribu
679 374 814 433 erat,
853 362 1227 435 interrogando
1259 361 1477 417 insidias
1500 361 1602 433 ipsi
1644 375 1735 431 pa-

150 467 357 527 rabant;
400 473 460 515 ut
489 461 535 515 si
566 458 693 529 quid
723 474 881 513 secus
900 456 1269 527 responderet,
1300 456 1354 510 in
1382 456 1529 509 illum
1559 469 1736 509 insur-

145 562 337 623 gerent.
366 552 483 606 Hoc
504 552 649 605 enim
676 550 837 605 etiam
864 564 931 604 ex
961 547 1302 618 sequentibus
1317 546 1555 602 declarat
1577 565 1590 601 :
1613 561 1737 601 nam

147 661 254 699 rum
285 643 419 697 nihil
446 658 640 697 eorum
670 658 789 712 qum
815 642 915 711 ipsi
944 638 1326 710 exspectabant
1350 639 1734 709 reSpondisset,

146 752 312 791 tamen
345 738 527 805 ipsum
573 734 848 803 culpantes
891 732 1119 787 dicunt:
1166 730 1301 796 Quid
1340 747 1458 800 ergo
1488 730 1734 800 baptizas,

145 830 180 884 ri
202 840 256 882 tu
279 845 384 882 non
414 845 468 881 es
490 826 721 882 Christus
752 824 931 894 (Joan.
956 825 1007 879 1.
1033 823 1167 894 25)¹ἶ
1193 834 1250 877 ut
1274 838 1402 878 vero
1431 823 1606 877 discas
1633 822 1737 877 alia

144 930 315 975 mente
342 920 674 984 Pharisrcos,
700 918 802 973 alia
833 918 1039 988 plebem
1066 916 1297 979 venisse,
1327 916 1449 970 audi
1471 914 1739 986 quomodo

142 1013 468 1083 evangelista
511 1013 616 1067 hoc
656 1013 817 1067 etiam
860 1010 1112 1065 declaret.
1153 1010 1284 1064 Cum
1318 1024 1510 1079 nempe
1544 1008 1611 1063 de
1641 1024 1737 1077 po-

144 1105 260 1174 pulo
285 1105 385 1169 ait,
422 1104 573 1173 ipsos
608 1103 821 1158 venisse
850 1110 904 1155 et
927 1101 993 1155 ab
1020 1102 1109 1154 illo
1133 1100 1425 1169 baptizatos
1462 1114 1582 1154 esse
1610 1113 1740 1153 con-

146 1200 347 1249 tuentes
379 1204 608 1263 peccata
631 1208 759 1257 sua;
789 1192 857 1248 de
878 1191 1161 1246 Phariszeis
1187 1206 1315 1246 vero
1336 1205 1441 1245 non
1468 1189 1732 1255 similiter,

144 1286 227 1340 sed
260 1285 345 1339 bis
372 1285 560 1339 verbis
590 1302 603 1339 :
659 1283 845 1337 Videns
869 1283 1050 1336 multos
1079 1281 1483 1336 Sadducaaorum
1508 1291 1555 1335 et
1597 1280 1739 1334 Pha-

144 1379 401 1449 ristrorum
434 1376 706 1439 venientes,
740 1375 972 1429 dicebat:
1006 1372 1271 1428 Genimina
1300 1374 1603 1444 viperarum,
1626 1373 1737 1443 (ptis

147 1469 269 1522 rubis
299 1468 670 1521 demonstravit
715 1467 887 1537 fugere
915 1482 946 1518 a
974 1475 1181 1519 ventura
1208 1466 1287 1518 ira
1304 1465 1329 1517 ζ’
1354 1465 1512 1533 Papae
1533 1464 1545 1517 l
1570 1480 1739 1534 quan-

146 1574 241 1615 tam
262 1561 435 1616 animi
466 1560 887 1631 magnitudinem
908 1560 922 1613 ε
946 1557 1222 1627 Quomodo
1244 1557 1532 1625 alloquitur
1559 1556 1736 1611 homi-

146 1668 231 1708 nes
260 1652 590 1722 sanguinem
618 1650 984 1720 propheticum
1010 1664 1223 1718 semper
1243 1649 1509 1713 sitientes,
1538 1648 1738 1717 quique

146 1760 241 1798 non
283 1752 446 1798 erant
472 1744 816 1812 serpentibus
846 1739 1125 1795 mitiores?
1153 1754 1274 1794 eum
1309 1747 1504 1808 quanta
1534 1747 1589 1794 et
1619 1738 1739 1794 illos

145 1850 189 1891 et
216 1846 475 1906 parentes
506 1837 721 1890 illorum
747 1835 988 1890 libertate
1013 1833 1361 1888 criminatur?

218 1928 324 1981 Car
369 1926 609 1981 Joannes
668 1925 899 1996 Baptista
940 1924 1229 1978 Pharisteos
1274 1923 1622 1993 increpaverit.
1666 1952 1739 1962 —

146 2022 330 2085 Etiam,
347 2019 586 2089 inquies,
611 2017 859 2087 loquendi
882 2016 1096 2071 libertas
1112 2016 1340 2070 maxima
1353 2025 1435 2069 est
1453 2031 1468 2070 :
1492 2014 1585 2069 sed
1601 2029 1738 2084 qua:-

147 2102 360 2165 rendum
388 2126 461 2165 an
495 2109 718 2164 libertas
762 2106 1060 2176 hujusmodi
1090 2106 1262 2175 aliqua
1280 2106 1489 2160 ratione
1515 2105 1733 2159 nitatur.

145 2203 318 2271 Neque
344 2202 497 2254 enim
541 2208 827 2269 peccantes
854 2198 1004 2262 vidit,
1035 2197 1127 2251 sed
1150 2197 1531 2265 resipiscentes
1555 2213 1568 2247 :
1599 2210 1732 2265 qua-

146 2307 356 2363 propter
398 2307 508 2346 non
561 2291 780 2360 culpare
823 2290 1122 2359 oportebat,
1166 2287 1260 2343 sed
1312 2286 1531 2341 laudare
1579 2295 1738 2356 atque

146 2387 439 2455 suscipere,
488 2383 613 2453 quia
656 2381 841 2436 relicta
885 2380 1018 2435 urbe
1066 2388 1119 2437 et
1162 2378 1345 2444 domo,
1393 2387 1737 2433 accurrerant

146 2476 585 2544 medicationem
632 2472 886 2527 audituri.
914 2470 1050 2539 Quid
1077 2484 1204 2541 ergo
1234 2469 1517 2525 dicamus?
1556 2467 1735 2538 Ipsum

145 2570 409 2631 videlicet,
452 2583 563 2621 non
592 2564 963 2635 praesentibus,
1011 2579 1185 2634 neque
1211 2564 1370 2619 rebus
1406 2577 1527 2633 qua:
1561 2561 1738 2632 palam

144 2661 488 2729 gerebantur,
521 2657 835 2722 attendisse,
862 2656 954 2710 sed
984 2671 1174 2709 arcana
1204 2654 1398 2709 mentis
1423 2667 1607 2708 eorum
1637 2667 1737 2705 no-

147 2757 297 2818 visse,
328 2754 381 2805 id
411 2751 690 2806 revelante
719 2750 849 2803 Deo.
876 2748 1134 2815 Quoniam
1166 2746 1323 2816 igitur
1345 2744 1412 2800 de
1447 2744 1738 2816 majoribus

149 2846 249 2898 suis
271 2844 449 2898 altum
480 2841 782 2910 sapicbant,
809 2839 966 2908 idque
995 2837 1125 2908 ipsis
1153 2835 1405 2905 perniciei
1431 2849 1590 2909 causa
1622 2831 1739 2888 fue-

148 2946 239 2998 rat,
274 2938 539 3003 ipsosque
568 2932 617 2985 in
647 2930 905 2985 desidiam
937 2929 1262 2998 conjecerat,
1304 2926 1623 2997 arrogantiae
1648 2939 1739 2979 ra-

148 3027 311 3079 dicem
342 3024 596 3079 succidit.
626 3022 912 3092 Propterea
942 3021 1103 3076 lsaias
1124 3020 1242 3074 illos
1271 3019 1538 3089 principes
1567 3015 1740 3072 Sodo-

149 3132 377 3178 morum,
409 3123 470 3170 et
513 3114 766 3183 populum
793 3110 1105 3167 Gomorrbm
1134 3119 1291 3166 vocat
1331 3109 1487 3180 ('Isai.
1519 3109 1571 3163 ι.
1600 3108 1687 3181 l0)
1720 3125 1735 3162 :

148 3218 194 3262 et
217 3209 357 3262 alter
386 3206 653 3277 propheta
675 3205 835 3259 dicit:
859 3203 1043 3258 Nonne
1061 3204 1188 3257 sicut
1205 3203 1301 3272 ﬁlii
1321 3201 1629 3272 1Ethiopum
1649 3218 1736 3257 vos

149 3304 253 3353 estis
276 3300 465 3371 (Amos
493 3297 547 3353 9.
579 3297 679 3367 7)?
709 3310 1003 3366 omnesque
1046 3295 1113 3349 ab
1150 3295 1249 3349 hac
1288 3293 1541 3364 opinione
1566 3292 1737 3349 dedu-

151 3402 268 3445 cunt
315 3392 466 3456 illos,
516 3398 779 3444 tumorem
824 3389 1033 3443 illorum
1065 3396 1412 3453 evacuantes,
1443 3386 1533 3457 qui
1584 3386 1742 3440 iunuo

149 3482 487 3536 merabilium
515 3480 645 3550 ipsis
675 3480 935 3533 malorum
966 3493 1122 3533 causa
1146 3476 1341 3533 fuerat.
1383 3478 1473 3544 At,
1504 3477 1733 3548 inquies,

151 3574 196 3625 id
217 3574 342 3641 jure
375 3570 660 3641 propheta:
692 3569 980 3634 faciebant,
1011 3570 1100 3639 qui
1130 3569 1249 3624 illos
1277 3576 1558 3639 peccantes
1585 3567 1737 3622 vide-

150 3668 267 3721 bant
297 3682 313 3718 :
349 3665 440 3718 hic
468 3678 599 3718 vero
624 3679 719 3718 cur
742 3671 796 3718 et
823 3677 926 3732 qua
953 3663 1018 3717 de
1045 3676 1227 3726 causa,
1260 3677 1381 3716 cum
1414 3662 1534 3717 illos
1558 3661 1739 3717 videat

150 3760 606 3825 obtemperantes,
634 3754 860 3824 idipsum
904 3752 1063 3808 facit?
1093 3752 1163 3809 Ut
1202 3753 1322 3807 illos
1353 3753 1739 3809 moderatiores

152 3848 352 3901 reddat.
384 3846 449 3900 Si
479 3845 601 3915 quis
624 3854 799 3898 autem
828 3852 1074 3897 accurate
1097 3842 1253 3897 dictis
1292 3843 1553 3909 attendat,
1584 3843 1740 3898 laude

149 3938 575 4009 iuerepationem
616 3936 965 4008 temperavit.
1006 3936 1290 3991 Admirans
1336 3936 1533 4007 quippe
1584 3936 1735 4001 illos,

151 4032 283 4099 quod
329 4045 460 4084 sero
500 4028 717 4083 tandem
748 4044 809 4082 ea
844 4027 1017 4082 facere
1062 4028 1380 4097 potuissent,
1422 4043 1542 4097 quin
1587 4042 1739 4081 num-

151 4138 302 4187 quam
351 4136 513 4190 posse
557 4119 672 4175 ﬁeri
702 4118 1040 4183 videbantur,
1085 4118 1197 4173 haec
1242 4118 1396 4172 dixit.
1440 4116 1739 4188 lncrcpatio

154 4214 306 4281 igitur
332 4212 624 4266 allicieutis
654 4210 773 4264 illos
802 4210 975 4277 potius
1002 4224 1123 4264 esse
1160 4209 1389 4274 videtur,
1424 4219 1478 4263 et
1503 4209 1740 4263 curantis

153 4314 204 4357 ut
225 4305 575 4372 resipiscam.
602 4302 732 4355 Cum
759 4302 903 4355 enim
944 4301 1062 4356 illos
1100 4300 1383 4371 objurgare
1426 4298 1657 4367 videtur,
1687 4310 1742 4354 et

155 4414 395 4467 magnam
430 4396 584 4465 prius
625 4396 835 4449 illorum
866 4395 1155 4461 nequitiam
1197 4393 1362 4449 fuisse
1401 4392 1656 4456 ostendit,
1689 4402 1743 4447 ct

150 4488 503 4541 mutationem
554 4485 788 4553 ipsorum
849 4485 1146 4539 mirabilem
1190 4496 1348 4553 atque
1401 4485 1737 4554 stupendam.

151 4580 429 4646 Quomodo
460 4577 657 4633 factum
680 4588 778 4643 est,
806 4578 993 4648 inquit,
1028 4590 1084 4632 ut
1108 4594 1227 4632 cum
1250 4580 1461 4633 illorum
1492 4580 1583 4633 lilii
1609 4580 1737 4644 sint,

153 4686 200 4728 et
228 4686 339 4727 tam
372 4673 517 4727 male
558 4671 788 4737 educati,
824 4672 1186 4740 paenitentiam
1225 4672 1422 4741 agant?
1458 4672 1599 4727 unde
1629 4674 1742 4727 lure

152 4776 288 4819 tanta
323 4764 467 4818 facta
503 4773 588 4817 est
627 4764 852 4816 mutatio
872 4766 896 4814 ‘t
940 4764 1057 4832 quis
1085 4765 1425 4830 asperitatem
1454 4764 1618 4818 animi
1647 4780 1741 4817 eo-

153 4874 261 4910 rum
290 4858 370 4911 sic
396 4855 699 4911 emollivit‘!
728 4856 846 4924 quis
885 4855 1289 4909 immedicabilia
1323 4856 1541 4910 vulnera
1583 4873 1740 4911 cura-

154 4950 262 4999 m?
293 4948 361 5002 Et
393 4946 517 5000 vide
546 4946 814 5015 quomodo
845 4944 964 4999 illos
1001 4960 1029 4998 a
1075 4946 1335 5015 principio
1363 4947 1540 5001 statim
1573 4948 1745 5003 inere-

156 5041 317 5109 jmit,
345 5038 617 5109 gehennze
638 5049 915 5090 sermones
944 5037 1152 5091 eteteris
1184 5038 1530 5107 praemittens.
1562 5038 1744 5109 Neque

154 5152 292 5188 enim
324 5134 462 5186 dixit
490 5147 575 5193 ea,
607 5144 726 5199 qua:
756 5128 861 5183 dici
889 5139 1314 5184 consueverant:
1346 5131 1476 5197 Quis
1512 5131 1745 5186 ostendit

157 5227 303 5279 vobis
333 5224 519 5291 fugere
540 5222 702 5285 bella,
727 5221 1070 5275 barbarorum
1102 5223 1362 5283 incursus,
1386 5224 1741 5292 eaptivitates,

159 5326 339 5381 tantes,
382 5314 760 5388 pestilentias?
808 5314 902 5369 sed
945 5316 1085 5368 aliud
1115 5316 1378 5385 quoddam
1425 5317 1743 5385 suliplicinm

159 5410 417 5473 obtendit,
443 5406 588 5476 quod
616 5420 903 5475 numquam
932 5405 1056 5473 ipsis
1084 5406 1420 5460 manifestum
1450 5407 1638 5471 fuerat,
1673 5406 1743 5461 ita

162 5506 340 5559 dicens
367 5520 380 5557 :
413 5500 541 5569 Quis
575 5500 935 5553 demonstravit
972 5499 1107 5554 vobis
1135 5504 1306 5570 fugere
1330 5518 1361 5553 a
1397 5510 1602 5554 ventura
1626 5496 1747 5554 ira?

224 5594 280 5651 Ξ.
317 5595 450 5650 ,ιω-θ
490 5602 669 5647 autem
702 5592 821 5646 illos
871 5592 1139 5663 genimina
1176 5596 1474 5663 viperarum
1515 5599 1745 5649 vocavit.

163 5690 431 5763 Siquidem
461 5688 563 5746 hoc
606 5696 917 5759 serpentum
948 5702 1117 5759 genus
1153 5688 1537 5758 parturientem
1566 5703 1624 5745 se
1658 5689 1741 5746 in-

3324 277 3349 333 i
3358 276 3429 338 95

1845 364 2057 433 terlicit,
2085 378 2139 423 et
2167 372 2370 426 viscera
2402 374 2589 429 matris
2614 376 2909 435 corrodens
2937 380 3133 439 dicitur
3170 386 3222 443 in
3252 390 3425 447 lucem

1842 458 2059 526 prodire
2089 478 2103 513 :
2136 461 2185 515 id
2209 464 2348 532 quod
2380 475 2431 520 et
2463 466 2539 520 illi
2565 467 2848 538 faciebant,
2879 483 3086 542 patrum
3115 488 3168 533 et
3194 492 3422 538 matrum

1841 551 2237 619 interfectores,
2272 557 2359 622 qui
2386 558 2632 615 doctores
2659 576 2784 619 suos
2817 567 3043 635 propriis
3068 572 3308 627 manibus
3335 589 3426 629 oc-

1841 643 2104 699 cidebant.
2144 646 2247 701 Sed
2280 648 2330 702 in
2355 653 2693 719 correptione
2736 657 2955 723 gradum
2992 675 3094 713 non
3127 662 3286 728 sistit,
3327 666 3423 720 sed

1843 737 2123 790 consilium
2168 738 2347 809 adjicit
2378 742 2474 798 :8.
2520 741 2719 813 Facite,
2764 746 2953 818 inquit,
3003 752 3183 821 dignos
3227 758 3424 825 [ructus

1844 828 2164 895 paenitentia.
2193 830 2306 884 Non
2342 833 2482 886 enim
2515 840 2645 890 satis
2670 847 2750 891 est
2773 837 2954 908 fugere
2976 842 3172 897 malum
3199 860 3213 909 ;
3253 848 3346 900 sed
3369 858 3425 903 et

1857 915 2113 973 virtutem
2173 934 2422 991 magnam
2479 925 2734 982 exhibere
2776 940 3004 998 oportet.
3073 931 3150 987 Ne
3200 934 3333 990 mihi
3392 951 3427 993 θ

1855 1016 2045 1065 contra
2089 1012 2169 1067 sic
2221 1028 2317 1069 vos
2354 1017 2552 1087 geratis
2596 1026 2653 1072 ut
2683 1021 2835 1077 vobis
2869 1023 3088 1079 solitum
3117 1036 3255 1092 erat,
3295 1042 3419 1083 cum

1854 1098 2067 1154 modico
2095 1117 2191 1157 vos
2221 1112 2464 1175 tempore
2484 1110 2857 1179 reprimentes,
2881 1113 2947 1167 ad
2974 1117 3217 1171 eamdem
3234 1121 3423 1189 nequi-

1852 1191 1981 1244 tiam
2017 1194 2292 1250 redibatis.
2332 1196 2449 1253 Non
2480 1201 2624 1256 enim
2645 1203 2708 1257 ad
2731 1206 2916 1260 eadem
2939 1207 3053 1276 ipsa
3068 1209 3419 1275 venimus,ad

1851 1296 1973 1350 qua:
1992 1283 2199 1352 priores
2218 1290 2507 1356 prophetae.
2542 1290 2757 1346 Diversa
2773 1304 2900 1350 sunt
2917 1299 3200 1365 przesentia
3218 1310 3272 1353 et
3290 1300 3420 1355 sub-

1850 1373 2083 1437 limiora,
2105 1380 2233 1448 quia
2255 1381 2368 1448 ipse
2383 1381 2552 1437 Judex
2572 1393 2625 1438 et
2640 1384 2751 1454 ipse
2766 1387 3182 1456 regniDominus
3200 1393 3417 1448 advenit

1847 1466 1911 1519 ad
1929 1469 2185 1535 majorem
2209 1471 2481 1527 deducens
2495 1474 2970 1544 philosoplrianuin
2984 1480 3172 1534 caelum
3193 1494 3413 1544 vocans,

1843 1560 1977 1611 etad
1996 1559 2082 1612 illa
2104 1562 2664 1620 trahenshabitacula.
2701 1568 2821 1620 Ideo
2851 1569 2917 1623 de
2940 1571 3181 1638 gehenna
3207 1587 3414 1625 sermo-

1842 1659 1965 1698 nem
2002 1645 2186 1715 aperio
2213 1663 2227 1700 :
2259 1663 2382 1703 nam
2423 1658 2477 1704 et
2513 1651 2651 1705 bona
2682 1663 2734 1707 et
2764 1654 2900 1709 mala
2931 1665 3129 1712 azterna
3174 1671 3316 1716 sunt.
3346 1663 3425 1720 Ne

1840 1732 2021 1804 itaque
2066 1735 2117 1789 in
2148 1736 2335 1791 iisdem
2385 1739 2536 1792 malis
2564 1744 2936 1809 perseveretis,
2986 1762 3084 1801 nec
3111 1750 3307 1805 solitos
3337 1755 3426 1807 ob-

1844 1835 2022 1882 tentus
2046 1828 2351 1897 proferatis,
2384 1832 2689 1897 Abrahami,
2724 1834 2907 1902 lsaaei,
2949 1837 3153 1903 Jacobi,
3196 1857 3425 1911 proavo-

1843 1935 1960 1975 rum
1995 1932 2293 1976 vestrorum
2323 1922 2673 1979 nobilitatem.
2705 1925 2826 1980 llmc
2850 1937 3025 1982 autem
3051 1931 3280 1997 dicebat,
3312 1949 3417 1991 non

1843 2026 1950 2082 quo
1989 2012 2272 2082 impediret
2312 2013 2429 2068 illos
2472 2028 2539 2067 nc
2582 2030 2643 2070 se
2686 2015 2927 2071 dicerent
2969 2035 3035 2073 ex
3082 2024 3280 2077 sanctis
3318 2025 3425 2081 illis

1845 2104 2170 2171 progenitos,
2219 2103 2311 2157 sed
2342 2103 2600 2159 cohibens
2630 2105 2750 2160 illos
2778 2122 2845 2161 ne
2885 2107 3007 2164 huic
3042 2111 3227 2179 generi
3268 2115 3428 2168 conli-

1842 2193 2050 2258 derent,
2100 2210 2200 2247 neu
2242 2195 2433 2248 anima:
2476 2196 2723 2251 virtutem
2768 2200 3131 2270 negligerent;
3177 2204 3334 2258 simul
3370 2216 3426 2261 et

1843 2303 1961 2355 qure
1993 2288 2044 2340 in
2082 2296 2260 2341 mente
2286 2276 2573 2342 versabant
2602 2288 2893 2357 proferens,
2936 2301 2991 2346 et
3020 2293 3191 2349 futura
3224 2297 3423 2366 prsidi-

1843 2394 1991 2433 cens.
2026 2379 2155 2434 Nam
2186 2388 2240 2435 et
2265 2390 2450 2449 postea
2483 2380 2745 2450 prodeunt
2773 2382 3010 2440 dicentes
3043 2402 3057 2440 :
3090 2384 3204 2441 Nos
3230 2398 3425 2456 patrem

1845 2469 2592 2536 habemusAbraham,etnulli
2601 2474 2904 2528 servivimus
2914 2488 3160 2541 umquam
3171 2475 3350 2548 (Joan.
3370 2480 3400 2532 8
3414 2510 3429 2525 ο

1844 2562 1958 2631 55).
1990 2561 2250 2629 Quoniam
2294 2562 2451 2631 igitur
2489 2562 2592 2618 hoc
2638 2574 2753 2616 erat
2782 2564 2921 2633 quod
2953 2566 3073 2621 illos
3100 2568 3330 2624 maxime
3372 2570 3430 2623 in

1844 2652 2199 2723 arrogantiam
2223 2654 2410 2707 extulit
2436 2662 2488 2707 et
2527 2654 2791 2721 perdidit;
2827 2654 2927 2709 hoc
2954 2657 3177 2724 primum
3207 2659 3319 2727 ipse
3344 2674 3401 2713 re
3419 2693 3439 2706 ι

1843 2743 2044 2813 primit.
2076 2742 2207 2797 Vide
2234 2753 2410 2796 autem
2439 2744 2705 2810 quomodo
2744 2754 2864 2812 post
2900 2757 3167 2800 servatum
3199 2749 3425 2816 patriar-

1842 2834 1961 2889 chae
1979 2834 2216 2889 debitum
2242 2835 2519 2898 honorem,
2551 2835 2648 2889 hos
2681 2846 2861 2905 postea
2888 2840 3175 2894 emendare
3206 2843 3420 2896 nitatur,

1842 2927 1978 2983 Cum
2025 2927 2247 2982 dixisset
2286 2929 2450 2994 enim,
2490 2926 2665 2981 Nolite
2719 2929 2905 2984 dicere.
2945 2929 3152 2983 Patrem
3190 2931 3429 2985 habemus

1843 3016 2121 3085 Abraham,
2150 3034 2255 3072 non
2276 3018 2501 3082 addidit,
2528 3017 2667 3072 Nihil
2693 3021 2834 3073 enim
2859 3036 2953 3075 vos
2978 3022 3172 3090 poterit
3199 3024 3425 3089 patriar-

1842 3110 1942 3166 cha
1966 3110 2187 3181 juvare:
2215 3110 2310 3165 sed
2344 3110 2528 3164 mitius
2555 3120 2611 3165 et
2638 3112 2912 3167 honestius
2954 3113 3055 3167 hoc
3097 3115 3269 3182 ipsum
3299 3116 3431 3168 sub-

1845 3203 2097 3259 indicavit
2134 3203 2357 3258 dicens:
2390 3202 2566 3258 Potest
2594 3204 2728 3258 enim
2755 3203 2890 3258 Deus
2917 3205 2981 3257 de
3022 3205 3277 3272 lapidibus
3319 3208 3430 3260 istis

1847 3297 2091 3352 suscitare
2116 3296 2250 3364 ﬁlios
2281 3296 2513 3351 Abralue.
2544 3296 2767 3363 Quidam
2796 3296 2980 3350 dicunt
3005 3296 3056 3351 id
3080 3297 3146 3351 de
3182 3298 3431 3367 gentibus

1842 3389 1971 3453 dici,
2014 3403 2146 3459 quas
2177 3388 2377 3458 lapides
2417 3387 2781 3456 metaphorice
2827 3396 2980 3441 vocat
3018 3402 3162 3457 :ego
3202 3403 3333 3443 vero
3375 3398 3431 3441 et

1844 3482 2001 3536 aliam
2028 3480 2154 3535 dicti
2182 3481 2503 3535 sententiam
2541 3493 2661 3532 esse
2690 3486 2838 3547 puto.
2883 3478 3103 3543 Qualem
3136 3478 3318 3532 illam?
3352 3478 3430 3532 Nc

1846 3573 2061 3644 putetis,
2094 3573 2280 3642 inquit,
2311 3571 2353 3625 si
2384 3586 2478 3625 vos
2500 3572 2755 3641 pereatis,
2784 3570 3138 3639 patriarcham
3166 3570 3283 3625 sine
3309 3570 3430 3624 liliis

1845 3665 1978 3720 fore.
2005 3663 2122 3719 Non
2160 3664 2250 3728 ita,
2282 3679 2387 3716 non
2417 3663 2485 3716 ita
2510 3661 2688 3730 utique
2715 3677 2801 3715 res
2827 3676 2885 3715 se
2914 3660 3090 3716 habet.
3119 3662 3257 3715 Deus
3284 3662 3426 3715 enim

1844 3766 2022 3829 potest
2046 3774 2114 3811 ex
2144 3755 2409 3827 lapidibus
2451 3756 2588 3808 tilios
2620 3755 2716 3823 ipsi
2748 3753 2899 3816 dare,
2942 3762 2994 3807 et
3022 3754 3088 3807 ad
3117 3755 3233 3824 ejus
3262 3770 3431 3823 genus

1843 3853 2319 3920 cognationemque
2346 3847 2464 3900 illos
2502 3844 2791 3911 deducere,
2822 3844 3088 3915 siquidem
3116 3845 3217 3900 hoc
3253 3847 3426 3915 ipsum

1845 3958 1874 3997 a
1903 3941 2164 4011 principio
2206 3939 2403 3993 factum
2448 3945 2552 3992 est.
2598 3934 2731 3990 Nam
2772 3951 2838 3990 ex
2880 3935 3143 4004 lapidibus
3186 3935 3431 3990 homines

1849 4034 1961 4088 fieri
1995 4033 2099 4087 tale
2130 4042 2232 4099 est,
2264 4032 2419 4101 quale
2448 4045 2513 4083 ex
2539 4028 2693 4083 vulva
2733 4028 2902 4082 sterili
2934 4028 3164 4096 puellum
3194 4028 3428 4096 prodire.

1845 4124 1997 4191 Quod
2044 4132 2098 4178 et
2133 4122 2387 4192 propheta
2429 4120 2774 4175 subindicaus
2812 4118 3061 4173 dicebat:
3095 4119 3342 4188 Respicite
3378 4120 3431 4172 iu

1847 4215 2063 4270 solidam
2090 4226 2305 4285 petram,
2334 4229 2397 4266 ex
2422 4229 2522 4282 qua
2542 4211 2697 4265 excisi
2714 4210 2851 4274 estis,
2881 4219 2929 4264 et
2953 4209 3021 4262 ad
3041 4213 3236 4279 foveam
3263 4208 3426 4273 lacus,

1847 4324 1909 4361 ea:
1948 4323 2048 4377 qua
2089 4304 2262 4372 e/Tossi
2299 4306 2414 4359 estis
2441 4320 2459 4357 :
2483 4302 2717 4372 respicite
2756 4302 2807 4353 in
2835 4300 3093 4353 Abraham
3121 4311 3315 4370 patrem
3342 4316 3429 4353 ve-

1846 4409 2026 4465 strum,
2054 4406 2101 4451 et
2138 4398 2190 4450 in
2216 4397 2403 4451 Sarant
2425 4409 2539 4463 qua:
2563 4410 2646 4446 vos
2675 4392 2938 4461 parturivit
2963 4389 3113 4462 (Isai.
3149 4392 3238 4447 5|.
3267 4393 3318 4448 1.
3346 4391 3429 4462 2).

1849 4492 1996 4546 lianc
2041 4507 2170 4559 ergo
2212 4489 2542 4560 prophetiam
2586 4487 2693 4541 illis
2735 4494 2949 4540 revocat
2993 4485 3046 4539 in
3091 4485 3429 4552 memoriam,

1847 4584 2185 4652 ostenditque
2209 4584 2345 4636 sicut
2373 4596 2401 4634 a
2432 4579 2690 4650 principio
2714 4579 2861 4632 illtun
2892 4578 2970 4632 sic
2990 4577 3308 4633 mirabiliter
3333 4593 3430 4648 pa-

1848 4688 1984 4731 trem
2014 4674 2207 4740 ellecit,
2235 4675 2384 4744 quasi
2430 4689 2497 4728 ex
2529 4672 2815 4742 lapidibus,
2846 4672 2924 4727 sic
2946 4681 3001 4726 et
3030 4687 3172 4727 nunc
3210 4687 3427 4742 quoque

1849 4770 1897 4823 id
1928 4784 2081 4839 posse
2111 4762 2242 4822 lie'ri.
2275 4768 2379 4821 Sed
2404 4766 2523 4820 vide
2544 4764 2814 4835 quomodo
2839 4772 2893 4819 et
2925 4772 3121 4819 terreat
3141 4772 3197 4819 et
3222 4766 3431 4819 exscin-
3482 4812 3485 4815 .

1848 4860 1958 4915 dat.
2002 4861 2114 4914 Non
2145 4861 2285 4913 enim
2314 4859 2466 4922 dixit,
2497 4858 2613 4912 .lam
2644 4857 2914 4923 excitavit,
2960 4872 3028 4910 ne
3054 4855 3152 4924 ipsi
3192 4855 3429 4911 animum

1848 4952 2274 5021 desponderent;
2326 4950 2443 5015 sed,
2503 4949 2765 5003 Suscitare
2811 4957 2989 5016 potest.
3038 4945 3221 5015 Neque
3272 4945 3428 5008 dixit,

1853 5044 2106 5097 Ilomines
2146 5043 2320 5097 facere
2347 5051 2520 5109 potest
2558 5056 2623 5094 ex
2655 5038 2937 5108 lapidibus,
2976 5036 3071 5092 sed
3097 5036 3237 5106 quod
3265 5039 3435 5091 multo

1850 5135 2020 5204 majus
2044 5144 2179 5198 erat,
2203 5144 2257 5187 et
2285 5143 2536 5202 cognatos
2564 5140 2615 5185 et
2644 5130 2779 5183 lilios
2808 5127 3055 5183 Abrahae.
3093 5126 3275 5183 Viden’
3300 5146 3434 5199 quo-

1851 5228 2009 5282 modo
2026 5228 2157 5281 illos
2187 5226 2412 5279 abduxit
2450 5240 2480 5277 a
2518 5222 2718 5276 cartmli
2758 5221 2848 5275 illa
2887 5221 3265 5291 imaginatione
3305 5231 3361 5277 et
3401 5239 3431 5277 tt

1850 5319 2097 5389 prmsidio
2139 5332 2479 5387 proavorum,
2525 5324 2583 5367 ut
2614 5315 2666 5368 in
2698 5312 2908 5383 propria
2955 5314 3263 5381 ptenitentia
3298 5322 3432 5368 tem-

1850 5412 2194 5481 perautiaque
2235 5423 2381 5477 spem
2428 5406 2619 5459 salutis
2646 5403 2943 5460 haberent?
2968 5404 3142 5459 viden’
3163 5405 3430 5475 quomodo

1848 5503 2216 5573 cognationem
2246 5499 2420 5555 carnis
2447 5496 2756 5566 excludcns,
2788 5495 2913 5553 ﬁdei
2939 5497 3310 5568 cognationem
3349 5498 3426 5553 in-

1848 5594 2031 5653 ducit?

1926 5690 1980 5745 3.
2021 5686 2278 5754 Quantum
2309 5685 2567 5742 vehemens
2588 5684 2651 5740 sit
2683 5683 2957 5755 increpatio
2984 5698 3076 5753 1ua
3100 5678 3308 5737 Iudicas
3327 5694 3422 5735 ex-
