3856 6180
462 221 572 279 195

458 338 580 391 citat
606 331 834 388 Joannes
869 327 1120 399 Baptista.
1152 328 1324 381 Timor
1341 325 1411 379 ad
1438 325 1774 395 paenitentiam
1798 321 2044 376 ducit.—

459 426 746 496 Perpende
767 424 945 493 itaque
983 422 1253 493 quomodo
1292 420 1344 473 in
1371 417 1716 489 sequentibus
1745 415 1933 469 horum
1973 414 2042 468 tio

458 532 665 574 morem
684 526 895 586 augeat,
924 522 981 569 et
1005 510 1417 568 sollicitudinem
1442 510 1696 564 intendat.
1719 506 1853 562 Cum
1878 505 2043 562 dixis-

455 618 541 663 set
581 608 746 671 enim,
775 605 948 661 Potest
976 602 1117 659 Deus
1143 618 1206 657 ea:
1228 602 1482 672 lapidibus
1507 601 1617 654 istis
1638 601 1881 653 suscitare
1906 598 2043 667 ﬁlios

454 702 694 766 Abicite,
718 699 997 769 subiunxit
1026 713 1041 752 :
1074 697 1163 752 l0.
1183 694 1306 748 lam
1342 694 1532 748 securis
1560 694 1629 746 ad
1646 692 1869 746 radicem
1893 693 2042 744 arbo-

454 810 565 848 rum
592 793 757 865 posita
782 800 853 846 est
879 806 899 844 :
923 805 1017 859 per
1038 788 1214 842 omnia
1255 785 1548 841 terribilem
1586 797 1888 838 sermonem
1915 781 2043 838 red-

453 886 613 942 dens.
642 884 776 942 Nam
818 900 885 939 ex
916 884 1038 937 vita:
1077 896 1276 952 genere
1317 894 1559 949 magnam
1587 877 1797 932 dicendi
1829 877 2044 932 liberta-

456 986 562 1032 tem
591 985 779 1031 nactus
815 984 966 1039 erat;
999 974 1076 1027 illi
1105 988 1233 1027 vero
1261 970 1567 1027 vehementi
1594 968 1826 1039 egebant
1869 968 2045 1023 incre-

456 1069 705 1138 patione,
750 1068 874 1137 quia
924 1081 955 1119 a
1004 1063 1172 1118 multo
1203 1063 1312 1132 jam
1367 1071 1607 1130 tempore
1658 1060 2041 1116 obduruerant.

453 1158 589 1226 Quid
619 1159 764 1213 enim
794 1156 933 1220 dico,
959 1155 1146 1225 inquit,
1170 1152 1282 1208 fore
1308 1162 1364 1207 ut
1384 1152 1641 1207 excidatis
1667 1166 1697 1205 a
1728 1151 2043 1220 patriarcha:

454 1248 793 1318 cognatione,
834 1256 888 1301 et
912 1246 1047 1299 alios
1074 1244 1299 1299 videatis
1340 1259 1403 1297 ex
1434 1242 1695 1311 lapidibus
1724 1244 1777 1296 in
1806 1254 2040 1298 vestram

454 1338 745 1393 succedere
788 1336 1133 1407 dignitatem?
1171 1334 1301 1389 Nam
1344 1350 1449 1388 non
1492 1334 1593 1387 hoc
1640 1341 1844 1387 tantum
1891 1332 2041 1386 vobis

454 1432 559 1486 erit
588 1446 779 1501 pmna',
820 1430 915 1484 sed
954 1439 1008 1483 et
1046 1429 1268 1482 ulterius
1296 1426 1469 1479 adhuc
1498 1426 1750 1495 procedet
1786 1425 2037 1479 vindicta.

454 1523 576 1577 1am
609 1524 773 1587 enim,
815 1522 1003 1592 inquit,
1032 1521 1220 1574 securis
1257 1520 1325 1573 ad
1350 1519 1573 1572 radicem
1608 1520 1847 1571 arborum
1877 1517 2042 1586 posita

455 1626 549 1670 est.
579 1615 720 1671 Nihil
752 1615 1041 1669 terribilius
1064 1612 1161 1667 hac
1192 1612 1437 1681 loquendi
1476 1612 1662 1681 ﬁgura.
1693 1610 1809 1665 lam
1840 1610 2039 1680 quippe

457 1724 564 1762 non
595 1708 733 1761 ultra
766 1706 957 1761 falcem
996 1704 1286 1767 volantem,
1329 1718 1435 1757 non
1479 1717 1661 1771 sepem
1690 1702 2037 1767 destructam,

461 1817 567 1856 non
594 1800 958 1855 conculcatam
1006 1798 1239 1859 vineam,
1281 1810 1504 1850 cernere
1529 1804 1645 1857 est;
1675 1793 1771 1848 sed
1808 1792 2041 1848 securim

452 1894 739 1949 admodum
762 1900 1063 1955 exacutam,
1090 1888 1339 1960 quodque
1357 1888 1591 1958 gravius,
1618 1887 1729 1956 jam
1756 1885 1821 1940 ad
1843 1886 2038 1955 januas

457 1986 705 2054 positam.
751 1982 885 2047 Quia
921 1982 1063 2036 enim
1106 1979 1384 2049 prophetis
1430 1993 1537 2033 non
1564 1977 1865 2042 credentes,
1898 1988 2042 2045 saepe

453 2076 703 2130 dicebant
734 2092 747 2127 :
782 2072 880 2127 Ubi
909 2082 981 2126 est
1021 2071 1129 2125 dies
1154 2068 1404 2124 Domini?
1446 2078 1519 2133 et,
1559 2066 1733 2121 Veniat
1770 2066 2039 2121 comitium

454 2168 615 2222 sancti
649 2165 831 2229 Israel,
875 2174 931 2218 ut
972 2165 1192 2219 sciamus
1232 2161 1383 2235 (lsai.
1416 2162 1469 2217 5.
1499 2160 1590 2231 l9)
1617 2178 1629 2213 :
1658 2175 1725 2215 eo
1765 2159 1907 2230 quod
1951 2174 2038 2227 ea,

455 2275 574 2329 quae
595 2258 1044 2330 praedicebantur,
1078 2263 1200 2326 post
1239 2245 1436 2308 multos
1462 2267 1634 2307 annos
1660 2266 1804 2322 smpe
1825 2251 2040 2309 accide-

456 2360 710 2406 rentzut
755 2349 854 2403 hac
908 2348 1030 2403 illos
1082 2345 1450 2402 consolatione
1504 2345 1756 2414 privaret,
1810 2344 2040 2398 vicinam

456 2443 585 2513 ipsis
618 2441 971 2498 calamitatem
1024 2438 1319 2494 constituit.
1373 2435 1506 2513 Illud
1546 2450 1707 2506 porro
1752 2434 2041 2491 declaravit

456 2510 572 2589 [nec
593 2548 718 2598 vox,
747 2531 868 2586 1am
891 2547 910 2596 ;
936 2530 1135 2586 indicat
1160 2530 1308 2592 item,
1335 2510 1476 2599 quod
1505 2528 1614 2597 jam
1643 2526 1848 2583 securis
1874 2524 2039 2581 radici

453 2624 669 2680 admota
707 2624 796 2679 sit.
826 2622 963 2677 Nihil
990 2623 1131 2677 enim
1182 2620 1551 2676 intermedium
1579 2628 1682 2685 est,
1712 2617 1903 2688 inquit,
1945 2616 2041 2675 sed

452 2717 561 2785 iam
591 2715 756 2770 radici
786 2716 966 2770 instat.
997 2713 1113 2768 Non
1137 2712 1290 2780 dixit,
1332 2712 1535 2778 Ramis,
1569 2726 1696 2776 non,
1726 2709 2038 2775 Fruetibus,

454 2807 573 2874 sed,
602 2807 823 2872 Radici;
855 2804 1144 2861 ostendens
1171 2805 1332 2874 ipsos,
1375 2804 1421 2859 si
1450 2803 1685 2873 segniter
1724 2811 1903 2872 agant,
1935 2800 2041 2857 im-

456 2899 791 2955 medicabilia
819 2898 956 2952 mala
999 2910 1253 2967 passuros
1281 2910 1423 2961 esse,
1473 2896 1591 2950 sine
1620 2895 1725 2950 ulla
1762 2909 1859 2964 Spe
1886 2908 2043 2949 cura-

456 2992 643 3048 tionis.
669 2989 851 3061 Neque
875 2990 1017 3045 enim
1044 3004 1232 3044 servus
1255 2999 1338 3043 est
1364 2988 1407 3042 is
1428 2988 1516 3054 qui
1539 2987 1774 3052 advenit,
1805 2996 1864 3041 ut
1894 2986 1928 3040 ii
1950 2986 2041 3056 qui

455 3092 648 3149 antea;
694 3082 789 3139 sed
836 3082 950 3152 ipse
998 3081 1370 3136 universorum
1410 3079 1689 3143 Dominus,
1739 3076 1829 3149 qui
1874 3075 2041 3133 vehe-

456 3187 691 3234 mentem
731 3186 787 3232 et
810 3174 1180 3249 gravissimam
1224 3171 1415 3243 infligit
1436 3171 1745 3226 vindictam.
1791 3171 2041 3226 Attamen

457 3278 736 3338 postquam
777 3267 897 3322 illos
925 3264 1207 3331 exterruit,
1237 3278 1343 3319 non
1368 3262 1499 3320 sinit
1530 3264 1584 3318 in
1608 3261 2040 3333 desperationem

454 3359 729 3426 incidere;
783 3359 878 3416 sed
905 3357 1356 3430 quemadmodum
1387 3372 1547 3428 supra
1592 3372 1699 3411 non
1728 3356 1885 3421 dixit,
1934 3355 2040 3411 Su-

452 3452 688 3517 scitavit,
716 3451 832 3516 sed,
863 3449 1040 3505 Potest
1065 3450 1313 3505 suscitare
1349 3450 1484 3518 ﬁlios
1507 3448 1743 3512 Abrahae,
1781 3457 2040 3503 terrorem

452 3542 613 3603 simul
653 3551 706 3600 et
734 3544 1167 3601 consolationem
1196 3541 1490 3598 immittens
1519 3557 1534 3592 :
1562 3540 1641 3595 sic
1683 3549 1739 3595 et
1786 3539 1889 3594 hoc
1925 3538 2042 3594 loco

455 3648 561 3691 non
596 3636 754 3701 dixit,
788 3637 1043 3692 Radieem
1091 3636 1288 3707 attigit,
1329 3634 1445 3700 sed,
1492 3634 1573 3688 Ad
1613 3630 1834 3689 radicem
1877 3631 2041 3706 posita

453 3738 549 3793 est,
577 3743 671 3783 seu
699 3726 865 3783 radici
894 3727 1106 3783 admota
1130 3738 1248 3792 est;
1277 3738 1333 3783 et
1356 3728 1553 3785 nullam
1580 3726 1697 3783 fore
1730 3728 2039 3783 dilationem

452 3819 709 3876 ostendit.
757 3820 1026 3875 Caeterum
1076 3819 1177 3875 etsi
1218 3820 1365 3875 illam
1402 3820 1474 3874 ita
1515 3834 1681 3890 prope
1720 3818 2038 3885 admoverit,

454 3912 747 3968 sectionem
777 3910 829 3967 in
861 3920 1041 3967 vestro
1069 3910 1218 3982 ponit
1256 3911 1499 3967 arbitrio.
1528 3911 1658 3966 Nam
1691 3913 1735 3965 si
1762 3920 2042 3967 converta-

455 4003 606 4068 mini,
643 3989 698 4058 et
740 4004 793 4058 in
822 4002 1011 4058 melius
1054 4003 1355 4067 mutemini,
1388 4003 1518 4057 nihil
1564 4012 1783 4073 operata
1834 4002 2040 4057 securis

454 4096 848 4161 removebitur;
890 4095 936 4151 si
983 4105 1159 4150 autem
1200 4095 1250 4150 in
1295 4096 1482 4151 iisdem
1528 4096 1720 4151 studiis
1747 4095 2032 4160 maneatis,

453 4190 711 4245 radicitus
738 4189 985 4245 arborem
1021 4188 1235 4244 avellet.
1270 4187 1395 4244 ldeo
1421 4188 1627 4244 securis
1670 4204 1770 4244 nec
1796 4204 1826 4243 a
1855 4187 2035 4244 radice

448 4292 751 4348 amnvetur,
812 4296 989 4353 neque
1014 4290 1161 4338 secat
1204 4280 1441 4347 admota,
1497 4290 1609 4336 tum
1646 4296 1714 4337 ne
1757 4280 2036 4345 deeidatis,

449 4383 564 4427 tum
611 4382 669 4427 ut
707 4374 947 4441 discatis,
985 4387 1144 4443 posse
1190 4388 1285 4427 vos
1327 4372 1474 4428 brevi
1522 4382 1762 4442 tempore
1804 4380 2038 4427 mutatos

449 4465 682 4518 salutem
728 4465 1006 4534 consequi.
1046 4463 1171 4519 ldeo
1208 4464 1442 4534 undique
1481 4464 1727 4519 timorem
1766 4472 1948 4534 auget,
1981 4472 2039 4518 ut

445 4556 650 4611 excitet
689 4555 836 4624 ipsos
860 4554 1204 4626 impellatque
1232 4556 1297 4610 ad
1323 4556 1710 4626 paenitentiam.
1734 4554 1868 4609 Nam
1892 4564 1947 4610 et
1969 4554 2040 4610 ab

402 4696 413 4707 .
446 4663 673 4703 avomm
704 4647 958 4718 dignitate
998 4647 1267 4713 excidere,
1300 4655 1356 4702 et
1390 4647 1525 4701 alios
1552 4646 1604 4701 in
1637 4648 1717 4701 sui
1749 4647 1924 4701 locum
1951 4647 2037 4701 in-

448 4742 643 4798 ductos
671 4755 913 4804 cernere,
944 4748 1001 4794 et
1024 4740 1156 4794 mala
1186 4741 1239 4794 in
1255 4740 1433 4810 januis
1462 4754 1604 4803 esse,
1635 4748 1693 4795 et
1729 4738 2039 4795 intolerabi-

449 4834 522 4888 lia
567 4832 702 4886 mala
753 4832 971 4892 instare,
1022 4846 1142 4898 quae
1181 4842 1404 4900 utraque
1448 4846 1542 4900 per
1581 4830 1815 4885 radicem
1862 4839 1912 4885 et
1942 4844 2038 4901 per

451 4924 680 4980 securim
704 4922 982 4985 indicavit;
1010 4920 1144 4988 lucc,
1177 4923 1413 4992 inquam,
1443 4932 1709 4992 poterant,
1739 4922 1822 4977 vel
1850 4922 2038 4977 admo-

449 5019 581 5073 dum
610 5019 661 5072 in
705 5016 1005 5073 socordiam
1051 5016 1229 5085 lapsos
1255 5017 1511 5081 excitare,
1543 5025 1598 5070 et
1622 5016 1884 5071 sollicitos
1909 5016 2035 5072 red-

449 5112 597 5166 dere.
640 5111 751 5165 lloc
776 5111 954 5181 itaque
979 5108 1257 5165 declarans
1280 5108 1492 5173 Paulus,
1521 5108 1733 5165 dicebat
1761 5128 1777 5164 :
1817 5108 2035 5165 Verbum

449 5204 793 5257 nbbreviatuin
836 5204 988 5275 faciet
1031 5202 1282 5257 Dominus
1327 5219 1478 5273 super
1532 5204 1817 5257 universum
1864 5203 2033 5259 orbem

459 5288 631 5357 (ﬂant.
658 5293 713 5349 9.
740 5294 853 5365 (ξε).
904 5293 1011 5350 Sed
1053 5309 1121 5351 ne
1154 5295 1374 5360 timeas;
1418 5294 1526 5351 imo
1555 5296 1731 5365 potius
1774 5296 1902 5351 time
1926 5296 2037 5367 qni-

448 5385 597 5451 dem,
625 5385 719 5441 sed
758 5401 825 5441 ne
849 5386 1124 5456 desperes.
1156 5386 1289 5442 Nam
1332 5385 1509 5441 adhuc
1546 5401 1695 5458 spem
1726 5388 2036 5442 mutationis

452 5479 652 5538 habes:
684 5495 859 5551 neque
886 5480 1029 5535 enim
1069 5480 1334 5537 sententia
1378 5481 1430 5535 in
1456 5496 1590 5551 opus
1629 5480 1830 5550 prodit,
1862 5494 2034 5551 neque

450 5571 659 5626 securis
684 5569 750 5624 ad
772 5569 1059 5625 secandum
1090 5571 1253 5625 venit.
1283 5570 1419 5637 Quid
1439 5572 1583 5626 enim
1612 5585 1680 5625 ne
1708 5580 1917 5627 secaret
1943 5571 2035 5627 im-

460 5657 715 5726 pediebat
745 5661 889 5717 illam
933 5660 1096 5718 radici
1141 5662 1453 5719 admotam?
1492 5662 1597 5720 Sed
1639 5672 1696 5720 ut
1744 5673 1798 5721 te
1838 5664 2028 5720 timore

1182 212 1225 269 S
1282 210 1560 269 IOANNIS
1606 204 2039 267 CIIRYSOSTOH

2149 203 2435 264 lBCHIEP.
2475 207 3016 269 CONSTAN‘I‘INOP.

3619 221 3717 277 {‘36

2154 322 2433 378 meliorem
2470 325 2739 393 redderet,
2767 327 2908 383 etad
2936 326 3215 383 ferendum
3244 326 3472 384 fructum
3502 340 3715 397 aptaret.

2152 411 2368 469 admota
2397 414 2512 470 fuit.
2550 416 2677 471 Ideo
2704 418 2882 476 intulit
2912 436 2924 472 :
2958 418 3137 473 Omnis
3166 422 3317 473 arbor
3342 436 3454 491 qua:
3480 438 3575 474 non
3610 423 3723 489 facit

2152 510 2374 579 fructum
2405 509 2589 562 bonum
2632 511 2911 576 eacidetur,
2955 521 3005 566 et
3039 513 3095 566 in
3132 513 3297 583 ignem
3328 514 3568 567 mittetur.
3595 514 3719 568 Cum

2153 614 2315 669 porro
2338 599 2485 664 dicit,
2511 599 2711 666 Omnis,
2734 611 2949 657 amovet
2971 616 3185 658 omnem
3214 604 3507 659 nobilitatis
3530 620 3721 674 prasto-

2151 692 2401 761 gativam.
2435 692 2655 748 Etiamsi
2681 693 2823 747 enim
2852 692 3021 762 ipsius
3050 694 3280 748 Abrahae
3308 709 3477 764 nepos
3519 696 3613 759 sis,
3643 695 3720 749 in-

2153 785 2289 854 quit,
2319 786 2530 841 etiamsi
2559 785 2700 841 inter
2723 798 2854 839 avos
2883 785 3082 839 multos
3100 800 3415 840 enumerare
3448 786 3615 854 possis
3636 802 3721 855 pa-

2153 878 2433 944 triarchas,
2465 879 2663 948 duplex
2685 879 3003 949 supplicium
3032 879 3168 943 lues,
3195 878 3240 933 si
3266 878 3381 932 sine
3410 877 3583 933 fructu
3612 895 3723 932 uta-

2152 985 2304 1026 neas.
2338 970 2431 1025 His
2456 971 2632 1026 verbis
2656 971 2969 1040 publicanos
2995 970 3204 1036 terruit,
3238 970 3463 1025 militum
3493 971 3721 1025 animum

2151 1066 2459 1128 commovit,
2500 1079 2606 1119 non
2643 1065 2697 1119 in
2722 1064 3154 1134 desperationem
3181 1064 3495 1132 conjicicns.
3526 1063 3621 1118 sed
3659 1066 3722 1117 ah

2152 1158 2298 1212 omni
2339 1159 2565 1228 segnitie
2589 1157 2900 1214 detrudens.
2947 1158 3080 1213 Nam
3122 1159 3175 1213 id
3204 1159 3344 1228 quod
3374 1158 3573 1213 dictum
3614 1165 3725 1213 erat

2151 1263 2271 1304 cum
2301 1249 2494 1304 timore
2532 1264 2779 1319 magnam
2804 1250 3113 1319 adiunctam
3142 1250 3372 1305 habebat
3408 1249 3725 1305 consolatio-

2152 1355 2296 1394 nem.
2324 1339 2459 1395 Cum
2488 1341 2625 1394 dixit
2649 1342 2817 1405 enim,
2850 1341 2979 1408 Qua:
3002 1358 3102 1394 non
3123 1342 3244 1410 facit
3273 1343 3494 1412 fructum
3519 1341 3721 1405 bonum,

2152 1430 2387 1485 ostendit
2431 1431 2599 1495 illam,
2638 1447 2760 1501 qua:
2809 1431 3038 1487 fructum
3078 1433 3277 1487 bonum
3328 1432 3548 1502 profert,
3599 1431 3724 1486 nulli

2152 1523 2413 1591 supplicio
2436 1537 2557 1578 esse
2578 1523 2883 1578 obnoxiam.

2222 1614 2276 1668 4.
2302 1613 2664 1681 thuomodo,
2680 1614 2905 1683 inquies,
2926 1614 3150 1668 fructum
3167 1613 3306 1668 ferre
3323 1613 3637 1683 poterimus,
3654 1614 3724 1667 in-

2151 1713 2324 1759 stante
2336 1704 2592 1767 sectione,
2606 1715 2655 1759 et
2672 1704 2723 1758 in
2740 1714 2843 1759 tam
2856 1714 3079 1774 angusto
3092 1714 3328 1772 tempore
3339 1744 3357 1772 ,
3371 1719 3490 1759 cum
3503 1712 3727 1759 statutus

2153 1798 2412 1851 terminus
2436 1798 2504 1851 sit
2528 1797 2597 1851 ita
2626 1797 2937 1866 proximus?
2961 1797 3190 1863 Poteris,
3215 1798 3417 1868 inquit;
3450 1811 3559 1851 non
3589 1797 3723 1852 enim

2152 1888 2274 1943 talis
2291 1896 2377 1943 est
2395 1888 2504 1953 ille,
2520 1888 2691 1958 qualis
2705 1888 2954 1943 arborum
2971 1886 3283 1957 fructus,qui
3304 1888 3527 1942 multum
3553 1897 3729 1958 postu-

2150 1977 2226 2033 lat
2240 1988 2467 2047 tempus,
2481 1986 2537 2034 et
2550 1988 2632 2033 est
2646 1979 2772 2033 anni
2789 1978 3189 2047 tempestatibus
3204 1978 3467 2042 subditus,
3485 1993 3551 2034 ac
3566 1978 3727 2033 multa

2149 2077 2272 2137 eget
2284 2068 2620 2138 operatione;
2639 2068 2731 2123 sed
2747 2068 2939 2123 sufficit
2953 2068 3111 2133 velle,
3127 2069 3364 2123 etstatim
3381 2068 3534 2131 floret
3549 2069 3723 2124 arbor.

2150 2157 2334 2228 Neque
2350 2159 2493 2213 enim
2512 2159 2705 2215 radicis
2726 2170 2911 2214 natura
2935 2169 3158 2227 tantum,
3184 2160 3279 2215 sed
3298 2161 3457 2215 etiam
3479 2175 3571 2215 ars
3588 2161 3725 2231 agri-

2149 2250 2283 2305 cola:
2302 2250 2368 2305 ad
2386 2250 2613 2305 fructum
2633 2250 2909 2306 ferendum
2928 2254 3156 2307 maxime
3161 2252 3331 2322 juvat.
3350 2252 3551 2309 Idcirco
3574 2269 3639 2309 ne
3654 2253 3730 2307 di-

2150 2349 2335 2398 cerent
2352 2360 2367 2397 :
2383 2341 2492 2403 Nos
2511 2343 2712 2410 turbas,
2729 2359 2905 2413 urges.
2924 2344 3087 2413 cogis,
3109 2344 3322 2399 admota
3342 2345 3516 2400 securi
3538 2345 3732 2400 sectio-

2150 2450 2273 2493 nem
2298 2436 2695 2503 commiuando,
2714 2445 2770 2493 et
2790 2438 2842 2491 in
2867 2436 2982 2507 ipso
3002 2438 3245 2507 supplicii
3269 2448 3509 2508 tempore
3529 2436 3732 2494 fructus

2152 2535 2468 2597 proventum
2491 2527 2694 2598 exigis;
2717 2526 3012 2598 subjunxit,
3035 2527 3323 2583 ostendens
3342 2528 3601 2585 aﬂ‘erendi
3623 2529 3730 2583 fru-

2148 2626 2270 2673 ctus
2287 2617 2594 2675 facilitatem
2614 2635 2627 2671 :
2646 2619 2666 2673 1
2683 2619 2733 2673 1.
2752 2617 2863 2689 Ego
2885 2635 2970 2675 vos
2988 2618 3188 2689 baptizo
3208 2620 3261 2674 in
3284 2636 3415 2690 aqua
3428 2637 3447 2674 :
3463 2621 3551 2692 qui
3567 2631 3733 2675 autem

2151 2718 2262 2780 post
2280 2727 2360 2764 me
2376 2711 2528 2774 venit.
2555 2712 2737 2782 fortior
2751 2727 2830 2765 tne
2846 2719 2939 2777 est,
2961 2711 3107 2782 cujus
3124 2728 3224 2766 non
3240 2728 3352 2765 sum
3368 2711 3555 2783 dignus
3573 2713 3733 2767 corri-

2148 2802 2287 2873 giam
2312 2802 2634 2857 calceamenti
2656 2804 2867 2861 solvere.
2897 2800 3020 2872 Ipse
3044 2819 3129 2858 vos
3157 2802 3426 2872 baptizabit
3452 2804 3504 2857 in
3535 2800 3733 2874 Spiritu

2149 2902 2323 2947 sancto
2351 2902 2398 2947 et
2421 2895 2475 2947 in
2499 2895 2647 2965 igne:
2667 2894 2751 2950 his
2778 2894 3057 2949 declarans
3085 2894 3358 2950 voluntate
3382 2894 3539 2950 simul
3562 2905 3617 2950 et
3634 2895 3735 2950 fide

2149 2998 2285 3054 opus
2304 2999 2447 3053 esse,
2467 3002 2572 3041 non
2590 2986 2860 3043 laboribus
2878 2986 3299 3058 sudoribusque;
3321 2998 3482 3058 atque
3509 2997 3569 3043 ut
3584 2987 3735 3043 facile

2151 3086 2234 3133 est
2253 3077 2527 3147 baptizari,
2547 3078 2615 3133 ita
2634 3077 2791 3133 facile
2812 3092 2933 3135 esse
2950 3078 3188 3134 converti
3212 3087 3267 3133 et
3285 3079 3538 3134 meliores
3554 3080 3737 3134 evade-

2150 3184 2229 3225 re.
2248 3169 2533 3241 Postquam
2552 3170 2711 3240 igitur
2725 3170 2936 3225 illorum
2952 3170 3161 3224 animos
3171 3179 3531 3225 commoverat
3547 3171 3737 3225 timore

2143 3260 2328 3331 judicii
2341 3262 2804 3333 etexSpectatione
2815 3260 3081 3331 supplicii,
3101 3262 3304 3317 securis
3318 3263 3557 3329 nomine,
3579 3263 3738 3333 maju-

2150 3369 2268 3410 rum
2306 3354 2617 3422 amissione,
2654 3353 2884 3410 aliorum
2921 3354 3227 3411 inductione
3252 3355 3508 3423 ﬁliorum,
3536 3355 3734 3427 duplici

2148 3445 2432 3515 supplicio,
2455 3445 2711 3503 sectionis
2738 3456 2795 3502 et
2820 3447 3074 3514 incendii,
3102 3455 3158 3502 et
3180 3456 3362 3517 postea
3393 3445 3589 3501 horum
3616 3464 3735 3501 om-

2148 3539 2295 3592 nium
2306 3538 2554 3594 duritiem
2565 3538 3015 3609 asperitatemque
3029 3538 3382 3609 mitigaverat,
3395 3552 3459 3593 ac
3471 3537 3735 3592 malorum

2147 3627 2477 3701 depulsionis
2486 3628 2806 3686 desiderium
2821 3629 3103 3686 induxerat
3117 3645 3131 3684 :
3147 3637 3270 3687 tunc
3281 3627 3495 3687 demum
3508 3628 3737 3684 ἀξιοίη-ἰ-

2148 3736 2233 3781 sto
2252 3724 2414 3780 verba
2436 3725 2580 3788 facit,
2613 3741 2718 3780 non
2744 3725 3080 3795 simpliciter,
3109 3724 3203 3780 sed
3225 3724 3597 3781 excellentiam
3619 3724 3735 3794 ejus

2147 3818 2439 3885 extollens;
2456 3816 2650 3874 deinde
2666 3826 2920 3887 quantum
2940 3818 3207 3873 intervalli
3221 3828 3365 3875 esset
3381 3819 3520 3874 inter
3534 3833 3599 3875 se
3611 3829 3668 3875 et
3684 3821 3737 3873 il-

2149 3911 2259 3966 lum
2288 3910 2589 3977 declarans,
2614 3926 2682 3966 ne
2708 3911 2985 3967 videretur
3005 3911 3056 3966 id
3089 3911 3156 3966 ad
3183 3913 3409 3982 gratiam
3436 3912 3645 3977 dicere,
3667 3928 3731 3968 ex

2146 4004 2549 4074 comparatione
2568 4001 2831 4057 donorum
2853 4018 2973 4072 qua:
3005 4001 3074 4057 ab
3102 4012 3325 4072 utroque
3349 4014 3654 4072 manarent,
3683 4006 3732 4059 id

2148 4094 2371 4166 peragit.
2382 4093 2499 4149 Non
2512 4095 2655 4150 enim
2671 4094 2848 4148 statim
2861 4093 3012 4159 dixit,
3023 4093 3182 4164 Cujus
3192 4111 3291 4149 non
3304 4112 3413 4149 sum
3425 4095 3612 4167 dignus
3623 4113 3737 4150 cor-

2144 4189 2327 4262 rigiam
2352 4188 2676 4243 calceamenti
2699 4188 2908 4256 solvere,
2932 4188 3026 4245 sed
3064 4197 3343 4259 postquam
3371 4189 3623 4259 baptismi
3652 4192 3733 4245 sui

2144 4281 2536 4352 simplicitatem
2569 4280 2766 4351 posuit,
2794 4288 2849 4341 et
2876 4279 3112 4335 ostendit
3148 4280 3295 4335 illum
3323 4280 3455 4335 nihil
3484 4281 3607 4350 plus
3634 4280 3732 4336 ba-

2143 4373 2293 4438 bere,
2311 4387 2469 4443 quam
2489 4371 2633 4442 quod
2656 4370 2723 4426 ad
2745 4371 3107 4442 paenitentiam
3138 4372 3282 4441 ipsos
3300 4370 3591 4427 deduceret
3612 4374 3734 4443 (nc-

2141 4481 2247 4536 qne
2274 4466 2418 4521 enim
2443 4464 2598 4528 dixit,
2651 4462 2709 4517 lu
2745 4477 2879 4534 aqua
2908 4462 3261 4527 remissionis,
3304 4460 3422 4529 sed,
3454 4462 3734 4519 Pmniten-

2144 4557 2276 4628 tiaz),
2303 4556 2502 4611 Christi
2544 4555 2865 4625 baptismum
2905 4553 3056 4623 ponit
3094 4552 3349 4610 inen‘abili
3389 4552 3532 4609 dono
3561 4555 3736 4611 reler-

2142 4657 2277 4703 tum.
2316 4647 2415 4715 Ne,
2445 4648 2635 4718 inquit,
2664 4661 2787 4702 cum
2824 4645 2999 4710 audis,
3042 4646 3214 4716 ipsum
3241 4654 3364 4717 post
3400 4660 3490 4702 me
3514 4646 3727 4710 venire,

2143 4740 2289 4795 illum
2316 4738 2605 4810 despicias,
2646 4737 2788 4810 quod
2816 4748 3127 4808 postremus
3152 4737 3361 4793 venerit
3387 4754 3402 4791 :
3430 4737 3582 4794 disce
3620 4740 3729 4793 vim

2140 4835 2267 4890 doni
2303 4834 2494 4905 ipsius,
2534 4841 2588 4889 et
2622 4833 2768 4887 clare
2793 4832 2931 4888 scies
2972 4846 3059 4886 me
3088 4846 3188 4887 nec
3214 4830 3425 4902 dignius
3450 4830 3732 4903 quidpiam

2110 4960 2113 4961 ν
2141 4930 2222 4984 vel
2252 4942 2502 4998 magnum
2531 4926 2843 4998 protulisse,
2874 4939 2996 4980 cum
3024 4924 3157 4989 dixi,
3187 4922 3348 4995 Cujus
3374 4939 3474 4977 non
3500 4939 3619 4978 sum
3639 4925 3729 4979 di-

2140 5040 2271 5095 gnus
2295 5019 2561 5092 corrigiam
2590 5016 2913 5074 calceamenti
2936 5017 3146 5072 solvere.
3178 5016 3360 5087 Itaque
3386 5030 3506 5071 cum
3533 5018 3729 5074 audie—
3776 5007 3781 5010 ’

2140 5118 2214 5171 ris
2235 5117 2406 5186 ipsum
2426 5112 2697 5168 fortiorem
2724 5124 2812 5166 me
2832 5124 2973 5177 esse,
2996 5124 3065 5165 ne
3089 5116 3242 5180 putes
3268 5108 3319 5163 id
3345 5124 3431 5165 me
3454 5123 3554 5179 per
3574 5125 3733 5165 com-

2140 5208 2471 5277 parationem
2490 5205 2708 5260 dixisse.
2730 5202 2912 5274 Neque
2934 5204 3075 5258 enim
3096 5201 3289 5273 dignus
3310 5216 3428 5257 sum
3452 5203 3594 5257 inter
3615 5217 3729 5256 ser-

2141 5313 2237 5353 vos
2249 5298 2367 5368 ejus
2386 5295 2706 5366 computari,
2735 5293 2842 5349 imo
2865 5308 2934 5348 ne
2952 5293 3091 5348 inter
3110 5291 3327 5348 ultimos
3345 5306 3532 5347 servos
3550 5306 3732 5363 neque

2141 5389 2423 5444 ministerii
2464 5388 2551 5443 vel
2578 5387 2888 5443 vilissimam
2916 5393 3120 5455 partem
3162 5384 3333 5441 obire.
3365 5384 3731 5453 Quamobrem

2141 5496 2248 5537 non
2280 5480 2593 5551 simpliciter
2613 5479 2765 5546 dixit,
2795 5476 3187 5544 Calceamenta,
3216 5475 3331 5544 sed,
3349 5476 3531 5548 Neque
3553 5477 3737 5532 corri-

2139 5574 2302 5645 giam,
2332 5575 2472 5646 quod
2499 5584 2796 5630 extremum
2823 5574 3063 5628 omnium
3089 5572 3299 5628 videtur
3324 5586 3466 5629 esse.
3498 5571 3731 5637 Deinde.

2142 5682 2210 5723 ne
2238 5674 2394 5740 putes
2416 5666 2531 5723 haec
2562 5682 2661 5739 per
2693 5665 3045 5723 humilitatem
3081 5664 3244 5721 fuisse
3266 5663 3430 5736 dicta,
3463 5679 3531 5721 es
3560 5662 3731 5721 rebus
