3872 6288
479 233 578 287 197

475 343 614 401 εἶναι
658 345 725 398 τὰ
763 343 1058 415 είρημένα,
1093 344 1286 411 ἐπάγει
1325 347 1416 397 καὶ
1469 345 1568 414 τὴν
1594 345 1702 399 ἀπὸ
1739 343 1845 398 τῶν
1876 359 2052 414 πραγ-

477 433 660 501 μάτων
707 429 977 492 ἀπόδειξιν
1005 445 1018 458 ⁸
1073 428 1331 493 Ἐκεῖνος
1383 429 1492 500 γὰρ
1529 431 1569 460 ¹¹
1618 427 1772 497 ὑμᾶς
1799 471 1811 489 ,
1878 427 2009 496 φησὶ
2037 463 2051 486 ,

467 515 755 580 βαπτίσει
785 513 853 564 ἐν
886 512 1176 580 Πνεύματι
1205 512 1352 580 ἁγίῳ
1383 513 1479 566 καί
1529 513 1688 578 πυρί.
1729 508 1881 572 Εἶδες
1910 508 2052 576 πόση

470 599 566 651 τοῦ
593 595 894 650 Βαπτιστοῦ
919 598 952 666 ὴ
993 596 1151 664 σοφία
1178 613 1192 659 ;
1231 596 1400 649 Ὅταν
1446 594 1554 666 7&9
1583 595 1745 657 αὐτὸς
1784 591 2051 663 κηρύττῃ,

472 689 536 736 τὰ
566 681 772 752 φοϐερά
797 679 977 734 πάντα
1020 681 1196 748 λέγει,
1237 681 1332 733 καὶ
1386 679 1626 747 ἀγωνίαν
1667 677 2009 747 ἐμϐάλλοντα
2038 691 2050 703 ⁸

471 768 598 818 ὅταν
626 765 681 818 δὲ
709 764 845 835 πρὸς
883 765 1092 818 ἐκεῖνον
1121 764 1340 836 πέμπῃ,
1369 763 1436 816 τὰ
1462 761 1674 833 χρηστά
1704 762 1798 814 καὶ
1817 760 2050 828 ἀνακτήι

473 849 666 902 σασθαι
700 849 881 904 ἱκανά.
905 848 978 900 Οὐ
1000 847 1109 918 γάρ
1130 846 1229 917 τὴν
1273 845 1482 916 ἀξίνην,
1504 845 1625 898 οὐδὲ
1663 845 1725 898 τὸ
1751 843 1966 914 δένδρον
1991 843 2054 895 τὸ

470 931 873 1002 ἐκκοπτόμενον
901 931 995 985 καὶ
1021 931 1307 999 καιόμενον
1339 929 1434 982 καὶ
1460 930 1540 991 είς
1571 927 1682 998 πῦρ
1707 926 2050 997 βαλλόμενον,

472 1015 592 1068 υύτε
617 1015 715 1086 τὴν
739 1014 1040 1085 μέλλουσαν
1063 1013 1234 1084 ὀργὴν
1262 1012 1341 1074 είς
1381 1011 1544 1082 μέσον
1567 1011 1712 1080 ἄγει,
1735 1009 1849 1065 ἀλλ’
1874 1011 2054 1079 ἀμαρ-

468 1099 728 1170 τημάτων
777 1097 994 1167 ἄφεσιν,
1027 1097 1123 1150 καὶ
1167 1095 1435 1167 τιμωρίας
1496 1096 1807 1166 ἀναίρεσιν,
1849 1095 1944 1148 καὶ
1975 1093 2053 1146 δι-

471 1182 792 1253 καιοσύνην,
846 1181 939 1234 καὶ
994 1180 1286 1250 ἁγιασμόν,
1340 1180 1434 1232 καὶ
1493 1177 1908 1248 ἀπολύτρωσιν,
1959 1175 2052 1228 καὶ

470 1266 760 1328 υἱοθεσίαν,
801 1263 892 1317 καὶ
940 1263 1298 1332 ἀδελφότητα,
1335 1261 1429 1314 καὶ
1479 1261 1843 1332 κληρονομίας
1869 1276 2052 1312 κοινω-

469 1350 606 1412 νίαν,
632 1351 726 1402 καὶ
767 1347 1082 1417 Πνεύματος
1116 1344 1273 1413 ἁγίου
1309 1343 1505 1414 δαψιλῆ
1531 1344 1812 1415 χορηγίαν.
1859 1342 2050 1396 Ταῦτα

467 1433 576 1502 γὰρ
597 1433 773 1486 πάντα
799 1431 1017 1501 ᾐνίξατο
1039 1429 1207 1482 εἰπών
1226 1445 1240 1459 ⁸
1275 1430 1562 1481 Βαπτίσει
1584 1426 1742 1497 ὑμᾶς
1762 1429 1832 1481 ἐν
1858 1429 2049 1482 Πνεύο

462 1533 602 1583 pan
631 1515 810 1584 ἀγίῳ⁸
863 1513 959 1566 καὶ
1005 1512 1142 1582 αὐτῇ
1174 1513 1240 1582 τῇ
1296 1512 1580 1582 μεταφορᾷ
1601 1510 1701 1581 τῆς
1732 1509 1932 1575 λέξεως
1989 1511 2049 1562 τὸ

464 1599 682 1668 δαψιλὲς
715 1598 815 1667 τῆς
837 1597 1054 1667 χάριτος
1095 1596 1379 1665 ἐμφαίνων
1401 1612 1415 1625 ⁸
1447 1597 1508 1648 οὐ
1547 1595 1657 1666 7&9
1691 1590 1814 1648 εἷπε
1834 1635 1849 1661 ,
1877 1594 2047 1647 Δὼσει

465 1685 594 1753 ὑμῖν
617 1680 838 1751 Πνεῦμα
872 1681 1046 1748 ἀγιον,
1081 1679 1236 1743 ἀλλά,
1271 1677 1560 1732 Βαπτίσει
1581 1677 1739 1746 ὑμᾶς
1761 1679 1832 1731 ἐν
1862 1678 2047 1731 Πνεύ-

461 1781 599 1834 ματι
631 1766 809 1832 ἀγίῳ⁸
857 1764 950 1815 καὶ
977 1763 1020 1793 ¹⁸
1054 1764 1121 1832 τῇ
1177 1760 1510 1831 ἐπεξηγήσει
1534 1759 1627 1813 τοῦ
1667 1761 1841 1832 πυρὸς
1889 1760 2047 1815 πάλιν

462 1849 522 1901 τὸ
577 1847 805 1918 σφοδρὸν
861 1847 954 1899 καὶ
995 1843 1300 1899 ἀκάθεκτον
1344 1845 1445 1914 τῆς
1502 1843 1726 1916 χάριτος
1778 1843 2047 1897 ἐνδεικνύ-

465 1948 648 2000 μενος.

530 2022 594 2068 ε’.
635 2015 916 2080 Ἐννόησον
944 2009 1074 2080 γοῦν
1127 2011 1278 2073 τίνας
1318 2010 1463 2074 είκδς
1513 2004 1583 2081 ἦν
1624 2008 1882 2078 γενέσθαι
1919 2009 2048 2073 τοὺς

461 2099 790 2160 ἀκούοντας,
827 2095 1208 2166 λογιζομένους
1252 2095 1334 2148 ὅτι
1378 2093 1522 2147 κατά
1573 2095 1702 2158 τούς
1763 2094 2046 2165 προφήτας

460 2183 655 2253 ἀθρόον
684 2181 918 2240 ἔσονται,
951 2181 1044 2232 καὶ
1074 2178 1214 2232 κατά
1243 2179 1287 2210 ¹¹⁵
1315 2179 1442 2241 τούς
1471 2178 1740 2248 μεγάλους
1779 2177 2042 2241 ἐκείνους.

461 2267 557 2319 Διά
597 2265 705 2334 γάρ
743 2281 825 2316 τοι
851 2263 1008 2316 τοῦτο
1036 2262 1131 2315 καὶ
1171 2261 1342 2333 πυρὸς
1383 2261 1809 2332 ἐμνημόνευσεν,
1845 2261 1932 2312 ἵνα
1965 2262 2045 2323 είς

459 2351 666 2402 ἔννοιαν
695 2348 891 2410 αὐτοὺς
919 2349 1020 2417 τῆς
1053 2347 1270 2416 μνήμης
1305 2345 1529 2399 ἐκείνων
1563 2346 1764 2416 ἀγάγῃ.
1806 2345 1916 2398 Καὶ
1936 2344 2045 2415 γὰρ

458 2433 581 2486 ὅσαι
608 2431 792 2502 σχεδὸν
839 2431 1022 2493 αὐτοῖς
1054 2428 1208 2498 ὄψεις
1261 2428 1562 2499 ἐφάνησαν,
1599 2429 1656 2481 αἱ
1710 2427 1928 2490 πλείους
1956 2427 2045 2480 διά

460 2516 632 2584 πυρὸς
676 2514 952 2582 ἐφάνησαν
980 2530 993 2544 ⁸
1033 2512 1176 2565 οὕτω
1215 2511 1294 2582 τῷ
1330 2513 1538 2582 Μωῦσῇ
1583 2510 1828 2580 διελέχθη
1873 2511 1932 2563 ἐν
1974 2514 2041 2582 τῇ

459 2599 606 2668 βάτῳ
631 2599 658 2650 ό
685 2596 848 2659 Θεόςο
883 2596 1026 2648 οὕτω
1054 2595 1130 2666 τῷ
1159 2595 1316 2666 δήμῳ
1349 2597 1512 2649 παντὶ
1539 2596 1596 2648 ἐν
1631 2594 1710 2664 τῷ
1736 2595 1850 2663 ὄρει
1879 2596 2005 2648 Σινᾶ
2026 2611 2040 2626 ⁸

455 2682 599 2736 οὕτω
622 2680 699 2750 τῷ
732 2679 990 2749 ἰεζεκιὴλ
1020 2680 1113 2732 ἐπὶ
1143 2679 1250 2732 τῶν
1271 2679 1572 2750 Χερουϐίμ.
1607 2678 1809 2732 Σκόπει
1839 2678 1895 2731 δὲ
1925 2678 2043 2742 πῶς

456 2765 550 2818 καὶ
589 2763 842 2832 διεγείρει
874 2762 964 2814 τὸν
999 2762 1311 2831 ἀκροατὴν,
1350 2761 1618 2832 πρότερον
1663 2761 1759 2831 μὲν
1795 2762 1838 2792 ¹⁸
1875 2761 1989 2824 θεὶς
2014 2761 2042 2814 ὃ

458 2846 598 2917 μετά
639 2845 816 2898 πάντα
876 2843 1066 2914 ἔμελλε
1111 2841 1378 2911 γίνεσθαι.
1438 2844 1585 2897 Ἔδει
1618 2843 1728 2914 γὰρ
1767 2847 2041 2914 σφαγῆναι

455 2930 546 2982 τὸν
584 2927 800 2999 Ἀμνδν,
836 2929 927 2980 καὶ
963 2927 1062 2998 τὴν
1089 2927 1371 2998 ἁμαρτίαν
1400 2927 1790 2998 ἀφανισθῆναι,
1817 2927 1910 2980 καὶ
1940 2944 2043 2980 κα-

453 3012 747 3082 ταλυθῆναι
779 3011 877 3081 τὴν
916 3009 1135 3082 ἔχθραν,
1167 3011 1262 3063 καὶ
1291 3011 1392 3079 τὴν
1435 3011 1612 3081 ταφὴν
1648 3009 1905 3078 γενέσθαι
1949 3009 2042 3062 καὶ

454 3100 555 3165 τὴν
586 3094 882 3148 ἀνάστασιν
905 3133 921 3158 ,
962 3094 1054 3146 καὶ
1075 3093 1196 3146 τότε
1241 3092 1302 3146 τὺ
1333 3093 1564 3162 Πνεῦμα
1614 3091 2038 3163 παραγενέσθαι.

466 3178 626 3232 Ἀλλά
647 3178 851 3230 τούτων
889 3177 1040 3229 οὐδὲν
1081 3176 1231 3244 λέγει
1261 3175 1430 3238 τέως⁸
1470 3175 1607 3228 ἀλλά
1639 3175 1854 3246 πρῶτον
1873 3175 1934 3228 τὸ
1962 3193 2045 3230 τε-

453 3262 700 3316 λευταῖον
723 3301 738 3322 ,
773 3260 869 3312 καὶ
900 3260 966 3312 δι’
994 3258 1022 3310 ὃ
1054 3258 1232 3311 πάντα
1253 3260 1436 3310 ἐκεῖνα
1479 3259 1720 3327 ἐγίνετο,
1753 3259 1849 3311 καὶ
1879 3259 1907 3311 δ
1938 3258 2042 3329 μά-

453 3344 608 3398 λιστα
645 3343 827 3397 ἱκανὸν
871 3337 939 3412 ἦν
974 3339 1139 3394 αὐτοῦ
1179 3341 1276 3410 τὴν
1318 3339 1474 3405 ἀξίαν
1511 3341 1771 3414 κηρῦξαι·
1810 3341 1877 3393 ἵν’
1912 3342 2042 3396 ὅταν

452 3428 665 3499 ἀκούσῃ
695 3429 724 3479 ὁ
758 3425 908 3498 [155]
941 3424 1214 3496 ἀκροατὴς
1237 3467 1252 3490 ,
1281 3425 1363 3478 ὅτι
1399 3425 1623 3496 Πνεῦμα
1662 3424 1889 3495 λήψεται
1920 3442 2042 3478 τοσ-

452 3512 642 3572 οῦτον,
679 3510 816 3580 ζητῇ
847 3510 892 3542 ¹⁶
947 3508 1080 3578 πρὸς
1120 3508 1350 3569 ἐαυτὸν,
1401 3509 1518 3571 πῶς
1571 3509 1666 3562 καὶ
1701 3509 1809 3561 τίνι
1853 3509 2042 3582 τρόπῳ

449 3595 608 3650 τοῦτο
630 3594 803 3656 ἔσται,
830 3593 925 3664 τῆς
956 3593 1232 3662 ἁμαρτίας
1269 3591 1410 3644 οὕτω
1433 3592 1741 3663 κρατούσης
1766 3609 1778 3620 ⁸
1820 3593 1908 3646 ἵνα
1949 3592 2042 3647 λα-

451 3679 560 3751 βὼν
587 3679 748 3732 αὐτὸν
782 3677 1290 3748 μεμεριμνημένον,
1321 3676 1416 3730 καὶ
1448 3677 1872 3748 ἐμπαράσκευον
1906 3678 2041 3747 πρὸς

449 3765 550 3834 τὴν
607 3763 907 3831 ἀκρόασιν,
969 3759 1112 3811 οὕτω
1169 3760 1260 3811 τὸν
1323 3759 1590 3829 περὶτοῦ
1661 3761 1863 3826 πάθους
1925 3764 2038 3814 είσ-

449 3845 634 3916 ἀγάγῃ
680 3843 857 3910 λόγον,
915 3841 1142 3912 μηδενὸς
1192 3841 1378 3895 λοιπὸν
1431 3843 1920 3915 σκανδαλιζομένου
1970 3849 2036 3917 τῇ

449 3925 746 3998 προσδοκίᾳ
790 3925 890 3994 τῆς
943 3924 1199 3995 τοιαύτης
1249 3925 1476 3995 δωρεάς.
1541 3929 1634 3980 Διὸ
1693 3928 1856 3982 πάλιν
1909 3927 2040 3983 ἐϐόα

448 4009 622 4076 λέγων
644 4021 660 4040 ⁸
689 4009 810 4062 Ἰδε
840 4010 872 4060 ό
902 4007 1116 4075 Ἀμνὸς
1142 4007 1245 4060 τοῦ
1269 4007 1439 4069 Θεοῦ,
1463 4011 1496 4063 ό
1517 4010 1700 4077 αἴρων
1719 4010 1834 4078 τὴν
1848 4012 2036 4080 ἁμαρ·

449 4092 585 4145 τίαν
607 4090 713 4144 τοῦ
735 4092 989 4158 κόσμου.
1032 4092 1148 4144 ιὶύκ
1180 4087 1354 4154 εἶπεν,
1399 4092 1457 4144 'U
1482 4093 1660 4162 ἀφεὶς,
1703 4094 1819 4148 ἀλλ’
1853 4095 1881 4148 δ
1922 4096 2036 4167 μεί-

451 4175 606 4238 (ovo;
624 4169 691 4244 ἦν
725 4172 1069 4242 κηδεμονίας,
1121 4173 1184 4226 '0
1225 4174 1428 4241 αῑρων.
1475 4176 1550 4228 Οὐ
1587 4177 1693 4250 γάρ
1737 4179 1884 4232 ἐστιν
1921 4175 2037 4233 ἴσον

449 4260 670 4326 ἀφεῖναι
699 4256 905 4319 ἁπλῶς,
938 4258 1032 4309 καὶ
1061 4257 1224 4310 αὐτὸν
1253 4258 1293 4288 ⁸⁷
1323 4258 1632 4313 ἀναλαϐεῖν.
1684 4261 1757 4314 Τὸ
1790 4263 1890 4332 μὲν
1927 4261 2037 4331 7&9

448 4341 507 4408 ἐξ
533 4339 817 4394 ἀκινδύνου
847 4338 1077 4408 ἐγίνετο,
1108 4341 1169 4394 τὺ
1192 4339 1249 4395 δέ
1275 4341 1412 4411 μετὰ
1446 4341 1699 4398 θανάτου.
1735 4345 1844 4398 Καὶ
1878 4345 2037 4400 πάλιν

446 4424 653 4491 ἐλεγεν,
697 4424 779 4476 ὅτι
829 4423 957 4486 Υἱὸς
1001 4422 1095 4476 τοῦ
1145 4423 1282 4476 Θεοῦ
1327 4426 1494 4479 ἐστιν.
1541 4426 1680 4479 Ἀλλ’
1710 4427 1830 4480 οὐδέ
1881 4429 2036 4482 τοῦτο

444 4506 649 4577 τρανὴν
704 4509 813 4569 τοῖς
845 4505 1100 4560 ἀκούουσι
1132 4507 1229 4577 τὴν
1273 4507 1429 4574 ἀξίαν
1470 4509 1679 4579 ἐδήλου.
1737 4511 1871 4564 Οὐδέ
1927 4511 2036 4583 γάρ

443 4588 640 4659 ᾔδεσαν
669 4587 878 4641 οὐδέπω
917 4590 1137 4657 γνήσιον
1175 4590 1336 4642 αὐτὸν
1373 4591 1573 4644 ἐννοεῖν
1625 4591 1786 4644 Υίόν⁸
1835 4594 1944 4647 ἀπὸ
1976 4595 2034 4648 δέ

443 4672 543 4740 τῆς
577 4670 848 4740 τοσαύτης
897 4670 992 4722 τοῦ
1027 4672 1345 4742 Πνεύματος
1392 4673 1591 4738 δόσεως
1633 4677 1856 4729 κάκεῖνο
1905 4695 2032 4732 συν-

448 4752 630 4806 ίστατο
680 4753 742 4806 ⁸⁸.
780 4753 878 4806 Διά
919 4753 983 4822 δὴ
1023 4753 1180 4806 τοῦτο
1222 4755 1314 4807 καὶ
1366 4757 1393 4808 ό
1428 4757 1617 4828 Πατὴρ
1670 4759 1904 4827 πέμπων
1943 4761 2034 4816 τὸν

457 4836 730 4903 Ἰωάννην,
751 4834 911 4888 τοῦτο
938 4835 1087 4905 αὐτῴ
1112 4836 1313 4907 δεῖγμα
1352 4837 1566 4908 πρῶτον
1601 4840 1697 4910 τῆς
1725 4841 1819 4895 τοῦ
1850 4861 2032 4915 παρα-

443 4921 734 4986 γενομένου
765 4919 806 4949 ¹⁹
831 4919 1060 4971 δέδωκεν
1082 4919 1259 4985 ἀξίας,
1287 4921 1455 4973 είπὼν
1478 4938 1490 4951 ⁸
1536 4923 1660 4992 Ἐφ’
1693 4925 1766 4978 ὃν
1789 4925 1868 4980 ἂν
1899 4928 2034 4995 ἴδῃς

443 5001 512 5054 τὸ
541 5001 782 5069 Πνεῦμα
821 5001 1183 5055 καταϐαῖνον
1212 5004 1306 5055 καὶ
1334 5005 1541 5072 μένον,
1577 5003 1756 5073 οὗτός
1801 5010 1970 5064 ἐστιν
2001 5015 2035 5064 ό

439 5084 742 5147 βαπτίζων
776 5085 847 5136 ἐν
882 5087 1177 5154 Πνεύματι
1206 5087 1370 5155 ἁγίῳ.
1398 5089 1490 5141 Διὸ
1513 5092 1605 5142 καὶ
1637 5094 1800 5156 αὐτός
1831 5112 1994 5163 φησιν
2018 5112 2033 5128 ⁸

458 5166 604 5234 Ἐγὼ
619 5166 851 5234 ἑώρακα
882 5167 980 5221 καὶ
1007 5172 1450 5238 μεμαρτύρηκα,
1481 5173 1569 5226 ὅτι
1601 5173 1777 5241 οὗτός
1805 5178 1974 5230 ἐστιν
2002 5182 2034 5232 ὁ

444 5251 580 5315 Υἱὸς
604 5251 708 5304 τοῦ
731 5251 898 5305 Θεοῦ⁸
927 5253 1002 5316 ὡς
1028 5254 1136 5305 ἀπὸ
1158 5254 1348 5307 τούτου
1370 5257 1622 5310 κάκείνου
1646 5257 1830 5314 λοιπὸν
1848 5261 2033 5331 σαφῶς

1159 224 1213 281 S.
1246 224 1530 283 JOANNIS
1561 223 2041 284 CHRYSOSTOM]

2147 185 2408 287 ιὲοιιιερ.
2438 224 2986 288 CONSTANTINOP.

3636 231 3751 288 198

2161 347 2574 417 συνισταμένου.
2623 341 2780 410 Εἶτα,
2838 346 3028 416 ἐπειδὴ
3090 343 3158 399 τά
3201 344 3411 417 χρηστά
3448 338 3591 412 εἷπε,
3647 350 3758 401 καὶ

2156 427 2325 498 ἀνῆκε
2351 430 2440 482 τὸν
2467 430 2741 500 ἀκροατὴν
2774 430 2866 482 καὶ
2901 429 3155 500 ἐχάλασε,
3201 430 3362 483 πάλιν
3401 430 3754 500 ἐπισφίγγει,

2157 509 2298 563 ὥστε
2327 513 2402 582 μὴ
2424 513 2676 580 γενέσθαι
2705 513 2968 584 ῥάθυμον.
2997 511 3250 583 Τοιοῦτον
3280 512 3390 582 7&9
3417 512 3478 564 τὸ
3499 512 3656 579 γένος
3684 511 3761 564 τὸ

2170 593 2484 647 Ἰουδαϊκόν·
2514 594 2618 648 ὐπὸ
2647 595 2756 648 τῶν
2785 595 3037 666 χρηστῶν
3059 594 3382 664 ἐχαυνοῦντο
3403 596 3622 666 ῥᾳδίως,
3650 594 3761 648 καὶ

2156 675 2370 747 χείρους
2417 677 2674 746 ἐγίνοντο.
2724 679 2924 750 Διόπερ
2956 677 3119 730 πάλιν
3161 678 3354 744 ἐπάγει
3395 678 3465 730 τά
3513 676 3756 748 φοϐερὰ,

2155 759 2329 827 λέγων
2353 775 2368 791 ⁸
2402 757 2485 816 Οὖ
2515 761 2582 814 τὸ
2602 761 2793 814 πτύον
2820 761 2891 813 ἐν
2917 759 2991 828 τῇ
3018 760 3168 829 χειρὶ
3202 760 3411 815 αὐτοῦ.
3463 761 3764 830 Ἀνωτέρω

2157 842 2256 913 μὲν
2278 843 2385 912 7&9
2416 844 2516 915 τὴν
2549 843 2768 897 κόλασιν
2794 839 2947 896 εἶπεν
2967 859 2981 873 ⁸
3018 842 3252 897 ἐνταῦθα
3281 844 3339 896 δέ
3379 844 3472 896 καὶ
3503 843 3594 896 τὸν
3623 861 3761 913 κρι-

2153 926 2254 998 τὴν
2291 927 2556 991 δείκνυσι,
2600 927 2695 981 καὶ
2735 927 2838 996 τὴν
2889 927 3160 999 τιμωρίαν
3196 927 3463 981 ἀθάνατον
3499 928 3714 996 είσάγει
3737 943 3753 957 ⁸

2152 1011 2527 1064 Κατακαύσει
2557 1011 2687 1082 7&9,
2715 1009 2870 1080 φησὶ,
2904 1010 2970 1063 τὸ
2995 1010 3225 1079 ἄχυρον
3257 1011 3397 1078 πυρὶ
3443 1009 3755 1073 ἀσϐέστῳ.

2165 1092 2328 1163 Ὁρᾷς
2352 1094 2513 1146 αὐτὸν
2545 1094 2634 1147 τὸν
2663 1093 2774 1147 τῶν
2800 1095 3145 1165 πραγμάτων
3181 1093 3406 1165 Κύριον,
3437 1096 3532 1147 καὶ
3575 1093 3760 1147 αὐτὸν

2151 1177 2280 1228 ὄντα
2305 1177 2397 1230 τὸν
2423 1179 2471 1208 ὀ
2491 1179 2759 1250 γεωργὸν,
2777 1178 2880 1232 κᾶν
2907 1178 2999 1234 τὸν
3023 1178 3241 1249 Πατέρα
3263 1178 3496 1248 ἀλλαχοῦ
3516 1178 3686 1232 ταύτὸ
3701 1180 3753 1211 ¹¹

2153 1259 2287 1332 λέγῃ
2305 1278 2318 1291 ⁸
2365 1260 2418 1312 Ὀ
2445 1261 2648 1329 Πατήρ
2671 1280 2792 1330 μου
2820 1260 2950 1332 γάρ,
2985 1261 3174 1330 φησὶν,
3203 1264 3237 1314 ό
3267 1263 3518 1330 γεωργός
3547 1261 3754 1316 ἐστιν.

2165 1341 2384 1413 Ἐπειδὴ
2403 1345 2512 1414 7&9
2543 1345 2588 1374 "
2613 1339 2786 1410 εἶπεν,
2832 1343 3060 1410 Ἀἰξίν-η,
3096 1345 3182 1398 ἵνα
3217 1344 3294 1415 μὴ
3321 1344 3547 1416 νομίσῃς
3574 1345 3755 1399 πόνου

2149 1423 2352 1478 δεῖσθαι
2376 1426 2437 1478 τὸ
2462 1427 2716 1497 πρᾶγμα,
2751 1427 2848 1480 καὶ
2867 1427 3242 1496 δυσδιάκριτον
3273 1423 3431 1493 εἶναι,
3459 1428 3519 1491 ἐξ
3550 1427 3758 1498 ἐτέρου

2152 1509 2596 1580 παραδείγματος
2631 1510 2676 1542 ⁸³
2701 1511 2796 1563 καὶ
2826 1509 2924 1581 τὴν
2949 1510 3201 1564 εὐκολίαν
3251 1511 3481 1580 εἰσάγει,
3524 1512 3756 1573 δεικνὺς

2151 1593 2329 1646 πάντα
2362 1593 2528 1646 αὐτοῦ
2574 1593 2665 1646 τὸν
2696 1594 2900 1664 κόσμον
2941 1595 3069 1648 ὄντα
3090 1611 3106 1627 ⁸
3158 1596 3218 1648 οὐ
3261 1595 3369 1666 7&9
3409 1595 3476 1648 ἂν
3504 1597 3629 1658 τοὺς
3667 1595 3756 1666 μὴ

2149 1675 2344 1730 ἐαυτοῦ
2375 1677 2620 1731 ἐκόλασε.
2664 1676 2778 1730 Νῦν
2828 1677 2930 1746 μὲν
2971 1668 3064 1732 οὗν
3106 1679 3281 1732 πάντα
3328 1677 3709 1748 ἀναμέμικται
3736 1695 3752 1708 ⁸

2149 1758 2250 1812 κᾶν
2273 1759 2382 1830 γὰρ
2409 1760 2667 1830 φαίνηται
2697 1759 3016 1830 διαλάμπων
3043 1763 3071 1814 ό
3095 1763 3260 1825 σῖτος,
3291 1761 3404 1815 ἀλλ’
3428 1762 3576 1831 ὅμως
3602 1762 3756 1830 μετά

2146 1842 2255 1893 τῶν
2303 1842 2521 1913 ἀχύρων
2554 1845 2748 1906 κεῖται,
2779 1843 2855 1906 ὠς
2894 1845 2952 1895 ἐν
3001 1844 3188 1906 άλωνι,
3239 1845 3337 1914 οὐχ
3384 1843 3458 1907 ὡς
3508 1845 3566 1896 ἐν
3599 1845 3754 1896 ἀπο-

2147 1925 2294 1996 θήκῃ
2315 1943 2327 1957 ⁸
2359 1926 2481 1977 τότε
2504 1925 2560 1978 δὲ
2589 1925 2758 1997 πολλὴ
2779 1926 2930 1980 ἔσται
2960 1927 2993 1996 ἡ
3027 1927 3319 1998 διάκρισις.
3351 1927 3459 1998 Ποῦ
3485 1925 3579 1979 νῦν
3601 1929 3754 1980 εἰσιν

2147 2008 2197 2059 οί
2238 2009 2306 2078 τῇ
2359 2007 2550 2079 γεέννῃ
2589 2008 3029 2072 διαπιστοῦντες;
3079 1997 3190 2063 καὶ
3225 2009 3334 2078 7&9
3363 1997 3456 2062 δύο
3498 2009 3749 2073 τέθεικε,

2146 2090 2242 2142 καὶ
2267 2091 2348 2142 ὅτι
2380 2090 2632 2160 βαπτίσει
2659 2092 2932 2162 Πνεύματι
2973 2091 3134 2162 ἁγίῳ,
3167 2093 3262 2145 καὶ
3289 2093 3368 2144 ὅτι
3401 2093 3751 2146 κατακαύσει

2143 2174 2272 2239 τοὺς
2318 2174 2672 2238 ἀπειθοῦντας
2715 2176 2779 2230 ’⁸.
2821 2176 2880 2228 Εἰ
2933 2175 3114 2228 τοίνυν
3155 2176 3330 2228 ἐκεῖνο
3370 2175 3581 2240 πιστὸν,
3642 2177 3752 2228 καὶ

2141 2254 2303 2312 τοῦτο
2328 2258 2564 2321 πάντως.
2620 2257 2720 2310 Διά
2747 2257 2857 2328 7&9
2887 2257 3049 2311 τοῦτο
3087 2257 3284 2329 ἐφεξῆς
3314 2259 3412 2320 τὰς
3439 2258 3530 2311 δύο
3562 2263 3751 2332 προρ-

2147 2339 2335 2409 ρήσεις
2365 2339 2630 2399 τέθεικεν,
2660 2341 2747 2394 ἵνα
2781 2340 2889 2394 ἀπὸ
2927 2341 3024 2412 τῆς
3055 2341 3155 2412 ήδη
3192 2342 3490 2412 γενομένης
3517 2343 3608 2394 καὶ
3637 2343 3751 2414 τὴν

2148 2421 2374 2491 μηδέπω
2403 2424 2688 2492 συμϐᾶσαν
2723 2423 3086 2495 πιστώσηται.
3124 2426 3235 2477 Καὶ
3267 2424 3376 2496 γάρ
3405 2427 3499 2479 καὶ
3531 2428 3560 2478 ὁ
3597 2428 3749 2497 Χρι-

2147 2506 2270 2568 στὸς
2311 2505 2580 2578 πολλαχοῦ
2627 2508 2786 2561 τοῦτο
2827 2512 2990 2571 ποιεῖ,
3043 2509 3302 2572 πολλάκις
3355 2511 3452 2579 μὲν
3489 2512 3578 2563 ἐπὶ
3625 2512 3750 2566 τῶν

2143 2589 2324 2642 αὐτῶν
2349 2593 2686 2662 πραγμάτων
2714 2591 2884 2664 [156],
2919 2592 3180 2657 πολλάκις
3217 2593 3274 2646 δὲ
3312 2595 3402 2647 ἐπὶ
3441 2595 3553 2647 τῶν
3580 2598 3749 2648 ἐναν-

2142 2673 2294 2736 τίων,
2337 2675 2430 2728 δύο
2469 2676 2636 2738 τιθεὶς
2675 2677 3035 2748 προφητείας,
3087 2679 3180 2732 καὶ
3229 2679 3329 2750 τὴν
3364 2678 3461 2748 μέν
3502 2679 3748 2733 ἐνταῦθα

2145 2759 2539 2828 παρεχόμενος,
2571 2761 2667 2826 τὴν
2699 2760 2755 2812 δέ
2781 2763 2840 2813 ἐν
2879 2762 2956 2830 τῷ
2994 2763 3240 2830 μέλλοντι
3273 2763 3739 2833 ὑπισχνούμενος

2143 2841 2230 2894 ῖνα
2261 2841 2370 2894 ἀπὸ
2395 2844 2495 2911 τῆς
2525 2841 2624 2912 ήδη
2657 2845 2955 2915 γενομένης
2989 2846 3083 2898 καὶ
3112 2849 3178 2915 τῇ
3211 2846 3434 2915 μηδέπω
3466 2848 3747 2920 γενομένῃ

2144 2923 2507 2976 πιστεύσωσιν
2531 2926 2580 2977 οί
2606 2926 3050 2998 φιλονεικότεροι.
3075 2928 3188 2982 Καὶ
3212 2928 3322 2999 γάρ
3349 2932 3460 2992 τοῖς
3482 2928 3547 2982 δι’
3572 2930 3750 2983 αὐτὸν

2141 3007 2532 3078 ἀποδυομένοις
2576 3010 2644 3062 τὰ
2679 3011 2808 3064 ὄντα
2847 3015 3022 3066 πάντα
3067 3011 3596 3066 ἑκατονταπλασίονα
3632 3014 3747 3067 ὐπ-

2143 3090 2331 3160 έσχετο
2369 3091 2561 3144 δώσειν
2587 3095 2646 3147 ἐν
2666 3093 2742 3164 τῷ
2778 3095 3004 3165 παρόντι
3037 3095 3157 3166 βίῳ,
3209 3096 3304 3148 καὶ
3335 3095 3479 3166 ζωὴν
3514 3094 3746 3150 αίώνιυν

2142 3173 2201 3224 ἐν
2228 3172 2306 3242 τῷ
2333 3174 2599 3243 μέλλοντι,
2641 3176 2750 3229 ἀπὸ
2787 3178 2896 3231 τῶν
2930 3179 3030 3249 ἤδη
3067 3178 3329 3232 δοθέντων
3372 3179 3463 3232 καὶ
3502 3178 3568 3231 τά
3605 3179 3747 3248 μέλ-

2143 3256 2299 3310 λοντα
2323 3257 2608 3324 ἀξιόπιστα
2629 3260 2907 3325 καθιστάς.
2941 3263 3004 3315 Ὃ
3021 3261 3084 3333 δὴ
3109 3263 3202 3315 καὶ
3234 3262 3484 3332 Ἰωάννης
3502 3261 3746 3316 ἐνταῦθα

2141 3341 2408 3410 πεποίηκε
2453 3342 2545 3396 δύο
2603 3343 2737 3408 θεὶς,
2783 3345 2864 3397 ὅτι
2914 3345 3010 3398 καὶ
3043 3346 3088 3376 ’⁸
3148 3345 3400 3415 βαπτίσει
3452 3346 3744 3418 Πνεύματι

2141 3423 2283 3494 ἀγίῳ
2311 3426 2376 3490 ⁸³,
2415 3427 2507 3478 καὶ
2535 3427 2870 3481 κατακαύσει
2909 3431 3039 3500 πυρὶ
3067 3430 3336 3500 ἀσϐέστῳ.

2215 3515 2288 3573 ς’.
2312 3509 2374 3562 EE
2398 3509 2576 3564 τοίνυν
2604 3511 2678 3580 μὴ
2701 3511 2957 3564 ἐϐάπτισε
2980 3513 3258 3583 Πνεύματι
3288 3515 3333 3545 ³⁷
3355 3514 3481 3578 τοὺς
3501 3515 3744 3571 ἀποστόο

2141 3592 2264 3656 λους
2299 3594 2392 3647 καὶ
2416 3595 2623 3657 πάντας
2651 3595 2774 3648 καθ’
2804 3597 3038 3667 ἐκάστην
3071 3598 3285 3669 ἡμέραν
3321 3601 3443 3662 τοὺς
3473 3600 3743 3672 βουλομέο

2141 3693 2285 3741 νους,
2317 3676 2461 3747 ἔχοις
2498 3678 2562 3732 ἀν
2612 3679 2705 3732 καὶ
2749 3681 2878 3750 περὶ
2905 3680 3128 3736 ἐκείνων
3173 3683 3560 3752 ἀμφιϐάλλειψ
3599 3688 3648 3738 εί
3678 3688 3742 3741 δέ

2140 3760 2202 3812 τὸ
2231 3761 2417 3830 μεῖζον
2447 3765 2538 3814 καὶ
2565 3763 2970 3835 δυσκολώτερον
3003 3761 3141 3819 εἷναι
3169 3765 3381 3829 δοκοῦν,
3429 3769 3522 3822 καὶ
3551 3771 3741 3825 πάντα

2141 3843 2473 3914 ὐπερϐαῖνον
2500 3847 2676 3914 λόγον,
2706 3850 2798 3900 καὶ
2829 3850 3022 3917 γέγονε
3053 3851 3147 3904 καὶ
3174 3852 3294 3905 καθ’
3327 3852 3562 3924 ἑκάστην
3587 3857 3742 3922 γίνε-

2137 3943 2248 3990 ται,
2287 3927 2402 4006 πῶς
2443 3928 2503 3980 τὸ
2550 3929 2770 3983 εὔκολον
2819 3933 2912 3985 καὶ
2959 3934 3099 3988 κατά
3138 3934 3294 4002 λόγον
3338 3937 3620 4006 γινόμενον
3669 3942 3738 3994 οὐ

2139 4010 2246 4080 φῂς
2275 4005 2417 4062 εἶναι
2446 4009 2644 4081 ἀληθές
2671 4029 2684 4076 ;
2739 4014 2955 4088 Ἐπειδὴ
2978 4017 3086 4085 γὰρ
3121 4018 3166 4049 ’⁸
3195 4012 3368 4086 εἶπεν,
3397 4005 3476 4073 ὅτι
3505 4024 3736 4075 Banti-

2139 4108 2235 4146 σει
2256 4095 2554 4162 ΙΙνεύματι
2577 4097 2722 4164 ἁγίῳ
2753 4099 2849 4151 καὶ
2873 4101 3037 4167 πυρὶ,
3056 4102 3150 4155 καὶ
3169 4103 3378 4172 μεγάλα
3407 4105 3656 4158 ἐντεῦθεν
3683 4109 3733 4139 ¹⁹

2139 4175 2407 4247 ὑπέσχετο
2435 4179 2635 4246 ἀγαθά,
2691 4181 2780 4235 ἵνα
2829 4183 2903 4253 μὴ
2955 4184 3232 4256 ἀναπέσῃς
3278 4188 3387 4240 τῶν
3443 4190 3734 4260 προτέρων

2139 4259 2395 4344 ἀπάντων
2441 4263 2682 4332 ἀφεθεὶς,
2731 4265 2979 4338 ἐπήγαγε
3025 4269 3086 4322 τὸ
3130 4270 3296 4324 πτύον
3356 4273 3449 4326 καὶ
3498 4259 3734 4344 τὴνδιά

2139 4343 2331 4422 τούτου
2361 4347 2541 4418 κρίσιν
2585 4349 3009 4421 ἐμφαινομένην.
3059 4354 3148 4424 Μὴ
3192 4355 3300 4426 7&9
3337 4356 3400 4427 δὴ
3442 4357 3729 4429 νομίσητε,

2141 4430 2325 4498 φησιν,
2358 4431 2548 4501 ἀρκεῖν
2590 4433 2650 4484 τὸ
2697 4432 2998 4505 βάπτισμα,
3046 4439 3093 4489 εί
3135 4439 3328 4506 φαῦλοι
3372 4442 3510 4510 μετά
3550 4441 3731 4496 ταῦτα

2142 4514 2390 4600 γένοισθε
2414 4533 2427 4545 ⁸
2458 4516 2540 4569 δεῖ
2562 4519 2671 4588 γάρ
2711 4521 2840 4589 ἡμῖν
2873 4520 2968 4572 καὶ
3012 4522 3212 4593 ἀρετῆς
3251 4523 3344 4576 καὶ
3386 4525 3586 4596 πολλῆς
3625 4529 3732 4600 τῆς

2143 4597 2478 4680 φιλοσοφίας.
2540 4600 2638 4653 Διά
2701 4601 2858 4655 τοῦτο
2897 4606 2978 4666 είς
3030 4605 3128 4674 μὲν
3162 4607 3262 4675 τὴν
3307 4609 3465 4680 χάριν
3519 4610 3614 4663 καὶ
3661 4597 3732 4664 τὸ

2140 4679 2362 4752 λουτρὸν
2410 4682 2519 4734 ἀπὸ
2561 4684 2658 4754 τῆς
2688 4683 2877 4755 ἀξίνης
2929 4687 3128 4750 αὐτοὺς
3154 4688 3321 4742 ὠθεῖ·
3375 4679 3508 4760 μετά
3539 4693 3595 4745 δὲ
3623 4695 3728 4763 τὴν

2139 4764 2298 4834 χάριν
2353 4764 2462 4817 ἀπὸ
2509 4766 2601 4818 τοῦ
2650 4767 2818 4820 πτύου
2867 4770 3085 4823 καὶτοῦ
3129 4773 3298 4843 πυρὸς
3323 4773 3418 4826 τοῦ
3455 4775 3726 4829 ἀσϐέστου

2139 4847 2330 4916 φοϐεῖ⁸
2362 4849 2588 4901 καὶτῶν
2621 4849 2720 4919 μὲν
2767 4852 2871 4922 πρὸ
2907 4852 3000 4906 τοῦ
3045 4855 3416 4926 βαπτίσματος
3464 4860 3725 4929 οὐδεμίαν

2140 4933 2374 4983 ποιεῖται
2425 4931 2720 5002 διάκρισιν,
2764 4934 2880 4986 ἀλλ’
2910 4937 3115 5004 ἁπλῶς,
3161 4938 3290 4994 Πᾶν
3324 4941 3574 5009 δένδρον
3629 4945 3723 5011 μὴ

2138 5013 2353 5065 ποιοῦν
2396 5017 2630 5082 καρπὸν
2681 5017 2873 5070 καλὸν
2932 5021 3313 5084 ἐκκόπτεται,
3372 5027 3523 5094 φησὶ,
3594 5027 3724 5089 τοὺς

2134 5095 2394 5177 ἀπίστους
2445 5097 2690 5161 ἅπαντας
2726 5101 3001 5166 κολάζων⁸
3059 5106 3194 5173 μετά
3237 5106 3292 5158 δέ
3333 5107 3392 5158 τὸ
3437 5107 3721 5177 βάπτισμα

2133 5173 2396 5244 διαίρεσίν
2425 5193 2545 5228 τινα
2575 5178 2888 5247 ἐργάζεται,
2917 5183 3103 5254 ἐπειδὴ
3138 5183 3321 5236 πολλοὶ
3344 5173 3453 5237 τῶν
3472 5225 3475 5227 -
3497 5173 3748 5239 πιστευ-’

2143 5259 2354 5312 σάντων
2383 5261 2604 5326 ἀνάξιον
2639 5262 2862 5332 ἔμελλον
2897 5269 2996 5337 τῆς
3031 5268 3270 5332 πίστεως
3305 5269 3720 5324 ἐπιδείκνυσθαι

487 5373 784 5464 1ἶέέῆξῖἿὲ
812 5375 975 5464 Ana;
993 5378 1124 5464 φἮί
1143 5393 1252 5464 9""
1270 5379 1349 5464 ΡΑ
1365 5379 1441 5464 Eg
1457 5378 1538 5464 ἦ.
1563 5380 1604 5411 ’³
1630 5381 1722 5464 ἵαέ
1737 5398 1845 5464 0"."
1865 5383 1928 5464 ᾼ·
1954 5383 2022 5464 Β·

2147 5385 2229 5464 διαὶ
2259 5382 2401 5464 κατά
2423 5399 2533 5464 oin.
2722 5386 2822 5464 (ξε.
2859 5388 2902 5464 ‘_'
2927 5389 3024 5464 μέν
3046 5406 3158 5464 οιη.
3183 5392 3248 5464 A_.
3285 5391 3346 5449 Β.
3382 5392 3442 5464 ξ’.
3471 5409 3523 5464 ρ.
3547 5411 3597 5464 p.
3623 5413 3717 5463 γε-

448 5442 797 5532 réewedd-
848 5442 1102 5532 rsum
1139 5449 1290 5532 ςτιτεῖ
1312 5449 1372 5532 ιιι
1401 5449 1558 5532 w-
1594 5442 1668 5532 μῇ
1689 5454 1825 5523 cum
1856 5456 1932 5532 ι..
1954 5455 2070 5532 ξιξ

442 5513 502 5577 ἐξ
520 5514 813 5569 ἀκινδύνων
846 5518 907 5572 C.
937 5513 1039 5583 ἔξω
1055 5513 1305 5572 ’κινδύνου
1333 5521 1393 5572 Ε.
1476 5521 1516 5551 ³⁸
1535 5513 1841 5575 συνίσταται
1862 5523 1991 5578 Edd.

2145 5457 2252 5526 ήσῃ
2285 5453 2412 5507 Sav.
2448 5454 2574 5533 Ben.
2615 5457 2879 5533 300263]
2911 5453 3000 5533 τὸν
3031 5462 3190 5515 αὐτόν
3213 5461 3346 5517 ΕιΙιΙ.
3383 5453 3558 5518 Pal-Ilo.
3583 5453 3704 5533 νόει

2071 5471 2252 5556 ῃτησῃ
2286 5471 2412 5507 δαν.
2448 5471 2574 5509 neu.
2623 5471 2659 5487 ·’
2695 5471 2879 5529 αὐτόν]
2911 5471 3000 5510 τον
3031 5471 3190 5515 αὐτόν
3213 5471 3346 5517 Ide.
3383 5471 3550 5518 Paulo
3583 5480 3704 5533 post

2141 5525 2580 5609 παραγινομένου
2615 5525 2774 5609 ΙξιΙά.“
2805 5530 2865 5609 .²⁰
2888 5529 2977 5609 τόν
2999 5545 3107 5585 om.
3227 5533 3285 5587 Β.
3305 5534 3365 5588 C.
3447 5537 3489 5567 ’⁸
3513 5537 3678 5590 ταύτό
3695 5540 3705 5609 |

441 5583 694 5673 τοῦτοιεδ..
814 5586 918 5673 κᾶν
934 5589 1033 5673 1:01
1057 5590 1516 5673 na3§91.'..‘)\_é‘7n|
1545 5592 1619 5656 ὡς
1659 5595 1752 5673 κλαὶ
1785 5593 1884 5673 τὸν
1912 5593 2041 5646 πατέ

2168 5583 2404 5673 ἀλλαχοῦ
2420 5583 2545 5673 ’γάρ
2562 5596 2726 5673 τοῦτο
2756 5598 2908 5673 λέγει
2936 5583 3020 5673 ,ἡ
3039 5583 3255 5670 ’ῥάὲἷιέὲ
3274 5583 3578 5673 αἴρωνεῆ

477 5670 542 5707 uo
566 5654 694 5708 alibi
730 5656 825 5712 Ge.

900 5661 944 5691 υ
980 5659 1360 5733 Ἐπε-ιδὴίγάρι
1390 5659 1516 5716 Εἶτα
1556 5663 1740 5732 ἐπειδή
1772 5662 1834 5714 Α.
1871 5663 1926 5715 Β.
1959 5680 2007 5731 p.
2045 5659 2419 5733 ῤ.ἀξίνην”Α.
2449 5659 2620 5726 ’Β.’,ι).
2660 5666 2719 5722 F.

2796 5671 2840 5701 υ
2863 5672 3182 5741 πράγματος
3213 5671 3402 5730 omnes
3435 5677 3536 5730 mei
3578 5694 3705 5733 cum

494 5741 577 5803 υτ.
603 5736 656 5780 ει
683 5726 1541 5803 Ιιιιοιιρρζπαραδείγματόςδαν.
1562 5726 2066 5803 ιιιιριιιέιξυιιιυέοεὶ
2100 5732 2150 5786 Μ
2160 5726 2572 5802 0nléfalconius;
2601 5738 2746 5792 nulla
2767 5726 2946 5795 lame'n
2972 5726 3703 5803 c'édicu'm'melﬁ

436 5793 880 5886 Ϊάπιστοῦντάς
902 5793 1040 5884 Ειξόξ
1113 5793 1262 5886 ’ξϐτι
1289 5793 1406 5886 καί]
1437 5802 1530 5886 κει).
1549 5793 1632 5886 ότι
1660 5801 1829 5886 Αιπιξ..
1849 5813 1901 5857 ιιι
1932 5819 2041 5886 [31p

2147 5793 2306 5886 "-9"?
2702 5793 2904 5886 “rtem;
2963 5793 3709 5886 ξίᾷγῖᾧῖήῆἷόξἱὶζίι⁸’ζ”“;;

437 5866 737 5941 πνεύματι]
768 5872 824 5925 ἐν
848 5871 1120 5943 πνεύματι
1154 5873 1244 5930 hic
1278 5882 1333 5931 ct
1360 5866 1523 5944 p'aulo
1547 5872 1688 5927 infra
1718 5869 1850 5927 ΕΜ.
1933 5866 2041 5943 ’⁸⁸ῖγ

2147 5875 2150 5947 ς
2182 5873 2238 5928 δέ
2265 5875 2328 5931 Α.
2362 5875 2420 5930 B.

2529 5877 2573 5910 ³³
2597 5877 2832 5936 ἐνταῦθα
2861 5880 2926 5937 Α.
2963 5879 3020 5937 Β.
3045 5877 3108 5941 (ἶ.
