  <div class='ocr_page' id='page_1' title='image "/cluster/home/n/w/nwhite01/storage/ocr_20150623/57-58/hvd.32044012465811/126.png"; bbox 0 0 3856 6180; ppageno 0'>
   <div class='ocr_carea' id='block_1_1' title="bbox 202 277 296 333">
    <p class='ocr_par' dir='ltr' id='par_1_1' title="bbox 202 277 296 333">
     <span class='ocr_line' id='line_1_1' title="bbox 202 277 296 333; baseline -0.021 0"><span class='ocrx_word' id='word_1_1' title='bbox 202 277 296 333; x_wconf 72' lang='grc'><strong>197</strong></span> 
     </span>
    </p>
   </div>
   <div class='ocr_carea' id='block_1_2' title="bbox 200 394 1778 469">
    <p class='ocr_par' dir='ltr' id='par_1_2' title="bbox 200 394 1778 469">
     <span class='ocr_line' id='line_1_2' title="bbox 200 394 1778 469; baseline 0.005 -23"><span class='ocrx_word' id='word_1_2' title='bbox 200 396 320 453; x_wconf 81' lang='lat' dir='ltr'><strong>ipsis</strong></span> <span class='ocrx_word' id='word_1_3' title='bbox 377 394 894 452; x_wconf 84' lang='lat' dir='ltr'><strong>demonstrationem</strong></span> <span class='ocrx_word' id='word_1_4' title='bbox 942 397 1169 467; x_wconf 82' lang='lat' dir='ltr'><strong>adjicit:</strong></span> <span class='ocrx_word' id='word_1_5' title='bbox 1220 413 1343 453; x_wconf 91' lang='lat' dir='ltr'><strong>nam</strong></span> <span class='ocrx_word' id='word_1_6' title='bbox 1386 400 1482 467; x_wconf 90' lang='lat' dir='ltr'><strong>ait,</strong></span> <span class='ocrx_word' id='word_1_7' title='bbox 1536 397 1657 469; x_wconf 74' lang='lat' dir='ltr'><strong>Ipse</strong></span> <span class='ocrx_word' id='word_1_8' title='bbox 1691 415 1778 455; x_wconf 72' lang='lat' dir='ltr'><strong>vos</strong></span> 
     </span>
    </p>
   </div>
   <div class='ocr_carea' id='block_1_3' title="bbox 195 486 1779 561">
    <p class='ocr_par' dir='ltr' id='par_1_3' title="bbox 195 486 1779 561">
     <span class='ocr_line' id='line_1_3' title="bbox 195 486 1779 561; baseline 0.006 -24"><span class='ocrx_word' id='word_1_9' title='bbox 195 486 464 553; x_wconf 74' lang='lat' dir='ltr'><strong>baptizabit</strong></span> <span class='ocrx_word' id='word_1_10' title='bbox 490 488 543 540; x_wconf 87' lang='lat' dir='ltr'><strong>in</strong></span> <span class='ocrx_word' id='word_1_11' title='bbox 566 487 768 557; x_wconf 86' lang='lat' dir='ltr'><strong>Spiritu</strong></span> <span class='ocrx_word' id='word_1_12' title='bbox 792 498 966 543; x_wconf 78' lang='lat' dir='ltr'><strong>sancto</strong></span> <span class='ocrx_word' id='word_1_13' title='bbox 995 500 1041 544; x_wconf 89' lang='lat' dir='ltr'><strong>et</strong></span> <span class='ocrx_word' id='word_1_14' title='bbox 1061 490 1113 543; x_wconf 88' lang='lat' dir='ltr'><strong>iu</strong></span> <span class='ocrx_word' id='word_1_15' title='bbox 1133 490 1267 561; x_wconf 83' lang='lat' dir='ltr'><strong>igne.</strong></span> <span class='ocrx_word' id='word_1_16' title='bbox 1293 490 1478 545; x_wconf 83' lang='lat' dir='ltr'><strong>Viden&#39;</strong></span> <span class='ocrx_word' id='word_1_17' title='bbox 1497 500 1691 561; x_wconf 87' lang='lat' dir='ltr'><strong>quanta</strong></span> <span class='ocrx_word' id='word_1_18' title='bbox 1709 491 1779 546; x_wconf 88' lang='lat' dir='ltr'><strong>sit</strong></span> 
     </span>
    </p>
   </div>
   <div class='ocr_carea' id='block_1_4' title="bbox 192 575 1771 654">
    <p class='ocr_par' dir='ltr' id='par_1_4' title="bbox 192 575 1771 654">
     <span class='ocr_line' id='line_1_4' title="bbox 192 575 1771 654; baseline 0.007 -25"><span class='ocrx_word' id='word_1_19' title='bbox 192 575 442 645; x_wconf 83' lang='lat' dir='ltr'><strong>Baptistae</strong></span> <span class='ocrx_word' id='word_1_20' title='bbox 480 580 782 648; x_wconf 74' lang='lat' dir='ltr'><strong>sapientia?</strong></span> <span class='ocrx_word' id='word_1_21' title='bbox 806 580 1030 649; x_wconf 80' lang='lat' dir='ltr'><strong>Quando</strong></span> <span class='ocrx_word' id='word_1_22' title='bbox 1057 582 1170 652; x_wconf 91' lang='lat' dir='ltr'><strong>ipse</strong></span> <span class='ocrx_word' id='word_1_23' title='bbox 1212 582 1486 654; x_wconf 69' lang='lat' dir='ltr'><strong>praedicat,</strong></span> <span class='ocrx_word' id='word_1_24' title='bbox 1517 584 1771 640; x_wconf 76' lang='lat' dir='ltr'><strong>terribilia</strong></span> 
     </span>
    </p>
   </div>
   <div class='ocr_carea' id='block_1_5' title="bbox 190 668 1776 747">
    <p class='ocr_par' dir='ltr' id='par_1_5' title="bbox 190 668 1776 747">
     <span class='ocr_line' id='line_1_5' title="bbox 190 668 1776 747; baseline 0.007 -26"><span class='ocrx_word' id='word_1_25' title='bbox 190 669 363 722; x_wconf 83' lang='lat' dir='ltr'><strong>omnia</strong></span> <span class='ocrx_word' id='word_1_26' title='bbox 386 668 609 738; x_wconf 69' lang='lat' dir='ltr'><strong>prmiert</strong></span> <span class='ocrx_word' id='word_1_27' title='bbox 637 688 756 741; x_wconf 73' lang='lat' dir='ltr'><strong>quze</strong></span> <span class='ocrx_word' id='word_1_28' title='bbox 777 671 831 727; x_wconf 91' lang='lat' dir='ltr'><strong>in</strong></span> <span class='ocrx_word' id='word_1_29' title='bbox 853 673 1178 729; x_wconf 75' lang='lat' dir='ltr'><strong>anxietatem</strong></span> <span class='ocrx_word' id='word_1_30' title='bbox 1206 675 1530 745; x_wconf 89' lang='lat' dir='ltr'><strong>conjiciant;</strong></span> <span class='ocrx_word' id='word_1_31' title='bbox 1563 675 1776 747; x_wconf 88' lang='lat' dir='ltr'><strong>quando</strong></span> 
     </span>
    </p>
   </div>
   <div class='ocr_carea' id='block_1_6' title="bbox 188 760 1776 840">
    <p class='ocr_par' dir='ltr' id='par_1_6' title="bbox 188 760 1776 840">
     <span class='ocr_line' id='line_1_6' title="bbox 188 760 1776 840; baseline 0.008 -28"><span class='ocrx_word' id='word_1_32' title='bbox 188 770 365 814; x_wconf 85' lang='lat' dir='ltr'><strong>autem</strong></span> <span class='ocrx_word' id='word_1_33' title='bbox 402 761 470 814; x_wconf 87' lang='lat' dir='ltr'><strong>ad</strong></span> <span class='ocrx_word' id='word_1_34' title='bbox 498 760 773 818; x_wconf 82' lang='lat' dir='ltr'><strong>Christum</strong></span> <span class='ocrx_word' id='word_1_35' title='bbox 802 766 982 830; x_wconf 88' lang='lat' dir='ltr'><strong>mittit,</strong></span> <span class='ocrx_word' id='word_1_36' title='bbox 1015 766 1151 821; x_wconf 88' lang='lat' dir='ltr'><strong>bona</strong></span> <span class='ocrx_word' id='word_1_37' title='bbox 1176 770 1475 833; x_wconf 87' lang='lat' dir='ltr'><strong>annuntiat,</strong></span> <span class='ocrx_word' id='word_1_38' title='bbox 1505 786 1622 840; x_wconf 73' lang='lat' dir='ltr'><strong>quze</strong></span> <span class='ocrx_word' id='word_1_39' title='bbox 1661 772 1776 826; x_wconf 88' lang='lat' dir='ltr'><strong>ani-</strong></span> 
     </span>
    </p>
   </div>
   <div class='ocr_carea' id='block_1_7' title="bbox 185 852 1775 933">
    <p class='ocr_par' dir='ltr' id='par_1_7' title="bbox 185 852 1775 933">
     <span class='ocr_line' id='line_1_7' title="bbox 185 852 1775 933; baseline 0.006 -26"><span class='ocrx_word' id='word_1_40' title='bbox 185 867 298 907; x_wconf 84' lang='lat' dir='ltr'><strong>mos</strong></span> <span class='ocrx_word' id='word_1_41' title='bbox 336 852 548 921; x_wconf 87' lang='lat' dir='ltr'><strong>possint</strong></span> <span class='ocrx_word' id='word_1_42' title='bbox 592 870 860 910; x_wconf 88' lang='lat' dir='ltr'><strong>recreare.</strong></span> <span class='ocrx_word' id='word_1_43' title='bbox 906 855 1088 926; x_wconf 85' lang='lat' dir='ltr'><strong>Neque</strong></span> <span class='ocrx_word' id='word_1_44' title='bbox 1130 859 1273 912; x_wconf 89' lang='lat' dir='ltr'><strong>enim</strong></span> <span class='ocrx_word' id='word_1_45' title='bbox 1318 861 1569 925; x_wconf 86' lang='lat' dir='ltr'><strong>securim,</strong></span> <span class='ocrx_word' id='word_1_46' title='bbox 1602 878 1775 933; x_wconf 88' lang='lat' dir='ltr'><strong>neque</strong></span> 
     </span>
    </p>
   </div>
   <div class='ocr_carea' id='block_1_8' title="bbox 185 944 1775 1025">
    <p class='ocr_par' dir='ltr' id='par_1_8' title="bbox 185 944 1775 1025">
     <span class='ocr_line' id='line_1_8' title="bbox 185 944 1775 1025; baseline 0.008 -28"><span class='ocrx_word' id='word_1_47' title='bbox 185 944 417 998; x_wconf 77' lang='lat' dir='ltr'><strong>excisam</strong></span> <span class='ocrx_word' id='word_1_48' title='bbox 444 944 720 1012; x_wconf 85' lang='lat' dir='ltr'><strong>arborem,</strong></span> <span class='ocrx_word' id='word_1_49' title='bbox 745 947 825 1001; x_wconf 96' lang='lat' dir='ltr'><strong>vel</strong></span> <span class='ocrx_word' id='word_1_50' title='bbox 862 948 1192 1003; x_wconf 83' lang='lat' dir='ltr'><strong>combustam</strong></span> <span class='ocrx_word' id='word_1_51' title='bbox 1224 958 1277 1004; x_wconf 89' lang='lat' dir='ltr'><strong>et</strong></span> <span class='ocrx_word' id='word_1_52' title='bbox 1308 950 1361 1004; x_wconf 92' lang='lat' dir='ltr'><strong>in</strong></span> <span class='ocrx_word' id='word_1_53' title='bbox 1388 952 1563 1022; x_wconf 81' lang='lat' dir='ltr'><strong>ignem</strong></span> <span class='ocrx_word' id='word_1_54' title='bbox 1591 955 1775 1025; x_wconf 87' lang='lat' dir='ltr'><strong>conje-</strong></span> 
     </span>
    </p>
   </div>
   <div class='ocr_carea' id='block_1_9' title="bbox 182 1037 1772 1110">
    <p class='ocr_par' dir='ltr' id='par_1_9' title="bbox 182 1037 1772 1110">
     <span class='ocr_line' id='line_1_9' title="bbox 182 1037 1772 1110; baseline 0.004 -17"><span class='ocrx_word' id='word_1_55' title='bbox 182 1046 343 1097; x_wconf 87' lang='lat' dir='ltr'><strong>ctam.</strong></span> <span class='ocrx_word' id='word_1_56' title='bbox 381 1053 562 1107; x_wconf 91' lang='lat' dir='ltr'><strong>neque</strong></span> <span class='ocrx_word' id='word_1_57' title='bbox 607 1037 838 1094; x_wconf 88' lang='lat' dir='ltr'><strong>futuram</strong></span> <span class='ocrx_word' id='word_1_58' title='bbox 868 1041 999 1096; x_wconf 92' lang='lat' dir='ltr'><strong>iram</strong></span> <span class='ocrx_word' id='word_1_59' title='bbox 1046 1040 1098 1095; x_wconf 91' lang='lat' dir='ltr'><strong>in</strong></span> <span class='ocrx_word' id='word_1_60' title='bbox 1141 1042 1373 1097; x_wconf 90' lang='lat' dir='ltr'><strong>medium</strong></span> <span class='ocrx_word' id='word_1_61' title='bbox 1415 1044 1650 1110; x_wconf 88' lang='lat' dir='ltr'><strong>adducit,</strong></span> <span class='ocrx_word' id='word_1_62' title='bbox 1678 1045 1772 1100; x_wconf 88' lang='lat' dir='ltr'><strong>sed</strong></span> 
     </span>
    </p>
   </div>
   <div class='ocr_carea' id='block_1_10' title="bbox 183 1133 1773 1208">
    <p class='ocr_par' dir='ltr' id='par_1_10' title="bbox 183 1133 1773 1208">
     <span class='ocr_line' id='line_1_10' title="bbox 183 1133 1773 1208; baseline 0.006 -24"><span class='ocrx_word' id='word_1_63' title='bbox 183 1138 531 1199; x_wconf 82' lang='lat' dir='ltr'><strong>peccatorum</strong></span> <span class='ocrx_word' id='word_1_64' title='bbox 586 1133 981 1201; x_wconf 84' lang='lat' dir='ltr'><strong>remissionem,</strong></span> <span class='ocrx_word' id='word_1_65' title='bbox 1036 1135 1281 1205; x_wconf 87' lang='lat' dir='ltr'><strong>supplicii</strong></span> <span class='ocrx_word' id='word_1_66' title='bbox 1333 1138 1569 1205; x_wconf 84' lang='lat' dir='ltr'><strong>veniam,</strong></span> <span class='ocrx_word' id='word_1_67' title='bbox 1617 1138 1773 1208; x_wconf 84' lang='lat' dir='ltr'><strong>justi—</strong></span> 
     </span>
    </p>
   </div>
   <div class='ocr_carea' id='block_1_11' title="bbox 182 1221 1767 1299">
    <p class='ocr_par' dir='ltr' id='par_1_11' title="bbox 182 1221 1767 1299">
     <span class='ocr_line' id='line_1_11' title="bbox 182 1221 1767 1299; baseline 0.006 -23"><span class='ocrx_word' id='word_1_68' title='bbox 182 1222 329 1289; x_wconf 85' lang='lat' dir='ltr'><strong>tiam,</strong></span> <span class='ocrx_word' id='word_1_69' title='bbox 379 1221 884 1290; x_wconf 86' lang='lat' dir='ltr'><strong>sanetiticationem,</strong></span> <span class='ocrx_word' id='word_1_70' title='bbox 925 1225 1373 1296; x_wconf 85' lang='lat' dir='ltr'><strong>redemptionem,</strong></span> <span class='ocrx_word' id='word_1_71' title='bbox 1402 1229 1767 1299; x_wconf 83' lang='lat' dir='ltr'><strong>adoptionem,</strong></span> 
     </span>
    </p>
   </div>
   <div class='ocr_carea' id='block_1_12' title="bbox 180 1312 1770 1392">
    <p class='ocr_par' dir='ltr' id='par_1_12' title="bbox 180 1312 1770 1392">
     <span class='ocr_line' id='line_1_12' title="bbox 180 1312 1770 1392; baseline 0.007 -26"><span class='ocrx_word' id='word_1_72' title='bbox 180 1312 605 1380; x_wconf 80' lang='lat' dir='ltr'><strong>fraternitatem,</strong></span> <span class='ocrx_word' id='word_1_73' title='bbox 665 1313 979 1372; x_wconf 82' lang='lat' dir='ltr'><strong>hereditatis</strong></span> <span class='ocrx_word' id='word_1_74' title='bbox 1018 1319 1348 1375; x_wconf 84' lang='lat' dir='ltr'><strong>consortium</strong></span> <span class='ocrx_word' id='word_1_75' title='bbox 1373 1359 1391 1387; x_wconf 93' lang='lat'><strong>,</strong></span> <span class='ocrx_word' id='word_1_76' title='bbox 1441 1330 1496 1376; x_wconf 91' lang='lat' dir='ltr'><strong>et</strong></span> <span class='ocrx_word' id='word_1_77' title='bbox 1539 1321 1770 1392; x_wconf 87' lang='lat' dir='ltr'><strong>Spiritus</strong></span> 
     </span>
    </p>
   </div>
   <div class='ocr_carea' id='block_1_13' title="bbox 179 1406 1770 1477">
    <p class='ocr_par' dir='ltr' id='par_1_13' title="bbox 179 1406 1770 1477">
     <span class='ocr_line' id='line_1_13' title="bbox 179 1406 1770 1477; baseline 0.004 -15"><span class='ocrx_word' id='word_1_78' title='bbox 179 1407 345 1462; x_wconf 82' lang='lat' dir='ltr'><strong>sancti</strong></span> <span class='ocrx_word' id='word_1_79' title='bbox 376 1406 656 1475; x_wconf 88' lang='lat' dir='ltr'><strong>copiosam</strong></span> <span class='ocrx_word' id='word_1_80' title='bbox 679 1407 1033 1477; x_wconf 76' lang='lat' dir='ltr'><strong>largitionem.</strong></span> <span class='ocrx_word' id='word_1_81' title='bbox 1063 1408 1191 1464; x_wconf 62' lang='lat' dir='ltr'><strong>Haec</strong></span> <span class='ocrx_word' id='word_1_82' title='bbox 1211 1411 1388 1466; x_wconf 91' lang='lat' dir='ltr'><strong>omnia</strong></span> <span class='ocrx_word' id='word_1_83' title='bbox 1414 1411 1770 1469; x_wconf 88' lang='lat' dir='ltr'><strong>subindicavit</strong></span> 
     </span>
    </p>
   </div>
   <div class='ocr_carea' id='block_1_14' title="bbox 179 1498 1769 1573">
    <p class='ocr_par' dir='ltr' id='par_1_14' title="bbox 179 1498 1769 1573">
     <span class='ocr_line' id='line_1_14' title="bbox 179 1498 1769 1573; baseline 0.004 -19"><span class='ocrx_word' id='word_1_84' title='bbox 179 1500 386 1563; x_wconf 86' lang='lat' dir='ltr'><strong>dicens,</strong></span> <span class='ocrx_word' id='word_1_85' title='bbox 433 1498 725 1568; x_wconf 79' lang='lat' dir='ltr'><strong>Baptizabit</strong></span> <span class='ocrx_word' id='word_1_86' title='bbox 767 1516 854 1554; x_wconf 77' lang='lat' dir='ltr'><strong>vos</strong></span> <span class='ocrx_word' id='word_1_87' title='bbox 882 1500 935 1554; x_wconf 88' lang='lat' dir='ltr'><strong>in</strong></span> <span class='ocrx_word' id='word_1_88' title='bbox 965 1500 1167 1571; x_wconf 85' lang='lat' dir='ltr'><strong>Spiri:u</strong></span> <span class='ocrx_word' id='word_1_89' title='bbox 1210 1513 1406 1569; x_wconf 76' lang='lat' dir='ltr'><strong>sancto,</strong></span> <span class='ocrx_word' id='word_1_90' title='bbox 1440 1503 1552 1573; x_wconf 88' lang='lat' dir='ltr'><strong>ipsa</strong></span> <span class='ocrx_word' id='word_1_91' title='bbox 1598 1514 1769 1560; x_wconf 88' lang='lat' dir='ltr'><strong>meta-</strong></span> 
     </span>
    </p>
   </div>
   <div class='ocr_carea' id='block_1_15' title="bbox 176 1592 1818 1663">
    <p class='ocr_par' dir='ltr' id='par_1_15' title="bbox 176 1592 1818 1663">
     <span class='ocr_line' id='line_1_15' title="bbox 176 1592 1818 1663; baseline 0.006 -18"><span class='ocrx_word' id='word_1_92' title='bbox 176 1592 343 1661; x_wconf 87' lang='lat' dir='ltr'><strong>phora</strong></span> <span class='ocrx_word' id='word_1_93' title='bbox 360 1594 552 1662; x_wconf 66' lang='lat' dir='ltr'><strong>gratiae</strong></span> <span class='ocrx_word' id='word_1_94' title='bbox 568 1593 777 1663; x_wconf 89' lang='lat' dir='ltr'><strong>copiam</strong></span> <span class='ocrx_word' id='word_1_95' title='bbox 804 1594 1100 1649; x_wconf 86' lang='lat' dir='ltr'><strong>declarans.</strong></span> <span class='ocrx_word' id='word_1_96' title='bbox 1130 1594 1245 1650; x_wconf 89' lang='lat' dir='ltr'><strong>Non</strong></span> <span class='ocrx_word' id='word_1_97' title='bbox 1272 1596 1413 1650; x_wconf 91' lang='lat' dir='ltr'><strong>enim</strong></span> <span class='ocrx_word' id='word_1_98' title='bbox 1436 1597 1589 1663; x_wconf 87' lang='lat' dir='ltr'><strong>dixit,</strong></span> <span class='ocrx_word' id='word_1_99' title='bbox 1616 1599 1769 1655; x_wconf 85' lang='lat' dir='ltr'><strong>Dabit</strong></span> <span class='ocrx_word' id='word_1_100' title='bbox 1814 1617 1818 1620; x_wconf 63' lang='lat'><em>‘</em></span> 
     </span>
    </p>
   </div>
   <div class='ocr_carea' id='block_1_16' title="bbox 177 1684 1764 1761">
    <p class='ocr_par' dir='ltr' id='par_1_16' title="bbox 177 1684 1764 1761">
     <span class='ocr_line' id='line_1_16' title="bbox 177 1684 1764 1761; baseline 0.006 -24"><span class='ocrx_word' id='word_1_101' title='bbox 177 1685 322 1741; x_wconf 86' lang='lat' dir='ltr'><strong>vobis</strong></span> <span class='ocrx_word' id='word_1_102' title='bbox 349 1684 615 1755; x_wconf 87' lang='lat' dir='ltr'><strong>Spiritum</strong></span> <span class='ocrx_word' id='word_1_103' title='bbox 646 1695 928 1755; x_wconf 89' lang='lat' dir='ltr'><strong>sanctum;</strong></span> <span class='ocrx_word' id='word_1_104' title='bbox 958 1688 1075 1754; x_wconf 89' lang='lat' dir='ltr'><strong>sed,</strong></span> <span class='ocrx_word' id='word_1_105' title='bbox 1106 1686 1395 1758; x_wconf 76' lang='lat' dir='ltr'><strong>Baptizabit</strong></span> <span class='ocrx_word' id='word_1_106' title='bbox 1433 1706 1519 1745; x_wconf 79' lang='lat' dir='ltr'><strong>vos</strong></span> <span class='ocrx_word' id='word_1_107' title='bbox 1555 1695 1608 1745; x_wconf 84' lang='lat' dir='ltr'><strong>in</strong></span> <span class='ocrx_word' id='word_1_108' title='bbox 1635 1691 1764 1761; x_wconf 81' lang='lat' dir='ltr'><strong>Spi—</strong></span> 
     </span>
    </p>
   </div>
   <div class='ocr_carea' id='block_1_17' title="bbox 176 1774 1765 1848">
    <p class='ocr_par' dir='ltr' id='par_1_17' title="bbox 176 1774 1765 1848">
     <span class='ocr_line' id='line_1_17' title="bbox 176 1774 1765 1848; baseline 0.008 -22"><span class='ocrx_word' id='word_1_109' title='bbox 176 1774 271 1827; x_wconf 81' lang='lat' dir='ltr'><strong>ritu</strong></span> <span class='ocrx_word' id='word_1_110' title='bbox 298 1786 520 1839; x_wconf 74' lang='lat' dir='ltr'><strong>sancto;</strong></span> <span class='ocrx_word' id='word_1_111' title='bbox 544 1784 599 1831; x_wconf 87' lang='lat' dir='ltr'><strong>et</strong></span> <span class='ocrx_word' id='word_1_112' title='bbox 626 1777 761 1848; x_wconf 85' lang='lat' dir='ltr'><strong>ignis</strong></span> <span class='ocrx_word' id='word_1_113' title='bbox 784 1778 1058 1835; x_wconf 88' lang='lat' dir='ltr'><strong>additione</strong></span> <span class='ocrx_word' id='word_1_114' title='bbox 1082 1779 1478 1837; x_wconf 86' lang='lat' dir='ltr'><strong>vehementiam</strong></span> <span class='ocrx_word' id='word_1_115' title='bbox 1509 1791 1563 1837; x_wconf 91' lang='lat' dir='ltr'><strong>et</strong></span> <span class='ocrx_word' id='word_1_116' title='bbox 1587 1781 1765 1839; x_wconf 82' lang='lat' dir='ltr'><strong>efﬁca-</strong></span> 
     </span>
    </p>
   </div>
   <div class='ocr_carea' id='block_1_18' title="bbox 176 1866 942 1937">
    <p class='ocr_par' dir='ltr' id='par_1_18' title="bbox 176 1866 942 1937">
     <span class='ocr_line' id='line_1_18' title="bbox 176 1866 942 1937; baseline 0.008 -18"><span class='ocrx_word' id='word_1_117' title='bbox 176 1866 306 1920; x_wconf 85' lang='lat' dir='ltr'><strong>ciam</strong></span> <span class='ocrx_word' id='word_1_118' title='bbox 329 1869 523 1937; x_wconf 72' lang='lat' dir='ltr'><strong>gratiae</strong></span> <span class='ocrx_word' id='word_1_119' title='bbox 545 1868 942 1926; x_wconf 87' lang='lat' dir='ltr'><strong>demonstrans.</strong></span> 
     </span>
    </p>
   </div>
   <div class='ocr_carea' id='block_1_19' title="bbox 239 1956 1765 2031">
    <p class='ocr_par' dir='ltr' id='par_1_19' title="bbox 239 1956 1765 2031">
     <span class='ocr_line' id='line_1_19' title="bbox 239 1956 1765 2031; baseline 0.008 -20"><span class='ocrx_word' id='word_1_120' title='bbox 239 1958 292 2011; x_wconf 86' lang='lat'><strong>5.</strong></span> <span class='ocrx_word' id='word_1_121' title='bbox 338 1956 624 2026; x_wconf 86' lang='lat' dir='ltr'><strong>Perpende</strong></span> <span class='ocrx_word' id='word_1_122' title='bbox 664 1960 822 2030; x_wconf 90' lang='lat' dir='ltr'><strong>igitur</strong></span> <span class='ocrx_word' id='word_1_123' title='bbox 857 1976 963 2031; x_wconf 92' lang='lat' dir='ltr'><strong>quo</strong></span> <span class='ocrx_word' id='word_1_124' title='bbox 1000 1962 1178 2018; x_wconf 91' lang='lat' dir='ltr'><strong>animo</strong></span> <span class='ocrx_word' id='word_1_125' title='bbox 1207 1964 1492 2021; x_wconf 87' lang='lat' dir='ltr'><strong>verisimile</strong></span> <span class='ocrx_word' id='word_1_126' title='bbox 1509 1966 1601 2022; x_wconf 82' lang='lat' dir='ltr'><strong>‘est</strong></span> <span class='ocrx_word' id='word_1_127' title='bbox 1639 1977 1765 2023; x_wconf 90' lang='lat' dir='ltr'><strong>tunc</strong></span> 
     </span>
    </p>
   </div>
   <div class='ocr_carea' id='block_1_20' title="bbox 175 2049 1766 2127">
    <p class='ocr_par' dir='ltr' id='par_1_20' title="bbox 175 2049 1766 2127">
     <span class='ocr_line' id='line_1_20' title="bbox 175 2049 1766 2127; baseline 0.006 -24"><span class='ocrx_word' id='word_1_128' title='bbox 175 2049 335 2106; x_wconf 82' lang='lat' dir='ltr'><strong>fuisse</strong></span> <span class='ocrx_word' id='word_1_129' title='bbox 363 2051 642 2108; x_wconf 88' lang='lat' dir='ltr'><strong>auditores</strong></span> <span class='ocrx_word' id='word_1_130' title='bbox 660 2095 674 2118; x_wconf 93' lang='lat'><strong>,</strong></span> <span class='ocrx_word' id='word_1_131' title='bbox 703 2054 997 2123; x_wconf 84' lang='lat' dir='ltr'><strong>cogitantes</strong></span> <span class='ocrx_word' id='word_1_132' title='bbox 1021 2069 1080 2110; x_wconf 91' lang='lat' dir='ltr'><strong>se</strong></span> <span class='ocrx_word' id='word_1_133' title='bbox 1119 2056 1322 2111; x_wconf 90' lang='lat' dir='ltr'><strong>similes</strong></span> <span class='ocrx_word' id='word_1_134' title='bbox 1350 2058 1622 2127; x_wconf 89' lang='lat' dir='ltr'><strong>prophetis</strong></span> <span class='ocrx_word' id='word_1_135' title='bbox 1653 2075 1766 2113; x_wconf 88' lang='lat' dir='ltr'><strong>ma-</strong></span> 
     </span>
    </p>
   </div>
   <div class='ocr_carea' id='block_1_21' title="bbox 174 2143 1763 2221">
    <p class='ocr_par' dir='ltr' id='par_1_21' title="bbox 174 2143 1763 2221">
     <span class='ocr_line' id='line_1_21' title="bbox 174 2143 1763 2221; baseline 0.008 -28"><span class='ocrx_word' id='word_1_136' title='bbox 174 2143 393 2212; x_wconf 83' lang='lat' dir='ltr'><strong>gnisque</strong></span> <span class='ocrx_word' id='word_1_137' title='bbox 434 2143 542 2197; x_wconf 91' lang='lat' dir='ltr'><strong>illis</strong></span> <span class='ocrx_word' id='word_1_138' title='bbox 570 2144 699 2199; x_wconf 89' lang='lat' dir='ltr'><strong>viris</strong></span> <span class='ocrx_word' id='word_1_139' title='bbox 727 2160 852 2199; x_wconf 87' lang='lat' dir='ltr'><strong>mox</strong></span> <span class='ocrx_word' id='word_1_140' title='bbox 894 2146 1096 2200; x_wconf 73' lang='lat' dir='ltr'><strong>futuros</strong></span> <span class='ocrx_word' id='word_1_141' title='bbox 1131 2161 1267 2201; x_wconf 88' lang='lat' dir='ltr'><strong>esse.</strong></span> <span class='ocrx_word' id='word_1_142' title='bbox 1301 2147 1424 2204; x_wconf 89' lang='lat' dir='ltr'><strong>Ideo</strong></span> <span class='ocrx_word' id='word_1_143' title='bbox 1454 2149 1596 2204; x_wconf 91' lang='lat' dir='ltr'><strong>enim</strong></span> <span class='ocrx_word' id='word_1_144' title='bbox 1629 2151 1763 2221; x_wconf 87' lang='lat' dir='ltr'><strong>ignis</strong></span> 
     </span>
    </p>
   </div>
   <div class='ocr_carea' id='block_1_22' title="bbox 176 2237 1761 2311">
    <p class='ocr_par' dir='ltr' id='par_1_22' title="bbox 176 2237 1761 2311">
     <span class='ocr_line' id='line_1_22' title="bbox 176 2237 1761 2311; baseline 0.004 -20"><span class='ocrx_word' id='word_1_145' title='bbox 176 2238 497 2292; x_wconf 86' lang='lat' dir='ltr'><strong>mentionem</strong></span> <span class='ocrx_word' id='word_1_146' title='bbox 528 2237 682 2305; x_wconf 88' lang='lat' dir='ltr'><strong>fecit,</strong></span> <span class='ocrx_word' id='word_1_147' title='bbox 712 2248 769 2294; x_wconf 92' lang='lat' dir='ltr'><strong>ut</strong></span> <span class='ocrx_word' id='word_1_148' title='bbox 798 2238 902 2295; x_wconf 91' lang='lat' dir='ltr'><strong>illis</strong></span> <span class='ocrx_word' id='word_1_149' title='bbox 931 2240 1166 2311; x_wconf 87' lang='lat' dir='ltr'><strong>ipsorum</strong></span> <span class='ocrx_word' id='word_1_150' title='bbox 1197 2242 1507 2297; x_wconf 89' lang='lat' dir='ltr'><strong>memoriam</strong></span> <span class='ocrx_word' id='word_1_151' title='bbox 1539 2258 1761 2298; x_wconf 84' lang='lat' dir='ltr'><strong>revoca-</strong></span> 
     </span>
    </p>
   </div>
   <div class='ocr_carea' id='block_1_23' title="bbox 176 2331 1763 2405">
    <p class='ocr_par' dir='ltr' id='par_1_23' title="bbox 176 2331 1763 2405">
     <span class='ocr_line' id='line_1_23' title="bbox 176 2331 1763 2405; baseline 0.004 -20"><span class='ocrx_word' id='word_1_152' title='bbox 176 2340 266 2385; x_wconf 84' lang='lat' dir='ltr'><strong>ret.</strong></span> <span class='ocrx_word' id='word_1_153' title='bbox 310 2331 447 2386; x_wconf 85' lang='lat' dir='ltr'><strong>Nam</strong></span> <span class='ocrx_word' id='word_1_154' title='bbox 490 2333 720 2387; x_wconf 82' lang='lat' dir='ltr'><strong>maxima</strong></span> <span class='ocrx_word' id='word_1_155' title='bbox 750 2347 874 2403; x_wconf 90' lang='lat' dir='ltr'><strong>pars</strong></span> <span class='ocrx_word' id='word_1_156' title='bbox 899 2347 1080 2388; x_wconf 91' lang='lat' dir='ltr'><strong>earum</strong></span> <span class='ocrx_word' id='word_1_157' title='bbox 1101 2374 1116 2400; x_wconf 93' lang='lat'><strong>,</strong></span> <span class='ocrx_word' id='word_1_158' title='bbox 1150 2349 1283 2405; x_wconf 88' lang='lat' dir='ltr'><strong>quas</strong></span> <span class='ocrx_word' id='word_1_159' title='bbox 1311 2335 1565 2403; x_wconf 84' lang='lat' dir='ltr'><strong>habuere,</strong></span> <span class='ocrx_word' id='word_1_160' title='bbox 1598 2336 1763 2392; x_wconf 90' lang='lat' dir='ltr'><strong>visio-</strong></span> 
     </span>
    </p>
   </div>
   <div class='ocr_carea' id='block_1_24' title="bbox 176 2423 1761 2502">
    <p class='ocr_par' dir='ltr' id='par_1_24' title="bbox 176 2423 1761 2502">
     <span class='ocr_line' id='line_1_24' title="bbox 176 2423 1761 2502; baseline 0.006 -25"><span class='ocrx_word' id='word_1_161' title='bbox 176 2440 292 2478; x_wconf 86' lang='lat' dir='ltr'><strong>num</strong></span> <span class='ocrx_word' id='word_1_162' title='bbox 317 2466 330 2488; x_wconf 89' lang='lat'><strong>,</strong></span> <span class='ocrx_word' id='word_1_163' title='bbox 362 2438 465 2494; x_wconf 88' lang='lat' dir='ltr'><strong>per</strong></span> <span class='ocrx_word' id='word_1_164' title='bbox 495 2423 670 2494; x_wconf 90' lang='lat' dir='ltr'><strong>ignem</strong></span> <span class='ocrx_word' id='word_1_165' title='bbox 697 2437 993 2494; x_wconf 87' lang='lat' dir='ltr'><strong>apparuere</strong></span> <span class='ocrx_word' id='word_1_166' title='bbox 1017 2443 1030 2477; x_wconf 89' lang='lat'><strong>:</strong></span> <span class='ocrx_word' id='word_1_167' title='bbox 1054 2426 1131 2481; x_wconf 88' lang='lat' dir='ltr'><strong>sic</strong></span> <span class='ocrx_word' id='word_1_168' title='bbox 1150 2425 1313 2498; x_wconf 83' lang='lat' dir='ltr'><strong>Moysi</strong></span> <span class='ocrx_word' id='word_1_169' title='bbox 1336 2429 1387 2483; x_wconf 92' lang='lat' dir='ltr'><strong>in</strong></span> <span class='ocrx_word' id='word_1_170' title='bbox 1411 2429 1545 2486; x_wconf 91' lang='lat' dir='ltr'><strong>rubo</strong></span> <span class='ocrx_word' id='word_1_171' title='bbox 1570 2430 1761 2502; x_wconf 91' lang='lat' dir='ltr'><strong>loquu-</strong></span> 
     </span>
    </p>
   </div>
   <div class='ocr_carea' id='block_1_25' title="bbox 174 2516 1762 2590">
    <p class='ocr_par' dir='ltr' id='par_1_25' title="bbox 174 2516 1762 2590">
     <span class='ocr_line' id='line_1_25' title="bbox 174 2516 1762 2590; baseline 0.007 -21"><span class='ocrx_word' id='word_1_172' title='bbox 174 2527 251 2569; x_wconf 85' lang='lat' dir='ltr'><strong>tus</strong></span> <span class='ocrx_word' id='word_1_173' title='bbox 282 2526 366 2571; x_wconf 85' lang='lat' dir='ltr'><strong>est</strong></span> <span class='ocrx_word' id='word_1_174' title='bbox 398 2516 577 2583; x_wconf 85' lang='lat' dir='ltr'><strong>Deus,</strong></span> <span class='ocrx_word' id='word_1_175' title='bbox 621 2518 697 2572; x_wconf 89' lang='lat' dir='ltr'><strong>sic</strong></span> <span class='ocrx_word' id='word_1_176' title='bbox 737 2520 880 2572; x_wconf 91' lang='lat' dir='ltr'><strong>omni</strong></span> <span class='ocrx_word' id='word_1_177' title='bbox 922 2518 1118 2588; x_wconf 88' lang='lat' dir='ltr'><strong>populo</strong></span> <span class='ocrx_word' id='word_1_178' title='bbox 1156 2520 1208 2574; x_wconf 92' lang='lat' dir='ltr'><strong>in</strong></span> <span class='ocrx_word' id='word_1_179' title='bbox 1253 2531 1433 2577; x_wconf 91' lang='lat' dir='ltr'><strong>monte</strong></span> <span class='ocrx_word' id='word_1_180' title='bbox 1477 2522 1634 2590; x_wconf 91' lang='lat' dir='ltr'><strong>Sina;</strong></span> <span class='ocrx_word' id='word_1_181' title='bbox 1683 2525 1762 2580; x_wconf 91' lang='lat' dir='ltr'><strong>sic</strong></span> 
     </span>
    </p>
   </div>
   <div class='ocr_carea' id='block_1_26' title="bbox 176 2605 1762 2687">
    <p class='ocr_par' dir='ltr' id='par_1_26' title="bbox 176 2605 1762 2687">
     <span class='ocr_line' id='line_1_26' title="bbox 176 2605 1762 2687; baseline 0.006 -25"><span class='ocrx_word' id='word_1_182' title='bbox 176 2605 439 2663; x_wconf 82' lang='lat' dir='ltr'><strong>Ezechieli</strong></span> <span class='ocrx_word' id='word_1_183' title='bbox 470 2624 592 2663; x_wconf 91' lang='lat' dir='ltr'><strong>cum</strong></span> <span class='ocrx_word' id='word_1_184' title='bbox 634 2609 972 2665; x_wconf 77' lang='lat' dir='ltr'><strong>Clierubinis.</strong></span> <span class='ocrx_word' id='word_1_185' title='bbox 1011 2611 1390 2669; x_wconf 87' lang='lat' dir='ltr'><strong>Animadverte</strong></span> <span class='ocrx_word' id='word_1_186' title='bbox 1432 2630 1592 2685; x_wconf 87' lang='lat' dir='ltr'><strong>porro</strong></span> <span class='ocrx_word' id='word_1_187' title='bbox 1630 2630 1762 2687; x_wconf 90' lang='lat' dir='ltr'><strong>quo-</strong></span> 
     </span>
    </p>
   </div>
   <div class='ocr_carea' id='block_1_27' title="bbox 175 2700 1760 2779">
    <p class='ocr_par' dir='ltr' id='par_1_27' title="bbox 175 2700 1760 2779">
     <span class='ocr_line' id='line_1_27' title="bbox 175 2700 1760 2779; baseline 0.007 -27"><span class='ocrx_word' id='word_1_188' title='bbox 175 2700 327 2753; x_wconf 84' lang='lat' dir='ltr'><strong>modo</strong></span> <span class='ocrx_word' id='word_1_189' title='bbox 354 2700 659 2755; x_wconf 88' lang='lat' dir='ltr'><strong>auditorem</strong></span> <span class='ocrx_word' id='word_1_190' title='bbox 694 2700 922 2767; x_wconf 83' lang='lat' dir='ltr'><strong>excitet,</strong></span> <span class='ocrx_word' id='word_1_191' title='bbox 969 2703 1195 2772; x_wconf 88' lang='lat' dir='ltr'><strong>primum</strong></span> <span class='ocrx_word' id='word_1_192' title='bbox 1244 2715 1484 2761; x_wconf 90' lang='lat' dir='ltr'><strong>statuens</strong></span> <span class='ocrx_word' id='word_1_193' title='bbox 1522 2706 1576 2762; x_wconf 90' lang='lat' dir='ltr'><strong>id</strong></span> <span class='ocrx_word' id='word_1_194' title='bbox 1617 2708 1760 2779; x_wconf 91' lang='lat' dir='ltr'><strong>quod</strong></span> 
     </span>
    </p>
   </div>
   <div class='ocr_carea' id='block_1_28' title="bbox 177 2792 1759 2867">
    <p class='ocr_par' dir='ltr' id='par_1_28' title="bbox 177 2792 1759 2867">
     <span class='ocr_line' id='line_1_28' title="bbox 177 2792 1759 2867; baseline 0.008 -22"><span class='ocrx_word' id='word_1_195' title='bbox 177 2803 286 2860; x_wconf 86' lang='lat' dir='ltr'><strong>post</strong></span> <span class='ocrx_word' id='word_1_196' title='bbox 316 2794 422 2847; x_wconf 84' lang='lat' dir='ltr'><strong>alia</strong></span> <span class='ocrx_word' id='word_1_197' title='bbox 452 2794 632 2849; x_wconf 88' lang='lat' dir='ltr'><strong>omnia</strong></span> <span class='ocrx_word' id='word_1_198' title='bbox 662 2792 896 2850; x_wconf 91' lang='lat' dir='ltr'><strong>futurum</strong></span> <span class='ocrx_word' id='word_1_199' title='bbox 921 2804 1053 2852; x_wconf 87' lang='lat' dir='ltr'><strong>erat.</strong></span> <span class='ocrx_word' id='word_1_200' title='bbox 1082 2796 1375 2867; x_wconf 88' lang='lat' dir='ltr'><strong>Oportebat</strong></span> <span class='ocrx_word' id='word_1_201' title='bbox 1399 2801 1541 2856; x_wconf 89' lang='lat' dir='ltr'><strong>enim</strong></span> <span class='ocrx_word' id='word_1_202' title='bbox 1570 2802 1759 2858; x_wconf 82' lang='lat' dir='ltr'><strong>immo-</strong></span> 
     </span>
    </p>
   </div>
   <div class='ocr_carea' id='block_1_29' title="bbox 174 2885 1763 2962">
    <p class='ocr_par' dir='ltr' id='par_1_29' title="bbox 174 2885 1763 2962">
     <span class='ocr_line' id='line_1_29' title="bbox 174 2885 1763 2962; baseline 0.009 -25"><span class='ocrx_word' id='word_1_203' title='bbox 174 2885 260 2939; x_wconf 88' lang='lat' dir='ltr'><strong>lari</strong></span> <span class='ocrx_word' id='word_1_204' title='bbox 284 2888 521 2956; x_wconf 77' lang='lat' dir='ltr'><strong>Agnum,</strong></span> <span class='ocrx_word' id='word_1_205' title='bbox 542 2895 595 2941; x_wconf 87' lang='lat' dir='ltr'><strong>et</strong></span> <span class='ocrx_word' id='word_1_206' title='bbox 619 2897 897 2958; x_wconf 87' lang='lat' dir='ltr'><strong>peccatum</strong></span> <span class='ocrx_word' id='word_1_207' title='bbox 920 2888 1106 2957; x_wconf 89' lang='lat' dir='ltr'><strong>deleri,</strong></span> <span class='ocrx_word' id='word_1_208' title='bbox 1136 2890 1465 2948; x_wconf 90' lang='lat' dir='ltr'><strong>inimicitiam</strong></span> <span class='ocrx_word' id='word_1_209' title='bbox 1491 2894 1648 2962; x_wconf 90' lang='lat' dir='ltr'><strong>solvi,</strong></span> <span class='ocrx_word' id='word_1_210' title='bbox 1675 2910 1763 2951; x_wconf 85' lang='lat' dir='ltr'><strong>se-</strong></span> 
     </span>
    </p>
   </div>
   <div class='ocr_carea' id='block_1_30' title="bbox 175 2976 1765 3057">
    <p class='ocr_par' dir='ltr' id='par_1_30' title="bbox 175 2976 1765 3057">
     <span class='ocr_line' id='line_1_30' title="bbox 175 2976 1765 3057; baseline 0.009 -29"><span class='ocrx_word' id='word_1_211' title='bbox 175 2976 437 3046; x_wconf 86' lang='lat' dir='ltr'><strong>pulturam</strong></span> <span class='ocrx_word' id='word_1_212' title='bbox 468 2979 757 3035; x_wconf 87' lang='lat' dir='ltr'><strong>succedere</strong></span> <span class='ocrx_word' id='word_1_213' title='bbox 777 2989 830 3035; x_wconf 90' lang='lat' dir='ltr'><strong>et</strong></span> <span class='ocrx_word' id='word_1_214' title='bbox 854 2981 1324 3048; x_wconf 90' lang='lat' dir='ltr'><strong>resurrectionem,</strong></span> <span class='ocrx_word' id='word_1_215' title='bbox 1352 2992 1406 3038; x_wconf 92' lang='lat' dir='ltr'><strong>et</strong></span> <span class='ocrx_word' id='word_1_216' title='bbox 1431 2994 1615 3054; x_wconf 88' lang='lat' dir='ltr'><strong>postea</strong></span> <span class='ocrx_word' id='word_1_217' title='bbox 1640 2985 1765 3057; x_wconf 86' lang='lat' dir='ltr'><strong>Spi-</strong></span> 
     </span>
    </p>
   </div>
   <div class='ocr_carea' id='block_1_31' title="bbox 175 3068 1761 3145">
    <p class='ocr_par' dir='ltr' id='par_1_31' title="bbox 175 3068 1761 3145">
     <span class='ocr_line' id='line_1_31' title="bbox 175 3068 1761 3145; baseline 0.009 -25"><span class='ocrx_word' id='word_1_218' title='bbox 175 3068 324 3121; x_wconf 87' lang='lat' dir='ltr'><strong>ritum</strong></span> <span class='ocrx_word' id='word_1_219' title='bbox 356 3080 603 3124; x_wconf 86' lang='lat' dir='ltr'><strong>sanctum</strong></span> <span class='ocrx_word' id='word_1_220' title='bbox 641 3071 914 3127; x_wconf 85' lang='lat' dir='ltr'><strong>advenire.</strong></span> <span class='ocrx_word' id='word_1_221' title='bbox 958 3075 1027 3127; x_wconf 88' lang='lat' dir='ltr'><strong>At</strong></span> <span class='ocrx_word' id='word_1_222' title='bbox 1063 3088 1249 3129; x_wconf 91' lang='lat' dir='ltr'><strong>eorum</strong></span> <span class='ocrx_word' id='word_1_223' title='bbox 1288 3074 1420 3130; x_wconf 87' lang='lat' dir='ltr'><strong>nihil</strong></span> <span class='ocrx_word' id='word_1_224' title='bbox 1458 3075 1620 3145; x_wconf 91' lang='lat' dir='ltr'><strong>dicit;</strong></span> <span class='ocrx_word' id='word_1_225' title='bbox 1664 3077 1761 3134; x_wconf 89' lang='lat' dir='ltr'><strong>sed</strong></span> 
     </span>
    </p>
   </div>
   <div class='ocr_carea' id='block_1_32' title="bbox 174 3158 1759 3240">
    <p class='ocr_par' dir='ltr' id='par_1_32' title="bbox 174 3158 1759 3240">
     <span class='ocr_line' id='line_1_32' title="bbox 174 3158 1759 3240; baseline 0.009 -30"><span class='ocrx_word' id='word_1_226' title='bbox 174 3158 306 3227; x_wconf 85' lang='lat' dir='ltr'><strong>quod</strong></span> <span class='ocrx_word' id='word_1_227' title='bbox 340 3167 673 3228; x_wconf 88' lang='lat' dir='ltr'><strong>postremum</strong></span> <span class='ocrx_word' id='word_1_228' title='bbox 702 3171 847 3228; x_wconf 91' lang='lat' dir='ltr'><strong>erat,</strong></span> <span class='ocrx_word' id='word_1_229' title='bbox 879 3162 1110 3232; x_wconf 89' lang='lat' dir='ltr'><strong>primum</strong></span> <span class='ocrx_word' id='word_1_230' title='bbox 1137 3166 1343 3235; x_wconf 91' lang='lat' dir='ltr'><strong>posuit,</strong></span> <span class='ocrx_word' id='word_1_231' title='bbox 1374 3176 1594 3238; x_wconf 88' lang='lat' dir='ltr'><strong>propter</strong></span> <span class='ocrx_word' id='word_1_232' title='bbox 1616 3168 1759 3240; x_wconf 89' lang='lat' dir='ltr'><strong>quod</strong></span> 
     </span>
    </p>
   </div>
   <div class='ocr_carea' id='block_1_33' title="bbox 177 3251 1757 3328">
    <p class='ocr_par' dir='ltr' id='par_1_33' title="bbox 177 3251 1757 3328">
     <span class='ocr_line' id='line_1_33' title="bbox 177 3251 1757 3328; baseline 0.008 -24"><span class='ocrx_word' id='word_1_233' title='bbox 177 3258 359 3305; x_wconf 64' lang='lat' dir='ltr'><strong>cetera</strong></span> <span class='ocrx_word' id='word_1_234' title='bbox 396 3252 578 3307; x_wconf 90' lang='lat' dir='ltr'><strong>omnia</strong></span> <span class='ocrx_word' id='word_1_235' title='bbox 608 3251 745 3309; x_wconf 80' lang='lat' dir='ltr'><strong>facta</strong></span> <span class='ocrx_word' id='word_1_236' title='bbox 774 3264 933 3323; x_wconf 90' lang='lat' dir='ltr'><strong>sunt,</strong></span> <span class='ocrx_word' id='word_1_237' title='bbox 976 3256 1226 3328; x_wconf 90' lang='lat' dir='ltr'><strong>quodque</strong></span> <span class='ocrx_word' id='word_1_238' title='bbox 1252 3260 1483 3316; x_wconf 80' lang='lat' dir='ltr'><strong>maxime</strong></span> <span class='ocrx_word' id='word_1_239' title='bbox 1508 3260 1757 3317; x_wconf 89' lang='lat' dir='ltr'><strong>idoneum</strong></span> 
     </span>
    </p>
   </div>
   <div class='ocr_carea' id='block_1_34' title="bbox 177 3342 1758 3418">
    <p class='ocr_par' dir='ltr' id='par_1_34' title="bbox 177 3342 1758 3418">
     <span class='ocr_line' id='line_1_34' title="bbox 177 3342 1758 3418; baseline 0.008 -23"><span class='ocrx_word' id='word_1_240' title='bbox 177 3342 374 3397; x_wconf 85' lang='lat' dir='ltr'><strong>eratad</strong></span> <span class='ocrx_word' id='word_1_241' title='bbox 404 3342 523 3412; x_wconf 85' lang='lat' dir='ltr'><strong>ejus</strong></span> <span class='ocrx_word' id='word_1_242' title='bbox 551 3344 942 3414; x_wconf 66' lang='lat' dir='ltr'><strong>praedicandam</strong></span> <span class='ocrx_word' id='word_1_243' title='bbox 974 3347 1286 3418; x_wconf 85' lang='lat' dir='ltr'><strong>dignitatem</strong></span> <span class='ocrx_word' id='word_1_244' title='bbox 1316 3369 1329 3405; x_wconf 90' lang='lat'><strong>:</strong></span> <span class='ocrx_word' id='word_1_245' title='bbox 1362 3360 1419 3405; x_wconf 91' lang='lat' dir='ltr'><strong>ut</strong></span> <span class='ocrx_word' id='word_1_246' title='bbox 1455 3366 1576 3407; x_wconf 92' lang='lat' dir='ltr'><strong>cum</strong></span> <span class='ocrx_word' id='word_1_247' title='bbox 1618 3354 1758 3409; x_wconf 85' lang='lat' dir='ltr'><strong>didi-</strong></span> 
     </span>
    </p>
   </div>
   <div class='ocr_carea' id='block_1_35' title="bbox 178 3433 1755 3514">
    <p class='ocr_par' dir='ltr' id='par_1_35' title="bbox 178 3433 1755 3514">
     <span class='ocr_line' id='line_1_35' title="bbox 178 3433 1755 3514; baseline 0.01 -27"><span class='ocrx_word' id='word_1_248' title='bbox 178 3433 295 3487; x_wconf 81' lang='lat' dir='ltr'><strong>cerit</strong></span> <span class='ocrx_word' id='word_1_249' title='bbox 328 3434 566 3499; x_wconf 87' lang='lat' dir='ltr'><strong>auditur,</strong></span> <span class='ocrx_word' id='word_1_250' title='bbox 598 3450 659 3490; x_wconf 91' lang='lat' dir='ltr'><strong>se</strong></span> <span class='ocrx_word' id='word_1_251' title='bbox 686 3444 889 3491; x_wconf 92' lang='lat' dir='ltr'><strong>tantum</strong></span> <span class='ocrx_word' id='word_1_252' title='bbox 927 3438 1180 3508; x_wconf 89' lang='lat' dir='ltr'><strong>Spiritum</strong></span> <span class='ocrx_word' id='word_1_253' title='bbox 1219 3452 1558 3512; x_wconf 90' lang='lat' dir='ltr'><strong>accepturum</strong></span> <span class='ocrx_word' id='word_1_254' title='bbox 1597 3460 1717 3501; x_wconf 90' lang='lat' dir='ltr'><strong>esse</strong></span> <span class='ocrx_word' id='word_1_255' title='bbox 1740 3489 1755 3514; x_wconf 94' lang='lat'><strong>,</strong></span> 
     </span>
    </p>
   </div>
   <div class='ocr_carea' id='block_1_36' title="bbox 178 3528 1762 3602">
    <p class='ocr_par' dir='ltr' id='par_1_36' title="bbox 178 3528 1762 3602">
     <span class='ocr_line' id='line_1_36' title="bbox 178 3528 1762 3602; baseline 0.009 -23"><span class='ocrx_word' id='word_1_256' title='bbox 178 3536 370 3595; x_wconf 78' lang='lat' dir='ltr'><strong>quzerat</strong></span> <span class='ocrx_word' id='word_1_257' title='bbox 410 3528 552 3597; x_wconf 88' lang='lat' dir='ltr'><strong>apud</strong></span> <span class='ocrx_word' id='word_1_258' title='bbox 579 3531 924 3599; x_wconf 87' lang='lat' dir='ltr'><strong>semetipsum</strong></span> <span class='ocrx_word' id='word_1_259' title='bbox 950 3533 1216 3602; x_wconf 87' lang='lat' dir='ltr'><strong>quomodo</strong></span> <span class='ocrx_word' id='word_1_260' title='bbox 1256 3534 1306 3589; x_wconf 93' lang='lat' dir='ltr'><strong>id</strong></span> <span class='ocrx_word' id='word_1_261' title='bbox 1348 3537 1580 3593; x_wconf 79' lang='lat' dir='ltr'><strong>futurum</strong></span> <span class='ocrx_word' id='word_1_262' title='bbox 1619 3550 1762 3596; x_wconf 89' lang='lat' dir='ltr'><strong>esset</strong></span> 
     </span>
    </p>
   </div>
   <div class='ocr_carea' id='block_1_37' title="bbox 178 3619 1760 3698">
    <p class='ocr_par' dir='ltr' id='par_1_37' title="bbox 178 3619 1760 3698">
     <span class='ocr_line' id='line_1_37' title="bbox 178 3619 1760 3698; baseline 0.01 -28"><span class='ocrx_word' id='word_1_263' title='bbox 178 3627 388 3685; x_wconf 86' lang='lat' dir='ltr'><strong>peccato</strong></span> <span class='ocrx_word' id='word_1_264' title='bbox 420 3619 526 3674; x_wconf 89' lang='lat' dir='ltr'><strong>late</strong></span> <span class='ocrx_word' id='word_1_265' title='bbox 554 3630 840 3691; x_wconf 80' lang='lat' dir='ltr'><strong>regnante;</strong></span> <span class='ocrx_word' id='word_1_266' title='bbox 872 3632 930 3677; x_wconf 91' lang='lat' dir='ltr'><strong>ut</strong></span> <span class='ocrx_word' id='word_1_267' title='bbox 958 3623 1102 3678; x_wconf 90' lang='lat' dir='ltr'><strong>illum</strong></span> <span class='ocrx_word' id='word_1_268' title='bbox 1131 3635 1315 3695; x_wconf 89' lang='lat' dir='ltr'><strong>postea</strong></span> <span class='ocrx_word' id='word_1_269' title='bbox 1344 3630 1616 3698; x_wconf 89' lang='lat' dir='ltr'><strong>reperiens</strong></span> <span class='ocrx_word' id='word_1_270' title='bbox 1648 3632 1760 3686; x_wconf 89' lang='lat' dir='ltr'><strong>sol-</strong></span> 
     </span>
    </p>
   </div>
   <div class='ocr_carea' id='block_1_38' title="bbox 180 3709 1762 3792">
    <p class='ocr_par' dir='ltr' id='par_1_38' title="bbox 180 3709 1762 3792">
     <span class='ocr_line' id='line_1_38' title="bbox 180 3709 1762 3792; baseline 0.013 -31"><span class='ocrx_word' id='word_1_271' title='bbox 180 3709 371 3765; x_wconf 82' lang='lat' dir='ltr'><strong>licitum</strong></span> <span class='ocrx_word' id='word_1_272' title='bbox 394 3752 410 3777; x_wconf 96' lang='lat'><strong>,</strong></span> <span class='ocrx_word' id='word_1_273' title='bbox 443 3721 497 3768; x_wconf 89' lang='lat' dir='ltr'><strong>et</strong></span> <span class='ocrx_word' id='word_1_274' title='bbox 535 3713 602 3767; x_wconf 90' lang='lat' dir='ltr'><strong>ad</strong></span> <span class='ocrx_word' id='word_1_275' title='bbox 642 3714 962 3770; x_wconf 90' lang='lat' dir='ltr'><strong>audiendum</strong></span> <span class='ocrx_word' id='word_1_276' title='bbox 1005 3728 1243 3786; x_wconf 86' lang='lat' dir='ltr'><strong>paratum</strong></span> <span class='ocrx_word' id='word_1_277' title='bbox 1265 3761 1280 3787; x_wconf 93' lang='lat'><strong>,</strong></span> <span class='ocrx_word' id='word_1_278' title='bbox 1313 3720 1389 3775; x_wconf 88' lang='lat' dir='ltr'><strong>sic</strong></span> <span class='ocrx_word' id='word_1_279' title='bbox 1418 3720 1485 3776; x_wconf 91' lang='lat' dir='ltr'><strong>de</strong></span> <span class='ocrx_word' id='word_1_280' title='bbox 1517 3724 1762 3792; x_wconf 91' lang='lat' dir='ltr'><strong>passione</strong></span> 
     </span>
    </p>
   </div>
   <div class='ocr_carea' id='block_1_39' title="bbox 178 3804 1760 3879">
    <p class='ocr_par' dir='ltr' id='par_1_39' title="bbox 178 3804 1760 3879">
     <span class='ocr_line' id='line_1_39' title="bbox 178 3804 1760 3879; baseline 0.008 -22"><span class='ocrx_word' id='word_1_281' title='bbox 178 3817 478 3859; x_wconf 87' lang='lat' dir='ltr'><strong>sermonem</strong></span> <span class='ocrx_word' id='word_1_282' title='bbox 508 3804 816 3872; x_wconf 87' lang='lat' dir='ltr'><strong>induceret,</strong></span> <span class='ocrx_word' id='word_1_283' title='bbox 845 3808 1057 3863; x_wconf 83' lang='lat' dir='ltr'><strong>nemine</strong></span> <span class='ocrx_word' id='word_1_284' title='bbox 1080 3820 1262 3879; x_wconf 87' lang='lat' dir='ltr'><strong>postea</strong></span> <span class='ocrx_word' id='word_1_285' title='bbox 1290 3811 1342 3866; x_wconf 92' lang='lat' dir='ltr'><strong>in</strong></span> <span class='ocrx_word' id='word_1_286' title='bbox 1381 3813 1760 3870; x_wconf 73' lang='lat' dir='ltr'><strong>oliendiculum</strong></span> 
     </span>
    </p>
   </div>
   <div class='ocr_carea' id='block_1_40' title="bbox 180 3896 1757 3975">
    <p class='ocr_par' dir='ltr' id='par_1_40' title="bbox 180 3896 1757 3975">
     <span class='ocr_line' id='line_1_40' title="bbox 180 3896 1757 3975; baseline 0.008 -25"><span class='ocrx_word' id='word_1_287' title='bbox 180 3896 381 3953; x_wconf 83' lang='lat' dir='ltr'><strong>labente</strong></span> <span class='ocrx_word' id='word_1_288' title='bbox 401 3898 473 3953; x_wconf 92' lang='lat' dir='ltr'><strong>ob</strong></span> <span class='ocrx_word' id='word_1_289' title='bbox 491 3898 796 3955; x_wconf 88' lang='lat' dir='ltr'><strong>diuturnam</strong></span> <span class='ocrx_word' id='word_1_290' title='bbox 821 3900 946 3957; x_wconf 91' lang='lat' dir='ltr'><strong>doni</strong></span> <span class='ocrx_word' id='word_1_291' title='bbox 968 3901 1266 3973; x_wconf 85' lang='lat' dir='ltr'><strong>Itujusmodi</strong></span> <span class='ocrx_word' id='word_1_292' title='bbox 1287 3908 1757 3975; x_wconf 71' lang='lat' dir='ltr'><strong>exspectationem.</strong></span> 
     </span>
    </p>
   </div>
   <div class='ocr_carea' id='block_1_41' title="bbox 180 3986 1761 4069">
    <p class='ocr_par' dir='ltr' id='par_1_41' title="bbox 180 3986 1761 4069">
     <span class='ocr_line' id='line_1_41' title="bbox 180 3986 1761 4069; baseline 0.008 -27"><span class='ocrx_word' id='word_1_293' title='bbox 180 3986 295 4043; x_wconf 87' lang='lat' dir='ltr'><strong>Ideo</strong></span> <span class='ocrx_word' id='word_1_294' title='bbox 340 4003 559 4045; x_wconf 83' lang='lat' dir='ltr'><strong>rursum</strong></span> <span class='ocrx_word' id='word_1_295' title='bbox 598 3991 862 4047; x_wconf 87' lang='lat' dir='ltr'><strong>clamabat</strong></span> <span class='ocrx_word' id='word_1_296' title='bbox 910 4009 924 4046; x_wconf 89' lang='lat'>:</span> <span class='ocrx_word' id='word_1_297' title='bbox 966 3993 1099 4048; x_wconf 85' lang='lat' dir='ltr'><strong>Ecce</strong></span> <span class='ocrx_word' id='word_1_298' title='bbox 1135 4011 1297 4066; x_wconf 80' lang='lat' dir='ltr'><strong>agnus</strong></span> <span class='ocrx_word' id='word_1_299' title='bbox 1342 3996 1471 4064; x_wconf 88' lang='lat' dir='ltr'><strong>Dei,</strong></span> <span class='ocrx_word' id='word_1_300' title='bbox 1528 4000 1615 4069; x_wconf 84' lang='lat' dir='ltr'><strong>qui</strong></span> <span class='ocrx_word' id='word_1_301' title='bbox 1668 4001 1761 4055; x_wconf 84' lang='lat' dir='ltr'><strong>tol-</strong></span> 
     </span>
    </p>
   </div>
   <div class='ocr_carea' id='block_1_42' title="bbox 180 4081 1766 4160">
    <p class='ocr_par' dir='ltr' id='par_1_42' title="bbox 180 4081 1766 4160">
     <span class='ocr_line' id='line_1_42' title="bbox 180 4081 1766 4160; baseline 0.009 -27"><span class='ocrx_word' id='word_1_302' title='bbox 180 4081 231 4134; x_wconf 84' lang='lat' dir='ltr'><strong>iit</strong></span> <span class='ocrx_word' id='word_1_303' title='bbox 256 4091 519 4149; x_wconf 85' lang='lat' dir='ltr'><strong>peccatum</strong></span> <span class='ocrx_word' id='word_1_304' title='bbox 564 4083 742 4136; x_wconf 83' lang='lat' dir='ltr'><strong>mundi</strong></span> <span class='ocrx_word' id='word_1_305' title='bbox 777 4081 962 4154; x_wconf 78' lang='lat' dir='ltr'><strong>(Joan.</strong></span> <span class='ocrx_word' id='word_1_306' title='bbox 990 4085 1041 4138; x_wconf 85' lang='grc'><strong>1.</strong></span> <span class='ocrx_word' id='word_1_307' title='bbox 1063 4084 1189 4157; x_wconf 71' lang='grc'><strong>29).</strong></span> <span class='ocrx_word' id='word_1_308' title='bbox 1221 4086 1334 4142; x_wconf 87' lang='lat' dir='ltr'><strong>Non</strong></span> <span class='ocrx_word' id='word_1_309' title='bbox 1365 4088 1529 4155; x_wconf 81' lang='lat' dir='ltr'><strong>dixit,</strong></span> <span class='ocrx_word' id='word_1_310' title='bbox 1557 4090 1656 4160; x_wconf 85' lang='lat' dir='ltr'><strong>Qui</strong></span> <span class='ocrx_word' id='word_1_311' title='bbox 1682 4107 1766 4148; x_wconf 89' lang='lat' dir='ltr'><strong>re-</strong></span> 
     </span>
    </p>
   </div>
   <div class='ocr_carea' id='block_1_43' title="bbox 180 4173 1759 4251">
    <p class='ocr_par' dir='ltr' id='par_1_43' title="bbox 180 4173 1759 4251">
     <span class='ocr_line' id='line_1_43' title="bbox 180 4173 1759 4251; baseline 0.009 -27"><span class='ocrx_word' id='word_1_312' title='bbox 180 4174 369 4240; x_wconf 89' lang='lat' dir='ltr'><strong>mittit,</strong></span> <span class='ocrx_word' id='word_1_313' title='bbox 403 4173 497 4228; x_wconf 88' lang='lat' dir='ltr'><strong>sed</strong></span> <span class='ocrx_word' id='word_1_314' title='bbox 529 4174 669 4243; x_wconf 88' lang='lat' dir='ltr'><strong>quod</strong></span> <span class='ocrx_word' id='word_1_315' title='bbox 697 4175 915 4245; x_wconf 80' lang='lat' dir='ltr'><strong>majoris</strong></span> <span class='ocrx_word' id='word_1_316' title='bbox 954 4186 1068 4231; x_wconf 90' lang='lat' dir='ltr'><strong>erat</strong></span> <span class='ocrx_word' id='word_1_317' title='bbox 1103 4194 1248 4234; x_wconf 85' lang='lat' dir='ltr'><strong>curae</strong></span> <span class='ocrx_word' id='word_1_318' title='bbox 1281 4195 1345 4236; x_wconf 89' lang='lat' dir='ltr'><strong>ac</strong></span> <span class='ocrx_word' id='word_1_319' title='bbox 1384 4184 1759 4251; x_wconf 75' lang='lat' dir='ltr'><strong>providentiae,</strong></span> 
     </span>
    </p>
   </div>
   <div class='ocr_carea' id='block_1_44' title="bbox 183 4262 1765 4342">
    <p class='ocr_par' dir='ltr' id='par_1_44' title="bbox 183 4262 1765 4342">
     <span class='ocr_line' id='line_1_44' title="bbox 183 4262 1765 4342; baseline 0.01 -28"><span class='ocrx_word' id='word_1_320' title='bbox 183 4264 277 4329; x_wconf 78' lang='lat' dir='ltr'><strong>Qui</strong></span> <span class='ocrx_word' id='word_1_321' title='bbox 322 4263 478 4317; x_wconf 83' lang='lat' dir='ltr'><strong>tollit.</strong></span> <span class='ocrx_word' id='word_1_322' title='bbox 526 4262 642 4318; x_wconf 84' lang='lat' dir='ltr'><strong>Non</strong></span> <span class='ocrx_word' id='word_1_323' title='bbox 682 4265 824 4319; x_wconf 90' lang='lat' dir='ltr'><strong>enim</strong></span> <span class='ocrx_word' id='word_1_324' title='bbox 856 4264 1079 4335; x_wconf 89' lang='lat' dir='ltr'><strong>idipsum</strong></span> <span class='ocrx_word' id='word_1_325' title='bbox 1110 4279 1193 4323; x_wconf 89' lang='lat' dir='ltr'><strong>est</strong></span> <span class='ocrx_word' id='word_1_326' title='bbox 1234 4271 1544 4342; x_wconf 89' lang='lat' dir='ltr'><strong>simpliciter</strong></span> <span class='ocrx_word' id='word_1_327' title='bbox 1584 4274 1765 4330; x_wconf 87' lang='lat' dir='ltr'><strong>remit-</strong></span> 
     </span>
    </p>
   </div>
   <div class='ocr_carea' id='block_1_45' title="bbox 182 4358 1765 4436">
    <p class='ocr_par' dir='ltr' id='par_1_45' title="bbox 182 4358 1765 4436">
     <span class='ocr_line' id='line_1_45' title="bbox 182 4358 1765 4436; baseline 0.008 -30"><span class='ocrx_word' id='word_1_328' title='bbox 182 4362 321 4419; x_wconf 81' lang='lat' dir='ltr'><strong>tere,</strong></span> <span class='ocrx_word' id='word_1_329' title='bbox 361 4362 423 4407; x_wconf 88' lang='lat' dir='ltr'><strong>et</strong></span> <span class='ocrx_word' id='word_1_330' title='bbox 465 4365 648 4423; x_wconf 88' lang='lat' dir='ltr'><strong>postea</strong></span> <span class='ocrx_word' id='word_1_331' title='bbox 692 4371 985 4412; x_wconf 81' lang='lat' dir='ltr'><strong>resumere.</strong></span> <span class='ocrx_word' id='word_1_332' title='bbox 1045 4358 1173 4414; x_wconf 86' lang='lat' dir='ltr'><strong>Nam</strong></span> <span class='ocrx_word' id='word_1_333' title='bbox 1220 4362 1347 4416; x_wconf 88' lang='lat' dir='ltr'><strong>illud</strong></span> <span class='ocrx_word' id='word_1_334' title='bbox 1396 4363 1515 4419; x_wconf 89' lang='lat' dir='ltr'><strong>sine</strong></span> <span class='ocrx_word' id='word_1_335' title='bbox 1556 4366 1765 4436; x_wconf 85' lang='lat' dir='ltr'><strong>pericu-</strong></span> 
     </span>
    </p>
   </div>
   <div class='ocr_carea' id='block_1_46' title="bbox 181 4444 1766 4524">
    <p class='ocr_par' dir='ltr' id='par_1_46' title="bbox 181 4444 1766 4524">
     <span class='ocr_line' id='line_1_46' title="bbox 181 4444 1766 4524; baseline 0.007 -26"><span class='ocrx_word' id='word_1_336' title='bbox 181 4445 228 4499; x_wconf 92' lang='lat' dir='ltr'><strong>lo</strong></span> <span class='ocrx_word' id='word_1_337' title='bbox 269 4444 467 4507; x_wconf 83' lang='lat' dir='ltr'><strong>fiebat,</strong></span> <span class='ocrx_word' id='word_1_338' title='bbox 512 4445 614 4500; x_wconf 89' lang='lat' dir='ltr'><strong>hoc</strong></span> <span class='ocrx_word' id='word_1_339' title='bbox 643 4458 820 4501; x_wconf 88' lang='lat' dir='ltr'><strong>autem</strong></span> <span class='ocrx_word' id='word_1_340' title='bbox 853 4465 946 4515; x_wconf 89' lang='lat' dir='ltr'><strong>per</strong></span> <span class='ocrx_word' id='word_1_341' title='bbox 985 4459 1210 4506; x_wconf 89' lang='lat' dir='ltr'><strong>mortem</strong></span> <span class='ocrx_word' id='word_1_342' title='bbox 1252 4451 1351 4524; x_wconf 84' lang='grc' dir='ltr'><strong>(α).</strong></span> <span class='ocrx_word' id='word_1_343' title='bbox 1395 4454 1599 4512; x_wconf 80' lang='lat' dir='ltr'><strong>Rursus</strong></span> <span class='ocrx_word' id='word_1_344' title='bbox 1637 4472 1766 4511; x_wconf 90' lang='lat' dir='ltr'><strong>vero</strong></span> 
     </span>
    </p>
   </div>
   <div class='ocr_carea' id='block_1_47' title="bbox 179 4535 1764 4618">
    <p class='ocr_par' dir='ltr' id='par_1_47' title="bbox 179 4535 1764 4618">
     <span class='ocr_line' id='line_1_47' title="bbox 179 4535 1764 4618; baseline 0.011 -30"><span class='ocrx_word' id='word_1_345' title='bbox 179 4535 382 4592; x_wconf 83' lang='lat' dir='ltr'><strong>dicebat</strong></span> <span class='ocrx_word' id='word_1_346' title='bbox 405 4578 422 4602; x_wconf 91' lang='lat'><strong>,</strong></span> <span class='ocrx_word' id='word_1_347' title='bbox 472 4538 615 4607; x_wconf 89' lang='lat' dir='ltr'><strong>quod</strong></span> <span class='ocrx_word' id='word_1_348' title='bbox 656 4537 819 4593; x_wconf 88' lang='lat' dir='ltr'><strong>Filius</strong></span> <span class='ocrx_word' id='word_1_349' title='bbox 866 4540 955 4595; x_wconf 82' lang='lat' dir='ltr'><strong>Dei</strong></span> <span class='ocrx_word' id='word_1_350' title='bbox 997 4552 1137 4598; x_wconf 86' lang='lat' dir='ltr'><strong>esset</strong></span> <span class='ocrx_word' id='word_1_351' title='bbox 1168 4543 1330 4611; x_wconf 87' lang='lat' dir='ltr'><strong>(Ibid.</strong></span> <span class='ocrx_word' id='word_1_352' title='bbox 1355 4562 1403 4600; x_wconf 83' lang='grc' dir='ltr'><strong>υ.</strong></span> <span class='ocrx_word' id='word_1_353' title='bbox 1430 4547 1543 4618; x_wconf 70' lang='grc'><strong>54).</strong></span> <span class='ocrx_word' id='word_1_354' title='bbox 1567 4548 1764 4605; x_wconf 84' lang='lat' dir='ltr'><strong>Verum</strong></span> 
     </span>
    </p>
   </div>
   <div class='ocr_carea' id='block_1_48' title="bbox 235 4779 1753 4845">
    <p class='ocr_par' dir='ltr' id='par_1_48' title="bbox 235 4779 1753 4845">
     <span class='ocr_line' id='line_1_48' title="bbox 235 4779 1753 4845; baseline 0.004 -17"><span class='ocrx_word' id='word_1_355' title='bbox 235 4780 425 4845; x_wconf 45' lang='grc' dir='ltr'><strong>(πλεῖτε</strong></span> <span class='ocrx_word' id='word_1_356' title='bbox 458 4779 636 4845; x_wconf 85' lang='lat' dir='ltr'><strong>Latine</strong></span> <span class='ocrx_word' id='word_1_357' title='bbox 656 4779 857 4845; x_wconf 54' lang='lat' dir='ltr'><strong>Menti;</strong></span> <span class='ocrx_word' id='word_1_358' title='bbox 892 4782 1076 4845; x_wconf 15' lang='lat' dir='ltr'><strong>,Grzece</strong></span> <span class='ocrx_word' id='word_1_359' title='bbox 1119 4789 1324 4832; x_wconf 88' lang='lat' dir='ltr'><strong>autem:</strong></span> <span class='ocrx_word' id='word_1_360' title='bbox 1382 4785 1453 4832; x_wconf 82' lang='grc' dir='ltr'><strong>Οὐ</strong></span> <span class='ocrx_word' id='word_1_361' title='bbox 1494 4785 1581 4845; x_wconf 79' lang='grc' dir='ltr'>γάρ</span> <span class='ocrx_word' id='word_1_362' title='bbox 1624 4788 1753 4835; x_wconf 81' lang='grc' dir='ltr'><strong>ἐστιν</strong></span> 
     </span>
    </p>
   </div>
   <div class='ocr_carea' id='block_1_49' title="bbox 178 4842 1752 4910">
    <p class='ocr_par' dir='ltr' id='par_1_49' title="bbox 178 4842 1752 4910">
     <span class='ocr_line' id='line_1_49' title="bbox 178 4842 1752 4910; baseline 0.003 -22"><span class='ocrx_word' id='word_1_363' title='bbox 178 4843 275 4910; x_wconf 53' lang='grc' dir='ltr'><strong>ἷξον</strong></span> <span class='ocrx_word' id='word_1_364' title='bbox 313 4842 503 4910; x_wconf 47' lang='grc' dir='ltr'><strong>ἀφεῖναι</strong></span> <span class='ocrx_word' id='word_1_365' title='bbox 527 4844 709 4910; x_wconf 54' lang='grc' dir='ltr'><strong>ᾁπλῶς,</strong></span> <span class='ocrx_word' id='word_1_366' title='bbox 732 4844 817 4910; x_wconf 69' lang='lat' dir='ltr'><strong>atati</strong></span> <span class='ocrx_word' id='word_1_367' title='bbox 854 4844 935 4910; x_wconf 59' lang='grc' dir='ltr'><strong>ςρν</strong></span> <span class='ocrx_word' id='word_1_368' title='bbox 982 4845 1123 4910; x_wconf 65' lang='grc' dir='ltr'>αρτῥν</span> <span class='ocrx_word' id='word_1_369' title='bbox 1146 4844 1412 4910; x_wconf 54' lang='grc' dir='ltr'><strong>ᾇναλαϐεξίν.</strong></span> <span class='ocrx_word' id='word_1_370' title='bbox 1462 4842 1529 4895; x_wconf 78' lang='grc' dir='ltr'>Τὸ</span> <span class='ocrx_word' id='word_1_371' title='bbox 1558 4842 1639 4908; x_wconf 60' lang='grc' dir='ltr'><strong>μὲν</strong></span> <span class='ocrx_word' id='word_1_372' title='bbox 1664 4850 1752 4910; x_wconf 74' lang='grc' dir='ltr'>γᾲρ</span> 
     </span>
    </p>
   </div>
   <div class='ocr_carea' id='block_1_50' title="bbox 180 4903 1751 4974">
    <p class='ocr_par' dir='ltr' id='par_1_50' title="bbox 180 4903 1751 4974">
     <span class='ocr_line' id='line_1_50' title="bbox 180 4903 1751 4974; baseline 0.004 -23"><span class='ocrx_word' id='word_1_373' title='bbox 180 4904 259 4957; x_wconf 65' lang='lat' dir='ltr'><strong>{Eia</strong></span> <span class='ocrx_word' id='word_1_374' title='bbox 278 4903 499 4951; x_wconf 72' lang='grc' dir='ltr'><strong>κινδύνου</strong></span> <span class='ocrx_word' id='word_1_375' title='bbox 534 4905 738 4974; x_wconf 59' lang='grc' dir='ltr'><strong>ἑγξγετοι</strong></span> <span class='ocrx_word' id='word_1_376' title='bbox 759 4905 827 4974; x_wconf 43' lang='grc' dir='ltr'><strong>,τὸ</strong></span> <span class='ocrx_word' id='word_1_377' title='bbox 856 4906 905 4952; x_wconf 86' lang='grc' dir='ltr'><strong>δὲ</strong></span> <span class='ocrx_word' id='word_1_378' title='bbox 930 4908 1045 4974; x_wconf 70' lang='grc' dir='ltr'><strong>μετὰ</strong></span> <span class='ocrx_word' id='word_1_379' title='bbox 1071 4907 1287 4974; x_wconf 54' lang='lat' dir='ltr'><strong>oon/aitait.</strong></span> <span class='ocrx_word' id='word_1_380' title='bbox 1333 4907 1451 4974; x_wconf 44' lang='lat' dir='ltr'><strong>Quae</strong></span> <span class='ocrx_word' id='word_1_381' title='bbox 1494 4903 1568 4957; x_wconf 66' lang='lat' dir='ltr'><strong>sic</strong></span> <span class='ocrx_word' id='word_1_382' title='bbox 1588 4903 1751 4969; x_wconf 57' lang='lat' dir='ltr'><strong>expli-</strong></span> 
     </span>
    </p>
   </div>
   <div class='ocr_carea' id='block_1_51' title="bbox 179 4965 1751 5038">
    <p class='ocr_par' dir='ltr' id='par_1_51' title="bbox 179 4965 1751 5038">
     <span class='ocr_line' id='line_1_51' title="bbox 179 4965 1751 5038; baseline 0.003 -24"><span class='ocrx_word' id='word_1_383' title='bbox 179 4976 266 5038; x_wconf 64' lang='grc' dir='ltr'><strong>ειη</strong></span> <span class='ocrx_word' id='word_1_384' title='bbox 290 4971 504 5038; x_wconf 70' lang='lat' dir='ltr'><strong>possunt</strong></span> <span class='ocrx_word' id='word_1_385' title='bbox 528 4980 539 5012; x_wconf 92' lang='lat'><strong>:</strong></span> <span class='ocrx_word' id='word_1_386' title='bbox 581 4967 626 5015; x_wconf 83' lang='grc' dir='ltr'><strong><em>Ν</em></strong></span> <span class='ocrx_word' id='word_1_387' title='bbox 633 4979 707 5038; x_wconf 58' lang='lat' dir='ltr'><strong>ou</strong></span> <span class='ocrx_word' id='word_1_388' title='bbox 718 4965 846 5038; x_wconf 78' lang='lat' dir='ltr'><strong>idem</strong></span> <span class='ocrx_word' id='word_1_389' title='bbox 872 4965 946 5038; x_wconf 72' lang='lat' dir='ltr'><strong>est</strong></span> <span class='ocrx_word' id='word_1_390' title='bbox 970 4966 1265 5038; x_wconf 67' lang='lat' dir='ltr'><strong>simpliciter</strong></span> <span class='ocrx_word' id='word_1_391' title='bbox 1292 4965 1535 5038; x_wconf 73' lang='lat' dir='ltr'><strong>remittere</strong></span> <span class='ocrx_word' id='word_1_392' title='bbox 1557 4976 1600 5037; x_wconf 81' lang='lat' dir='ltr'><strong>et</strong></span> <span class='ocrx_word' id='word_1_393' title='bbox 1618 4965 1751 5038; x_wconf 77' lang='lat' dir='ltr'><strong>euut-</strong></span> 
     </span>
    </p>
   </div>
   <div class='ocr_carea' id='block_1_52' title="bbox 178 5024 1747 5093">
    <p class='ocr_par' dir='ltr' id='par_1_52' title="bbox 178 5024 1747 5093">
     <span class='ocr_line' id='line_1_52' title="bbox 178 5024 1747 5093; baseline 0.001 -16"><span class='ocrx_word' id='word_1_394' title='bbox 426 5034 514 5093; x_wconf 58' lang='lat' dir='ltr'><strong>est</strong></span> <span class='ocrx_word' id='word_1_395' title='bbox 546 5025 890 5093; x_wconf 62' lang='lat' dir='ltr'><strong>rentittetttetttl</strong></span> <span class='ocrx_word' id='word_1_396' title='bbox 946 5024 1189 5079; x_wconf 69' lang='lat' dir='ltr'><strong>assumere</strong></span> <span class='ocrx_word' id='word_1_397' title='bbox 1252 5030 1400 5088; x_wconf 85' lang='lat' dir='ltr'><strong>(quod</strong></span> <span class='ocrx_word' id='word_1_398' title='bbox 1451 5029 1747 5093; x_wconf 79' lang='lat' dir='ltr'><strong>remittitur).</strong></span> 
     </span>
    </p>
   </div>
   <div class='ocr_carea' id='block_1_53' title="bbox 178 5084 1753 5154">
    <p class='ocr_par' dir='ltr' id='par_1_53' title="bbox 178 5084 1753 5154">
     <span class='ocr_line' id='line_1_53' title="bbox 178 5084 1753 5154; baseline 0.006 -20"><span class='ocrx_word' id='word_1_399' title='bbox 178 5085 436 5154; x_wconf 56' lang='lat' dir='ltr'><strong>{tumulati</strong></span> <span class='ocrx_word' id='word_1_400' title='bbox 453 5084 562 5154; x_wconf 79' lang='lat' dir='ltr'><strong>sine</strong></span> <span class='ocrx_word' id='word_1_401' title='bbox 572 5086 791 5151; x_wconf 83' lang='lat' dir='ltr'><strong>periculo</strong></span> <span class='ocrx_word' id='word_1_402' title='bbox 810 5087 970 5149; x_wconf 82' lang='lat' dir='ltr'><strong>ﬁebat,</strong></span> <span class='ocrx_word' id='word_1_403' title='bbox 980 5104 1042 5140; x_wconf 77' lang='lat' dir='ltr'><strong>ex</strong></span> <span class='ocrx_word' id='word_1_404' title='bbox 1052 5092 1141 5140; x_wconf 81' lang='lat' dir='ltr'><strong>hoc</strong></span> <span class='ocrx_word' id='word_1_405' title='bbox 1154 5084 1313 5154; x_wconf 76' lang='lat' dir='ltr'><strong>autem</strong></span> <span class='ocrx_word' id='word_1_406' title='bbox 1325 5102 1458 5154; x_wconf 82' lang='lat' dir='ltr'><strong>mors</strong></span> <span class='ocrx_word' id='word_1_407' title='bbox 1469 5084 1753 5154; x_wconf 78' lang='lat' dir='ltr'><strong>sequebatur</strong></span> 
     </span>
    </p>
   </div>
   <div class='ocr_carea' id='block_1_54' title="bbox 122 5149 1752 5221">
    <p class='ocr_par' dir='ltr' id='par_1_54' title="bbox 122 5149 1752 5221">
     <span class='ocr_line' id='line_1_54' title="bbox 122 5149 1752 5221; baseline 0.004 -25"><span class='ocrx_word' id='word_1_408' title='bbox 122 5150 123 5153; x_wconf 69' lang='grc'><em>“</em></span> <span class='ocrx_word' id='word_1_409' title='bbox 179 5150 523 5221; x_wconf 29' lang='lat' dir='ltr'><strong>(a&#39;i’litteram.</strong></span> <span class='ocrx_word' id='word_1_410' title='bbox 543 5149 633 5221; x_wconf 74' lang='lat' dir='ltr'><strong>hoc</strong></span> <span class='ocrx_word' id='word_1_411' title='bbox 660 5156 833 5221; x_wconf 71' lang='lat' dir='ltr'><strong>autem</strong></span> <span class='ocrx_word' id='word_1_412' title='bbox 851 5164 957 5221; x_wconf 75' lang='lat' dir='ltr'><strong>cum</strong></span> <span class='ocrx_word' id='word_1_413' title='bbox 984 5153 1194 5221; x_wconf 86' lang='lat' dir='ltr'><strong>_morte).</strong></span> <span class='ocrx_word' id='word_1_414' title='bbox 1230 5152 1368 5221; x_wconf 81' lang='lat' dir='ltr'><strong>Quod</strong></span> <span class='ocrx_word' id='word_1_415' title='bbox 1395 5154 1456 5208; x_wconf 91' lang='lat' dir='ltr'><strong>si,</strong></span> <span class='ocrx_word' id='word_1_416' title='bbox 1489 5149 1752 5221; x_wconf 75' lang='lat' dir='ltr'><strong>multorum</strong></span> 
     </span>
    </p>
   </div>
   <div class='ocr_carea' id='block_1_55' title="bbox 180 5213 1749 5276">
    <p class='ocr_par' dir='ltr' id='par_1_55' title="bbox 180 5213 1749 5276">
     <span class='ocr_line' id='line_1_55' title="bbox 180 5213 1749 5276; baseline 0.003 -18"><span class='ocrx_word' id='word_1_417' title='bbox 180 5213 394 5276; x_wconf 76' lang='lat' dir='ltr'><strong>codicum</strong></span> <span class='ocrx_word' id='word_1_418' title='bbox 414 5225 455 5259; x_wconf 78' lang='lat' dir='ltr'><strong>at</strong></span> <span class='ocrx_word' id='word_1_419' title='bbox 478 5214 759 5276; x_wconf 79' lang='lat' dir='ltr'><strong>ctoritatem</strong></span> <span class='ocrx_word' id='word_1_420' title='bbox 784 5216 960 5276; x_wconf 84' lang='lat' dir='ltr'><strong>secuti,</strong></span> <span class='ocrx_word' id='word_1_421' title='bbox 984 5214 1367 5276; x_wconf 73' lang='lat' dir='ltr'><strong>legatnu_s_an)rdv</strong></span> <span class='ocrx_word' id='word_1_422' title='bbox 1380 5226 1470 5274; x_wconf 86' lang='lat' dir='ltr'><strong>pro</strong></span> <span class='ocrx_word' id='word_1_423' title='bbox 1485 5216 1566 5276; x_wconf 63' lang='lat' dir='ltr'><strong>rev</strong></span> <span class='ocrx_word' id='word_1_424' title='bbox 1590 5218 1749 5275; x_wconf 80' lang='grc' dir='ltr'><strong>αὐτόν,</strong></span> 
     </span>
    </p>
   </div>
   <div class='ocr_carea' id='block_1_56' title="bbox 181 5270 1750 5344">
    <p class='ocr_par' dir='ltr' id='par_1_56' title="bbox 181 5270 1750 5344">
     <span class='ocr_line' id='line_1_56' title="bbox 181 5270 1750 5344; baseline 0.005 -23"><span class='ocrx_word' id='word_1_425' title='bbox 181 5275 243 5338; x_wconf 74' lang='lat' dir='ltr'><strong>sic</strong></span> <span class='ocrx_word' id='word_1_426' title='bbox 294 5270 774 5344; x_wconf 69' lang='lat' dir='ltr'><strong>interpretabimur:</strong></span> <span class='ocrx_word' id='word_1_427' title='bbox 842 5270 954 5343; x_wconf 73' lang='lat' dir='ltr'><strong>Non</strong></span> <span class='ocrx_word' id='word_1_428' title='bbox 995 5270 1122 5327; x_wconf 62' lang='lat' dir='ltr'><strong>enim</strong></span> <span class='ocrx_word' id='word_1_429' title='bbox 1166 5272 1297 5344; x_wconf 66' lang='lat' dir='ltr'><strong>idem</strong></span> <span class='ocrx_word' id='word_1_430' title='bbox 1339 5270 1409 5324; x_wconf 69' lang='lat' dir='ltr'><strong>est</strong></span> <span class='ocrx_word' id='word_1_431' title='bbox 1461 5270 1750 5339; x_wconf 64' lang='lat' dir='ltr'><strong>(Christum)</strong></span> 
     </span>
    </p>
   </div>
   <div class='ocr_carea' id='block_1_57' title="bbox 180 5331 1755 5407">
    <p class='ocr_par' dir='ltr' id='par_1_57' title="bbox 180 5331 1755 5407">
     <span class='ocr_line' id='line_1_57' title="bbox 180 5331 1755 5407; baseline 0.006 -27"><span class='ocrx_word' id='word_1_432' title='bbox 180 5331 471 5407; x_wconf 39' lang='lat' dir='ltr'><strong>sinitpti‘citei;~</strong></span> <span class='ocrx_word' id='word_1_433' title='bbox 495 5334 1051 5407; x_wconf 39' lang='lat' dir='ltr'><strong>(peceatainretniuere,</strong></span> <span class='ocrx_word' id='word_1_434' title='bbox 1097 5344 1144 5407; x_wconf 79' lang='lat' dir='ltr'><strong>et</strong></span> <span class='ocrx_word' id='word_1_435' title='bbox 1166 5335 1341 5407; x_wconf 64' lang='lat' dir='ltr'><strong>ipsum</strong></span> <span class='ocrx_word' id='word_1_436' title='bbox 1374 5331 1621 5407; x_wconf 65' lang='lat' dir='ltr'><strong>assumere</strong></span> <span class='ocrx_word' id='word_1_437' title='bbox 1652 5331 1755 5407; x_wconf 51' lang='lat' dir='ltr'><strong>(re;</strong></span> 
     </span>
    </p>
   </div>
   <div class='ocr_carea' id='block_1_58' title="bbox 181 5395 1755 5461">
    <p class='ocr_par' dir='ltr' id='par_1_58' title="bbox 181 5395 1755 5461">
     <span class='ocr_line' id='line_1_58' title="bbox 181 5395 1755 5461; baseline 0.006 -19"><span class='ocrx_word' id='word_1_438' title='bbox 181 5395 365 5461; x_wconf 23' lang='lat' dir='ltr'><strong>missa):</strong></span> <span class='ocrx_word' id='word_1_439' title='bbox 426 5395 793 5461; x_wconf 12' lang='lat' dir='ltr'><strong>Erratrlilontf.</strong></span> <span class='ocrx_word' id='word_1_440' title='bbox 826 5402 953 5461; x_wconf 74' lang='lat' dir='ltr'><strong>dum</strong></span> <span class='ocrx_word' id='word_1_441' title='bbox 1003 5395 1211 5461; x_wconf 34' lang='lat' dir='ltr'><strong>cenjicit‘</strong></span> <span class='ocrx_word' id='word_1_442' title='bbox 1256 5398 1457 5446; x_wconf 83' lang='lat' dir='ltr'><strong>rescribi</strong></span> <span class='ocrx_word' id='word_1_443' title='bbox 1491 5411 1636 5460; x_wconf 88' lang='lat' dir='ltr'><strong>posse</strong></span> <span class='ocrx_word' id='word_1_444' title='bbox 1657 5395 1755 5459; x_wconf 71' lang='grc' dir='ltr'><strong>’τήν</strong></span> 
     </span>
    </p>
   </div>
   <div class='ocr_carea' id='block_1_59' title="bbox 184 5455 1755 5522">
    <p class='ocr_par' dir='ltr' id='par_1_59' title="bbox 184 5455 1755 5522">
     <span class='ocr_line' id='line_1_59' title="bbox 184 5455 1755 5522; baseline 0.018 -38"><span class='ocrx_word' id='word_1_445' title='bbox 184 5456 319 5522; x_wconf 41' lang='grc' dir='ltr'><strong>ᾐτήν</strong></span> <span class='ocrx_word' id='word_1_446' title='bbox 352 5455 560 5520; x_wconf 53' lang='lat' dir='ltr'><strong>(scium;</strong></span> <span class='ocrx_word' id='word_1_447' title='bbox 582 5458 839 5522; x_wconf 51' lang='grc' dir='ltr'><strong>ἁμαρτίαις)</strong></span> <span class='ocrx_word' id='word_1_448' title='bbox 864 5455 1133 5522; x_wconf 70' lang='grc' dir='ltr'><strong>ἀναλαϐεἴξρ,</strong></span> <span class='ocrx_word' id='word_1_449' title='bbox 1164 5464 1218 5510; x_wconf 88' lang='lat' dir='ltr'><strong>et</strong></span> <span class='ocrx_word' id='word_1_450' title='bbox 1259 5455 1609 5521; x_wconf 77' lang='lat' dir='ltr'><strong>interpreiari:</strong></span> <span class='ocrx_word' id='word_1_451' title='bbox 1643 5455 1755 5515; x_wconf 78' lang='lat' dir='ltr'><strong>Non</strong></span> 
     </span>
    </p>
   </div>
   <div class='ocr_carea' id='block_1_60' title="bbox 184 5516 1752 5586">
    <p class='ocr_par' dir='ltr' id='par_1_60' title="bbox 184 5516 1752 5586">
     <span class='ocr_line' id='line_1_60' title="bbox 184 5516 1752 5586; baseline 0.006 -20"><span class='ocrx_word' id='word_1_452' title='bbox 397 5524 468 5586; x_wconf 73' lang='lat' dir='ltr'><strong>est</strong></span> <span class='ocrx_word' id='word_1_453' title='bbox 490 5516 742 5581; x_wconf 63' lang='lat' dir='ltr'><strong>peccetu&#39;ttt</strong></span> <span class='ocrx_word' id='word_1_454' title='bbox 764 5516 1010 5586; x_wconf 74' lang='lat' dir='ltr'><strong>dimittere</strong></span> <span class='ocrx_word' id='word_1_455' title='bbox 1027 5530 1073 5575; x_wconf 83' lang='lat' dir='ltr'><strong>et</strong></span> <span class='ocrx_word' id='word_1_456' title='bbox 1102 5516 1258 5586; x_wconf 73' lang='lat' dir='ltr'><strong>ipsum</strong></span> <span class='ocrx_word' id='word_1_457' title='bbox 1278 5516 1752 5586; x_wconf 64' lang='lat' dir='ltr'><strong>censoret-octaua;</strong></span> 
     </span>
    </p>
   </div>
   <div class='ocr_carea' id='block_1_61' title="bbox 188 5578 1756 5693">
    <p class='ocr_par' dir='ltr' id='par_1_61' title="bbox 188 5578 1756 5693">
     <span class='ocr_line' id='line_1_61' title="bbox 188 5578 1756 5693; baseline 0.008 -69"><span class='ocrx_word' id='word_1_458' title='bbox 188 5578 302 5627; x_wconf 84' lang='lat' dir='ltr'><strong>hunc</strong></span> <span class='ocrx_word' id='word_1_459' title='bbox 329 5583 456 5693; x_wconf 66' lang='grc' dir='ltr'>ειέἱω</span> <span class='ocrx_word' id='word_1_460' title='bbox 484 5578 686 5633; x_wconf 82' lang='lat' dir='ltr'><strong>sensum</strong></span> <span class='ocrx_word' id='word_1_461' title='bbox 710 5585 917 5633; x_wconf 87' lang='lat' dir='ltr'><strong>minime</strong></span> <span class='ocrx_word' id='word_1_462' title='bbox 960 5578 1136 5637; x_wconf 73' lang='lat' dir='ltr'><strong>Iicebai</strong></span> <span class='ocrx_word' id='word_1_463' title='bbox 1163 5582 1311 5635; x_wconf 85' lang='lat' dir='ltr'><strong>verbo</strong></span> <span class='ocrx_word' id='word_1_464' title='bbox 1332 5582 1580 5635; x_wconf 79' lang='grc' dir='ltr'>ἀναλαϐεῖν</span> <span class='ocrx_word' id='word_1_465' title='bbox 1618 5578 1756 5639; x_wconf 55' lang='lat' dir='ltr'><strong>am“:-</strong></span> 
     </span>
     <span class='ocr_line' id='line_1_62' title="bbox 190 5651 487 5693; baseline 0.02 -8"><span class='ocrx_word' id='word_1_466' title='bbox 190 5651 311 5693; x_wconf 58' lang='grc' dir='ltr'><strong>ζετο.</strong></span> <span class='ocrx_word' id='word_1_467' title='bbox 402 5657 487 5691; x_wconf 63' lang='lat' dir='ltr'><strong>Uir.</strong></span> 
     </span>
    </p>
   </div>
   <div class='ocr_carea' id='block_1_62' title="bbox 190 5651 487 5699">
    <p class='ocr_par' dir='ltr' id='par_1_62' title="bbox 190 5651 487 5699">
     <span class='ocr_line' id='line_1_63' title="bbox 190 5651 487 5699; baseline 0.02 -14"><span class='ocrx_word' id='word_1_468' title='bbox 190 5651 311 5699; x_wconf 78' lang='lat' dir='ltr'><strong>gere.</strong></span> <span class='ocrx_word' id='word_1_469' title='bbox 361 5651 487 5693; x_wconf 71' lang='grc' dir='ltr'><strong>ινιτ.</strong></span> 
     </span>
    </p>
   </div>
   <div class='ocr_carea' id='block_1_63' title="bbox 1301 272 3017 347">
    <p class='ocr_par' dir='ltr' id='par_1_63' title="bbox 1301 272 3017 347">
     <span class='ocr_line' id='line_1_64' title="bbox 1301 272 3017 347; baseline 0.001 -14"><span class='ocrx_word' id='word_1_470' title='bbox 1301 276 1368 334; x_wconf 78' lang='lat' dir='ltr'><strong>IN</strong></span> <span class='ocrx_word' id='word_1_471' title='bbox 1394 274 1801 335; x_wconf 66' lang='lat' dir='ltr'><strong>MATTHEUM</strong></span> <span class='ocrx_word' id='word_1_472' title='bbox 1840 272 2071 334; x_wconf 72' lang='lat' dir='ltr'><strong>HOMIL.</strong></span> <span class='ocrx_word' id='word_1_473' title='bbox 2113 277 2206 336; x_wconf 74' lang='grc' dir='ltr'><strong>χι.</strong></span> <span class='ocrx_word' id='word_1_474' title='bbox 2972 290 3017 347; x_wconf 55' lang='lat' dir='ltr'><strong>qs</strong></span> 
     </span>
    </p>
   </div>
   <div class='ocr_carea' id='block_1_64' title="bbox 3370 305 3474 364">
    <p class='ocr_par' dir='ltr' id='par_1_64' title="bbox 3370 305 3474 364">
     <span class='ocr_line' id='line_1_65' title="bbox 3370 305 3474 364; baseline 0.038 -3"><span class='ocrx_word' id='word_1_475' title='bbox 3370 305 3474 364; x_wconf 76' lang='grc'><strong>198</strong></span> 
     </span>
    </p>
   </div>
   <div class='ocr_carea' id='block_1_65' title="bbox 1884 396 3474 490">
    <p class='ocr_par' dir='ltr' id='par_1_65' title="bbox 1884 396 3474 490">
     <span class='ocr_line' id='line_1_66' title="bbox 1884 396 3474 490; baseline 0.019 -43"><span class='ocrx_word' id='word_1_476' title='bbox 1884 407 2058 462; x_wconf 86' lang='lat' dir='ltr'><strong>neque</strong></span> <span class='ocrx_word' id='word_1_477' title='bbox 2086 396 2215 451; x_wconf 89' lang='lat' dir='ltr'><strong>illud</strong></span> <span class='ocrx_word' id='word_1_478' title='bbox 2249 399 2395 456; x_wconf 89' lang='lat' dir='ltr'><strong>clare</strong></span> <span class='ocrx_word' id='word_1_479' title='bbox 2421 401 2732 473; x_wconf 84' lang='lat' dir='ltr'><strong>dignitatem</strong></span> <span class='ocrx_word' id='word_1_480' title='bbox 2765 406 2905 463; x_wconf 88' lang='lat' dir='ltr'><strong>illius</strong></span> <span class='ocrx_word' id='word_1_481' title='bbox 2931 410 3267 471; x_wconf 86' lang='lat' dir='ltr'><strong>audientibus</strong></span> <span class='ocrx_word' id='word_1_482' title='bbox 3296 425 3474 490; x_wconf 80' lang='lat' dir='ltr'><strong>expri-</strong></span> 
     </span>
    </p>
   </div>
   <div class='ocr_carea' id='block_1_66' title="bbox 1882 486 3469 579">
    <p class='ocr_par' dir='ltr' id='par_1_66' title="bbox 1882 486 3469 579">
     <span class='ocr_line' id='line_1_67' title="bbox 1882 486 3469 579; baseline 0.02 -40"><span class='ocrx_word' id='word_1_483' title='bbox 1882 486 2081 541; x_wconf 88' lang='lat' dir='ltr'><strong>mebat.</strong></span> <span class='ocrx_word' id='word_1_484' title='bbox 2121 488 2366 547; x_wconf 85' lang='lat' dir='ltr'><strong>Nondum</strong></span> <span class='ocrx_word' id='word_1_485' title='bbox 2393 495 2537 549; x_wconf 91' lang='lat' dir='ltr'><strong>enim</strong></span> <span class='ocrx_word' id='word_1_486' title='bbox 2567 497 2807 554; x_wconf 89' lang='lat' dir='ltr'><strong>sciebant</strong></span> <span class='ocrx_word' id='word_1_487' title='bbox 2834 500 3007 572; x_wconf 90' lang='lat' dir='ltr'><strong>ipsum</strong></span> <span class='ocrx_word' id='word_1_488' title='bbox 3029 521 3150 563; x_wconf 87' lang='lat' dir='ltr'><strong>esse</strong></span> <span class='ocrx_word' id='word_1_489' title='bbox 3176 486 3469 579; x_wconf 80' lang='lat' dir='ltr'><strong>genuinum</strong></span> 
     </span>
    </p>
   </div>
   <div class='ocr_carea' id='block_1_67' title="bbox 1880 574 3474 671">
    <p class='ocr_par' dir='ltr' id='par_1_67' title="bbox 1880 574 3474 671">
     <span class='ocr_line' id='line_1_68' title="bbox 1880 574 3474 671; baseline 0.018 -40"><span class='ocrx_word' id='word_1_490' title='bbox 1880 574 2072 671; x_wconf 81' lang='lat' dir='ltr'><strong>Filium</strong></span> <span class='ocrx_word' id='word_1_491' title='bbox 2107 594 2214 638; x_wconf 79' lang='lat' dir='ltr'><strong>:ex</strong></span> <span class='ocrx_word' id='word_1_492' title='bbox 2242 582 2385 639; x_wconf 90' lang='lat' dir='ltr'><strong>dono</strong></span> <span class='ocrx_word' id='word_1_493' title='bbox 2412 596 2587 671; x_wconf 87' lang='lat' dir='ltr'><strong>autem</strong></span> <span class='ocrx_word' id='word_1_494' title='bbox 2618 588 2849 659; x_wconf 90' lang='lat' dir='ltr'><strong>Spiritus</strong></span> <span class='ocrx_word' id='word_1_495' title='bbox 2891 597 3060 651; x_wconf 87' lang='lat' dir='ltr'><strong>sancti</strong></span> <span class='ocrx_word' id='word_1_496' title='bbox 3112 599 3163 654; x_wconf 88' lang='lat' dir='ltr'><strong>id</strong></span> <span class='ocrx_word' id='word_1_497' title='bbox 3179 574 3297 671; x_wconf 70' lang='lat' dir='ltr'><strong>jam</strong></span> <span class='ocrx_word' id='word_1_498' title='bbox 3337 618 3474 659; x_wconf 85' lang='lat' dir='ltr'><strong>con-</strong></span> 
     </span>
    </p>
   </div>
   <div class='ocr_carea' id='block_1_68' title="bbox 1880 668 3471 763">
    <p class='ocr_par' dir='ltr' id='par_1_68' title="bbox 1880 668 3471 763">
     <span class='ocr_line' id='line_1_69' title="bbox 1880 668 3471 763; baseline 0.018 -40"><span class='ocrx_word' id='word_1_499' title='bbox 1880 669 2074 763; x_wconf 85' lang='lat' dir='ltr'><strong>stabat.</strong></span> <span class='ocrx_word' id='word_1_500' title='bbox 2123 671 2352 745; x_wconf 86' lang='lat' dir='ltr'><strong>Ideoque</strong></span> <span class='ocrx_word' id='word_1_501' title='bbox 2396 668 2567 733; x_wconf 85' lang='lat' dir='ltr'><strong>Pater</strong></span> <span class='ocrx_word' id='word_1_502' title='bbox 2601 680 2859 739; x_wconf 83' lang='lat' dir='ltr'><strong>Joannem</strong></span> <span class='ocrx_word' id='word_1_503' title='bbox 2903 686 3152 755; x_wconf 85' lang='lat' dir='ltr'><strong>mittens,</strong></span> <span class='ocrx_word' id='word_1_504' title='bbox 3190 668 3471 763; x_wconf 80' lang='lat' dir='ltr'><strong>dignitatis</strong></span> 
     </span>
    </p>
   </div>
   <div class='ocr_carea' id='block_1_69' title="bbox 1881 760 3465 850">
    <p class='ocr_par' dir='ltr' id='par_1_69' title="bbox 1881 760 3465 850">
     <span class='ocr_line' id='line_1_70' title="bbox 1881 760 3465 850; baseline 0.019 -36"><span class='ocrx_word' id='word_1_505' title='bbox 1881 760 2017 829; x_wconf 88' lang='lat' dir='ltr'><strong>ejus,</strong></span> <span class='ocrx_word' id='word_1_506' title='bbox 2048 763 2135 833; x_wconf 91' lang='lat' dir='ltr'><strong>qui</strong></span> <span class='ocrx_word' id='word_1_507' title='bbox 2166 765 2498 833; x_wconf 73' lang='lat' dir='ltr'><strong>adveniebat;</strong></span> <span class='ocrx_word' id='word_1_508' title='bbox 2531 771 2632 826; x_wconf 89' lang='lat' dir='ltr'><strong>hoc</strong></span> <span class='ocrx_word' id='word_1_509' title='bbox 2658 786 3029 845; x_wconf 87' lang='lat' dir='ltr'><strong>argumentum</strong></span> <span class='ocrx_word' id='word_1_510' title='bbox 3051 781 3219 850; x_wconf 87' lang='lat' dir='ltr'><strong>dedit,</strong></span> <span class='ocrx_word' id='word_1_511' title='bbox 3243 760 3465 843; x_wconf 84' lang='lat' dir='ltr'><strong>dicens:</strong></span> 
     </span>
    </p>
   </div>
   <div class='ocr_carea' id='block_1_70' title="bbox 1881 852 3467 935">
    <p class='ocr_par' dir='ltr' id='par_1_70' title="bbox 1881 852 3467 935">
     <span class='ocr_line' id='line_1_71' title="bbox 1881 852 3467 935; baseline 0.018 -30"><span class='ocrx_word' id='word_1_512' title='bbox 1881 852 2047 923; x_wconf 87' lang='lat' dir='ltr'><strong>Super</strong></span> <span class='ocrx_word' id='word_1_513' title='bbox 2074 873 2220 923; x_wconf 85' lang='lat' dir='ltr'><strong>quem</strong></span> <span class='ocrx_word' id='word_1_514' title='bbox 2257 861 2437 915; x_wconf 76' lang='lat' dir='ltr'><strong>videris</strong></span> <span class='ocrx_word' id='word_1_515' title='bbox 2476 863 2727 934; x_wconf 82' lang='lat' dir='ltr'><strong>Spiritum</strong></span> <span class='ocrx_word' id='word_1_516' title='bbox 2764 867 3140 928; x_wconf 81' lang='lat' dir='ltr'><strong>descendentem</strong></span> <span class='ocrx_word' id='word_1_517' title='bbox 3179 887 3225 931; x_wconf 76' lang='lat' dir='ltr'><strong>et</strong></span> <span class='ocrx_word' id='word_1_518' title='bbox 3255 895 3467 935; x_wconf 77' lang='lat' dir='ltr'><strong>mnum-</strong></span> 
     </span>
    </p>
   </div>
   <div class='ocr_carea' id='block_1_71' title="bbox 1879 946 3467 1041">
    <p class='ocr_par' dir='ltr' id='par_1_71' title="bbox 1879 946 3467 1041">
     <span class='ocr_line' id='line_1_72' title="bbox 1879 946 3467 1041; baseline 0.019 -46"><span class='ocrx_word' id='word_1_519' title='bbox 1879 952 1997 1041; x_wconf 64' lang='lat' dir='ltr'><strong>(fni,</strong></span> <span class='ocrx_word' id='word_1_520' title='bbox 2016 946 2097 999; x_wconf 82' lang='lat' dir='ltr'><strong>hic</strong></span> <span class='ocrx_word' id='word_1_521' title='bbox 2122 951 2299 1020; x_wconf 78' lang='lat' dir='ltr'><strong>estqui</strong></span> <span class='ocrx_word' id='word_1_522' title='bbox 2323 954 2543 1019; x_wconf 80' lang='lat' dir='ltr'><strong>baptizat</strong></span> <span class='ocrx_word' id='word_1_523' title='bbox 2572 957 2624 1010; x_wconf 89' lang='lat' dir='ltr'><strong>in</strong></span> <span class='ocrx_word' id='word_1_524' title='bbox 2651 958 2849 1027; x_wconf 78' lang='lat' dir='ltr'><strong>Spiritu</strong></span> <span class='ocrx_word' id='word_1_525' title='bbox 2878 975 3053 1020; x_wconf 80' lang='lat' dir='ltr'><strong>sancto</strong></span> <span class='ocrx_word' id='word_1_526' title='bbox 3073 965 3248 1036; x_wconf 77' lang='lat' dir='ltr'><strong>(Joan.</strong></span> <span class='ocrx_word' id='word_1_527' title='bbox 3275 973 3325 1025; x_wconf 80' lang='grc'><strong>1.</strong></span> <span class='ocrx_word' id='word_1_528' title='bbox 3342 971 3467 1041; x_wconf 81' lang='grc'><strong>55).</strong></span> 
     </span>
    </p>
   </div>
   <div class='ocr_carea' id='block_1_72' title="bbox 1877 1033 3468 1134">
    <p class='ocr_par' dir='ltr' id='par_1_72' title="bbox 1877 1033 3468 1134">
     <span class='ocr_line' id='line_1_73' title="bbox 1877 1033 3468 1134; baseline 0.02 -48"><span class='ocrx_word' id='word_1_529' title='bbox 1877 1033 2211 1108; x_wconf 84' lang='lat' dir='ltr'><strong>Quapmpter</strong></span> <span class='ocrx_word' id='word_1_530' title='bbox 2231 1050 2284 1097; x_wconf 91' lang='lat' dir='ltr'><strong>et</strong></span> <span class='ocrx_word' id='word_1_531' title='bbox 2309 1042 2423 1112; x_wconf 87' lang='lat' dir='ltr'><strong>ipse</strong></span> <span class='ocrx_word' id='word_1_532' title='bbox 2446 1045 2575 1101; x_wconf 89' lang='lat' dir='ltr'><strong>dicit</strong></span> <span class='ocrx_word' id='word_1_533' title='bbox 2602 1066 2615 1101; x_wconf 88' lang='lat'><strong>:</strong></span> <span class='ocrx_word' id='word_1_534' title='bbox 2642 1048 2752 1120; x_wconf 84' lang='lat' dir='ltr'><strong>Ego</strong></span> <span class='ocrx_word' id='word_1_535' title='bbox 2775 1053 2878 1107; x_wconf 80' lang='lat' dir='ltr'><strong>vidi</strong></span> <span class='ocrx_word' id='word_1_536' title='bbox 2905 1064 2952 1109; x_wconf 89' lang='lat' dir='ltr'><strong>et</strong></span> <span class='ocrx_word' id='word_1_537' title='bbox 2981 1033 3321 1116; x_wconf 76' lang='lat' dir='ltr'><strong>testimonium</strong></span> <span class='ocrx_word' id='word_1_538' title='bbox 3346 1033 3468 1134; x_wconf 70' lang='lat' dir='ltr'><strong>per-</strong></span> 
     </span>
    </p>
   </div>
   <div class='ocr_carea' id='block_1_73' title="bbox 1877 1124 3469 1219">
    <p class='ocr_par' dir='ltr' id='par_1_73' title="bbox 1877 1124 3469 1219">
     <span class='ocr_line' id='line_1_74' title="bbox 1877 1124 3469 1219; baseline 0.021 -42"><span class='ocrx_word' id='word_1_539' title='bbox 1877 1124 2018 1219; x_wconf 57' lang='lat' dir='ltr'><strong>tum;</strong></span> <span class='ocrx_word' id='word_1_540' title='bbox 2041 1129 2160 1197; x_wconf 87' lang='lat' dir='ltr'><strong>quia</strong></span> <span class='ocrx_word' id='word_1_541' title='bbox 2180 1131 2262 1185; x_wconf 83' lang='lat' dir='ltr'><strong>hic</strong></span> <span class='ocrx_word' id='word_1_542' title='bbox 2281 1145 2352 1187; x_wconf 75' lang='lat' dir='ltr'><strong>est</strong></span> <span class='ocrx_word' id='word_1_543' title='bbox 2372 1133 2541 1191; x_wconf 80' lang='lat' dir='ltr'><strong>Filius</strong></span> <span class='ocrx_word' id='word_1_544' title='bbox 2562 1136 2660 1194; x_wconf 86' lang='lat' dir='ltr'><strong>Dei</strong></span> <span class='ocrx_word' id='word_1_545' title='bbox 2680 1139 2844 1207; x_wconf 76' lang='lat' dir='ltr'><strong>(Ibid.</strong></span> <span class='ocrx_word' id='word_1_546' title='bbox 2871 1160 2919 1197; x_wconf 80' lang='grc' dir='ltr'><strong>υ.</strong></span> <span class='ocrx_word' id='word_1_547' title='bbox 2950 1146 3019 1201; x_wconf 77' lang='lat' dir='ltr'><strong>st</strong></span> <span class='ocrx_word' id='word_1_548' title='bbox 3035 1147 3075 1216; x_wconf 82' lang='lat'><strong>),</strong></span> <span class='ocrx_word' id='word_1_549' title='bbox 3103 1151 3256 1219; x_wconf 86' lang='lat' dir='ltr'><strong>quasi</strong></span> <span class='ocrx_word' id='word_1_550' title='bbox 3276 1124 3469 1211; x_wconf 41' lang='lat' dir='ltr'><strong>ex&#39;hoc</strong></span> 
     </span>
    </p>
   </div>
   <div class='ocr_carea' id='block_1_74' title="bbox 1877 1217 3465 1313">
    <p class='ocr_par' dir='ltr' id='par_1_74' title="bbox 1877 1217 3465 1313">
     <span class='ocr_line' id='line_1_75' title="bbox 1877 1217 3465 1313; baseline 0.019 -43"><span class='ocrx_word' id='word_1_551' title='bbox 1877 1227 1933 1313; x_wconf 78' lang='lat' dir='ltr'><strong>et</strong></span> <span class='ocrx_word' id='word_1_552' title='bbox 1960 1217 2089 1313; x_wconf 82' lang='lat' dir='ltr'><strong>illud</strong></span> <span class='ocrx_word' id='word_1_553' title='bbox 2118 1236 2330 1294; x_wconf 90' lang='lat' dir='ltr'><strong>quoque</strong></span> <span class='ocrx_word' id='word_1_554' title='bbox 2364 1225 2474 1294; x_wconf 88' lang='lat' dir='ltr'><strong>jam</strong></span> <span class='ocrx_word' id='word_1_555' title='bbox 2504 1227 2707 1285; x_wconf 84' lang='lat' dir='ltr'><strong>ciarum</strong></span> <span class='ocrx_word' id='word_1_556' title='bbox 2747 1233 3018 1292; x_wconf 86' lang='lat' dir='ltr'><strong>evaderet.</strong></span> <span class='ocrx_word' id='word_1_557' title='bbox 3064 1217 3294 1305; x_wconf 78' lang='lat' dir='ltr'><strong>Deinde,</strong></span> <span class='ocrx_word' id='word_1_558' title='bbox 3340 1246 3465 1313; x_wconf 87' lang='lat' dir='ltr'><strong>quia</strong></span> 
     </span>
    </p>
   </div>
   <div class='ocr_carea' id='block_1_75' title="bbox 1874 1307 3466 1399">
    <p class='ocr_par' dir='ltr' id='par_1_75' title="bbox 1874 1307 3466 1399">
     <span class='ocr_line' id='line_1_76' title="bbox 1874 1307 3466 1399; baseline 0.018 -37"><span class='ocrx_word' id='word_1_559' title='bbox 1874 1307 2011 1363; x_wconf 90' lang='lat' dir='ltr'><strong>bona</strong></span> <span class='ocrx_word' id='word_1_560' title='bbox 2032 1311 2193 1380; x_wconf 82' lang='lat' dir='ltr'><strong>dixit,</strong></span> <span class='ocrx_word' id='word_1_561' title='bbox 2215 1314 2620 1387; x_wconf 87' lang='lat' dir='ltr'><strong>auditoremque</strong></span> <span class='ocrx_word' id='word_1_562' title='bbox 2639 1322 2843 1378; x_wconf 91' lang='lat' dir='ltr'><strong>remisit</strong></span> <span class='ocrx_word' id='word_1_563' title='bbox 2861 1333 3022 1396; x_wconf 89' lang='lat' dir='ltr'><strong>atque</strong></span> <span class='ocrx_word' id='word_1_564' title='bbox 3041 1327 3256 1399; x_wconf 77' lang='lat' dir='ltr'><strong>laxavit,</strong></span> <span class='ocrx_word' id='word_1_565' title='bbox 3278 1307 3466 1390; x_wconf 78' lang='lat' dir='ltr'><strong>rursus</strong></span> 
     </span>
    </p>
   </div>
   <div class='ocr_carea' id='block_1_76' title="bbox 1874 1399 3466 1495">
    <p class='ocr_par' dir='ltr' id='par_1_76' title="bbox 1874 1399 3466 1495">
     <span class='ocr_line' id='line_1_77' title="bbox 1874 1399 3466 1495; baseline 0.018 -41"><span class='ocrx_word' id='word_1_566' title='bbox 1874 1399 2355 1477; x_wconf 86' lang='lat' dir='ltr'><strong>illumrestringit,</strong></span> <span class='ocrx_word' id='word_1_567' title='bbox 2401 1424 2469 1464; x_wconf 90' lang='lat' dir='ltr'><strong>ne</strong></span> <span class='ocrx_word' id='word_1_568' title='bbox 2496 1410 2548 1465; x_wconf 91' lang='lat' dir='ltr'><strong>in</strong></span> <span class='ocrx_word' id='word_1_569' title='bbox 2583 1411 2841 1468; x_wconf 88' lang='lat' dir='ltr'><strong>desidiam</strong></span> <span class='ocrx_word' id='word_1_570' title='bbox 2882 1417 3055 1473; x_wconf 89' lang='lat' dir='ltr'><strong>cadat.</strong></span> <span class='ocrx_word' id='word_1_571' title='bbox 3100 1419 3231 1477; x_wconf 88' lang='lat' dir='ltr'><strong>Tale</strong></span> <span class='ocrx_word' id='word_1_572' title='bbox 3267 1424 3466 1495; x_wconf 89' lang='lat' dir='ltr'><strong>quippe</strong></span> 
     </span>
    </p>
   </div>
   <div class='ocr_carea' id='block_1_77' title="bbox 1872 1494 3465 1575">
    <p class='ocr_par' dir='ltr' id='par_1_77' title="bbox 1872 1494 3465 1575">
     <span class='ocr_line' id='line_1_78' title="bbox 1872 1494 3465 1575; baseline 0.015 -27"><span class='ocrx_word' id='word_1_573' title='bbox 1872 1504 1981 1548; x_wconf 86' lang='lat' dir='ltr'><strong>erat</strong></span> <span class='ocrx_word' id='word_1_574' title='bbox 2011 1494 2319 1553; x_wconf 71' lang='lat' dir='ltr'><strong>Iudaeorum</strong></span> <span class='ocrx_word' id='word_1_575' title='bbox 2346 1514 2514 1571; x_wconf 86' lang='lat' dir='ltr'><strong>genus</strong></span> <span class='ocrx_word' id='word_1_576' title='bbox 2544 1519 2557 1557; x_wconf 92' lang='lat'><strong>:</strong></span> <span class='ocrx_word' id='word_1_577' title='bbox 2587 1518 2652 1557; x_wconf 85' lang='lat' dir='ltr'><strong>ex</strong></span> <span class='ocrx_word' id='word_1_578' title='bbox 2679 1508 2949 1575; x_wconf 87' lang='lat' dir='ltr'><strong>prosperis</strong></span> <span class='ocrx_word' id='word_1_579' title='bbox 2976 1510 3084 1564; x_wconf 89' lang='lat' dir='ltr'><strong>cito</strong></span> <span class='ocrx_word' id='word_1_580' title='bbox 3122 1494 3465 1572; x_wconf 82' lang='lat' dir='ltr'><strong>emollieban-</strong></span> 
     </span>
    </p>
   </div>
   <div class='ocr_carea' id='block_1_78' title="bbox 1874 1585 3462 1667">
    <p class='ocr_par' dir='ltr' id='par_1_78' title="bbox 1874 1585 3462 1667">
     <span class='ocr_line' id='line_1_79' title="bbox 1874 1585 3462 1667; baseline 0.016 -31"><span class='ocrx_word' id='word_1_581' title='bbox 1874 1591 1980 1651; x_wconf 82' lang='lat' dir='ltr'><strong>tur,</strong></span> <span class='ocrx_word' id='word_1_582' title='bbox 2007 1585 2412 1660; x_wconf 75' lang='lat' dir='ltr'><strong>deterioresque</strong></span> <span class='ocrx_word' id='word_1_583' title='bbox 2440 1590 2659 1650; x_wconf 82' lang='lat' dir='ltr'><strong>fiebant.</strong></span> <span class='ocrx_word' id='word_1_584' title='bbox 2706 1594 2935 1667; x_wconf 88' lang='lat' dir='ltr'><strong>Ideoque</strong></span> <span class='ocrx_word' id='word_1_585' title='bbox 2971 1616 3160 1656; x_wconf 89' lang='lat' dir='ltr'><strong>rursus</strong></span> <span class='ocrx_word' id='word_1_586' title='bbox 3203 1606 3462 1662; x_wconf 81' lang='lat' dir='ltr'><strong>terribilia</strong></span> 
     </span>
    </p>
   </div>
   <div class='ocr_carea' id='block_1_79' title="bbox 1873 1675 3463 1754">
    <p class='ocr_par' dir='ltr' id='par_1_79' title="bbox 1873 1675 3463 1754">
     <span class='ocr_line' id='line_1_80' title="bbox 1873 1675 3463 1754; baseline 0.016 -25"><span class='ocrx_word' id='word_1_587' title='bbox 1873 1675 2078 1733; x_wconf 89' lang='lat' dir='ltr'><strong>inducit</strong></span> <span class='ocrx_word' id='word_1_588' title='bbox 2119 1679 2200 1734; x_wconf 86' lang='lat' dir='ltr'><strong>his</strong></span> <span class='ocrx_word' id='word_1_589' title='bbox 2239 1682 2415 1737; x_wconf 88' lang='lat' dir='ltr'><strong>verbis</strong></span> <span class='ocrx_word' id='word_1_590' title='bbox 2450 1701 2465 1739; x_wconf 87' lang='lat'><strong>:</strong></span> <span class='ocrx_word' id='word_1_591' title='bbox 2498 1684 2589 1739; x_wconf 76' lang='grc'><strong>12.</strong></span> <span class='ocrx_word' id='word_1_592' title='bbox 2630 1685 2790 1753; x_wconf 70' lang='lat' dir='ltr'><strong>Cuius</strong></span> <span class='ocrx_word' id='word_1_593' title='bbox 2831 1691 3162 1748; x_wconf 73' lang='lat' dir='ltr'><strong>ventilabrum</strong></span> <span class='ocrx_word' id='word_1_594' title='bbox 3204 1697 3256 1750; x_wconf 83' lang='lat' dir='ltr'><strong>in</strong></span> <span class='ocrx_word' id='word_1_595' title='bbox 3307 1715 3463 1754; x_wconf 83' lang='lat' dir='ltr'><strong>manu</strong></span> 
     </span>
    </p>
   </div>
   <div class='ocr_carea' id='block_1_80' title="bbox 1869 1768 3459 1852">
    <p class='ocr_par' dir='ltr' id='par_1_80' title="bbox 1869 1768 3459 1852">
     <span class='ocr_line' id='line_1_81' title="bbox 1869 1768 3459 1852; baseline 0.016 -32"><span class='ocrx_word' id='word_1_596' title='bbox 1869 1782 1983 1821; x_wconf 78' lang='lat' dir='ltr'><strong>sua.</strong></span> <span class='ocrx_word' id='word_1_597' title='bbox 2013 1768 2268 1839; x_wconf 91' lang='lat' dir='ltr'><strong>Superius</strong></span> <span class='ocrx_word' id='word_1_598' title='bbox 2292 1772 2402 1842; x_wconf 89' lang='lat' dir='ltr'><strong>jam</strong></span> <span class='ocrx_word' id='word_1_599' title='bbox 2428 1776 2745 1845; x_wconf 86' lang='lat' dir='ltr'><strong>supplicium</strong></span> <span class='ocrx_word' id='word_1_600' title='bbox 2770 1793 3185 1852; x_wconf 87' lang='lat' dir='ltr'><strong>memoraverat;</strong></span> <span class='ocrx_word' id='word_1_601' title='bbox 3224 1786 3309 1843; x_wconf 92' lang='lat' dir='ltr'><strong>hic</strong></span> <span class='ocrx_word' id='word_1_602' title='bbox 3331 1805 3459 1845; x_wconf 90' lang='lat' dir='ltr'><strong>vero</strong></span> 
     </span>
    </p>
   </div>
   <div class='ocr_carea' id='block_1_81' title="bbox 1869 1859 3458 1944">
    <p class='ocr_par' dir='ltr' id='par_1_81' title="bbox 1869 1859 3458 1944">
     <span class='ocr_line' id='line_1_82' title="bbox 1869 1859 3458 1944; baseline 0.014 -29"><span class='ocrx_word' id='word_1_603' title='bbox 1869 1859 2109 1917; x_wconf 87' lang='lat' dir='ltr'><strong>Judicem</strong></span> <span class='ocrx_word' id='word_1_604' title='bbox 2135 1863 2358 1932; x_wconf 88' lang='lat' dir='ltr'><strong>inducit,</strong></span> <span class='ocrx_word' id='word_1_605' title='bbox 2383 1866 2791 1941; x_wconf 88' lang='lat' dir='ltr'><strong>immortaleque</strong></span> <span class='ocrx_word' id='word_1_606' title='bbox 2811 1874 3128 1944; x_wconf 88' lang='lat' dir='ltr'><strong>supplicium</strong></span> <span class='ocrx_word' id='word_1_607' title='bbox 3160 1895 3174 1933; x_wconf 87' lang='lat'>:</span> <span class='ocrx_word' id='word_1_608' title='bbox 3200 1895 3321 1935; x_wconf 88' lang='lat' dir='ltr'><strong>nam</strong></span> <span class='ocrx_word' id='word_1_609' title='bbox 3348 1884 3458 1938; x_wconf 88' lang='lat' dir='ltr'><strong>ait:</strong></span> 
     </span>
    </p>
   </div>
   <div class='ocr_carea' id='block_1_82' title="bbox 1870 1950 3461 2039">
    <p class='ocr_par' dir='ltr' id='par_1_82' title="bbox 1870 1950 3461 2039">
     <span class='ocr_line' id='line_1_83' title="bbox 1870 1950 3461 2039; baseline 0.014 -33"><span class='ocrx_word' id='word_1_610' title='bbox 1870 1950 2136 2011; x_wconf 78' lang='lat' dir='ltr'><strong>Combth</strong></span> <span class='ocrx_word' id='word_1_611' title='bbox 2165 1955 2338 2026; x_wconf 70' lang='lat' dir='ltr'><strong>paleas</strong></span> <span class='ocrx_word' id='word_1_612' title='bbox 2366 1958 2480 2027; x_wconf 81' lang='lat' dir='ltr'><strong>igne</strong></span> <span class='ocrx_word' id='word_1_613' title='bbox 2515 1960 2930 2033; x_wconf 52' lang='lat' dir='ltr'><strong>inexstinguibilﬁ</strong></span> <span class='ocrx_word' id='word_1_614' title='bbox 2964 1965 3119 2023; x_wconf 87' lang='lat' dir='ltr'><strong>Vides</strong></span> <span class='ocrx_word' id='word_1_615' title='bbox 3159 1969 3330 2039; x_wconf 89' lang='lat' dir='ltr'><strong>ipsum</strong></span> <span class='ocrx_word' id='word_1_616' title='bbox 3377 1990 3461 2027; x_wconf 83' lang='lat' dir='ltr'><strong>re—</strong></span> 
     </span>
    </p>
   </div>
   <div class='ocr_carea' id='block_1_83' title="bbox 1869 2047 3457 2134">
    <p class='ocr_par' dir='ltr' id='par_1_83' title="bbox 1869 2047 3457 2134">
     <span class='ocr_line' id='line_1_84' title="bbox 1869 2047 3457 2134; baseline 0.014 -36"><span class='ocrx_word' id='word_1_617' title='bbox 1869 2059 1986 2099; x_wconf 90' lang='lat' dir='ltr'><strong>rum</strong></span> <span class='ocrx_word' id='word_1_618' title='bbox 2015 2047 2254 2103; x_wconf 85' lang='lat' dir='ltr'><strong>omnium</strong></span> <span class='ocrx_word' id='word_1_619' title='bbox 2287 2048 2568 2106; x_wconf 90' lang='lat' dir='ltr'><strong>Dominum</strong></span> <span class='ocrx_word' id='word_1_620' title='bbox 2602 2054 2887 2123; x_wconf 86' lang='lat' dir='ltr'><strong>agricolam</strong></span> <span class='ocrx_word' id='word_1_621' title='bbox 2914 2072 3039 2115; x_wconf 90' lang='lat' dir='ltr'><strong>esse</strong></span> <span class='ocrx_word' id='word_1_622' title='bbox 3081 2079 3093 2114; x_wconf 89' lang='lat'>:</span> <span class='ocrx_word' id='word_1_623' title='bbox 3135 2076 3457 2134; x_wconf 88' lang='lat' dir='ltr'><strong>quamquam</strong></span> 
     </span>
    </p>
   </div>
   <div class='ocr_carea' id='block_1_84' title="bbox 1868 2137 3460 2221">
    <p class='ocr_par' dir='ltr' id='par_1_84' title="bbox 1868 2137 3460 2221">
     <span class='ocr_line' id='line_1_85' title="bbox 1868 2137 3460 2221; baseline 0.012 -28"><span class='ocrx_word' id='word_1_624' title='bbox 1868 2137 2082 2196; x_wconf 80' lang='lat' dir='ltr'><strong>Patrem</strong></span> <span class='ocrx_word' id='word_1_625' title='bbox 2111 2141 2213 2197; x_wconf 90' lang='lat' dir='ltr'><strong>hoc</strong></span> <span class='ocrx_word' id='word_1_626' title='bbox 2235 2143 2407 2213; x_wconf 89' lang='lat' dir='ltr'><strong>ipsum</strong></span> <span class='ocrx_word' id='word_1_627' title='bbox 2435 2160 2557 2201; x_wconf 89' lang='lat' dir='ltr'><strong>esse</strong></span> <span class='ocrx_word' id='word_1_628' title='bbox 2582 2147 2707 2202; x_wconf 91' lang='lat' dir='ltr'><strong>alibi</strong></span> <span class='ocrx_word' id='word_1_629' title='bbox 2737 2149 2931 2205; x_wconf 83' lang='lat' dir='ltr'><strong>dixerit</strong></span> <span class='ocrx_word' id='word_1_630' title='bbox 2960 2170 2973 2206; x_wconf 87' lang='lat'><strong>:</strong></span> <span class='ocrx_word' id='word_1_631' title='bbox 3008 2152 3164 2208; x_wconf 84' lang='lat' dir='ltr'><strong>Pater</strong></span> <span class='ocrx_word' id='word_1_632' title='bbox 3192 2171 3352 2221; x_wconf 80' lang='lat' dir='ltr'><strong>meus,</strong></span> <span class='ocrx_word' id='word_1_633' title='bbox 3387 2158 3460 2212; x_wconf 88' lang='lat' dir='ltr'><strong>in-</strong></span> 
     </span>
    </p>
   </div>
   <div class='ocr_carea' id='block_1_85' title="bbox 1868 2232 3459 2314">
    <p class='ocr_par' dir='ltr' id='par_1_85' title="bbox 1868 2232 3459 2314">
     <span class='ocr_line' id='line_1_86' title="bbox 1868 2232 3459 2314; baseline 0.013 -30"><span class='ocrx_word' id='word_1_634' title='bbox 1868 2232 2017 2301; x_wconf 92' lang='lat' dir='ltr'><strong>quit,</strong></span> <span class='ocrx_word' id='word_1_635' title='bbox 2047 2233 2271 2305; x_wconf 83' lang='lat' dir='ltr'><strong>agricola</strong></span> <span class='ocrx_word' id='word_1_636' title='bbox 2296 2246 2373 2290; x_wconf 81' lang='lat' dir='ltr'><strong>est</strong></span> <span class='ocrx_word' id='word_1_637' title='bbox 2394 2234 2415 2307; x_wconf 87' lang='lat'>(</span> <span class='ocrx_word' id='word_1_638' title='bbox 2436 2235 2574 2292; x_wconf 82' lang='lat' dir='ltr'><strong>Ibid.</strong></span> <span class='ocrx_word' id='word_1_639' title='bbox 2606 2238 2737 2294; x_wconf 72' lang='lat'><strong>15.1</strong></span> <span class='ocrx_word' id='word_1_640' title='bbox 2767 2240 2806 2311; x_wconf 94' lang='lat'><strong>).</strong></span> <span class='ocrx_word' id='word_1_641' title='bbox 2835 2241 2967 2309; x_wconf 85' lang='lat' dir='ltr'><strong>Quia</strong></span> <span class='ocrx_word' id='word_1_642' title='bbox 2998 2244 3140 2299; x_wconf 89' lang='lat' dir='ltr'><strong>enim</strong></span> <span class='ocrx_word' id='word_1_643' title='bbox 3168 2246 3329 2314; x_wconf 80' lang='lat' dir='ltr'><strong>dixit,</strong></span> <span class='ocrx_word' id='word_1_644' title='bbox 3362 2249 3459 2305; x_wconf 90' lang='lat' dir='ltr'><strong>Se-</strong></span> 
     </span>
    </p>
   </div>
   <div class='ocr_carea' id='block_1_86' title="bbox 1867 2324 3458 2405">
    <p class='ocr_par' dir='ltr' id='par_1_86' title="bbox 1867 2324 3458 2405">
     <span class='ocr_line' id='line_1_87' title="bbox 1867 2324 3458 2405; baseline 0.013 -27"><span class='ocrx_word' id='word_1_645' title='bbox 1867 2324 2002 2379; x_wconf 77' lang='lat' dir='ltr'><strong>curis</strong></span> <span class='ocrx_word' id='word_1_646' title='bbox 2020 2364 2035 2391; x_wconf 94' lang='lat'><strong>,</strong></span> <span class='ocrx_word' id='word_1_647' title='bbox 2067 2340 2137 2381; x_wconf 91' lang='lat' dir='ltr'><strong>ne</strong></span> <span class='ocrx_word' id='word_1_648' title='bbox 2163 2335 2377 2396; x_wconf 89' lang='lat' dir='ltr'><strong>putares</strong></span> <span class='ocrx_word' id='word_1_649' title='bbox 2405 2343 2518 2383; x_wconf 91' lang='lat' dir='ltr'><strong>rem</strong></span> <span class='ocrx_word' id='word_1_650' title='bbox 2550 2329 2733 2387; x_wconf 89' lang='lat' dir='ltr'><strong>labore</strong></span> <span class='ocrx_word' id='word_1_651' title='bbox 2761 2347 2895 2402; x_wconf 89' lang='lat' dir='ltr'><strong>opus</strong></span> <span class='ocrx_word' id='word_1_652' title='bbox 2921 2335 3138 2405; x_wconf 88' lang='lat' dir='ltr'><strong>habere,</strong></span> <span class='ocrx_word' id='word_1_653' title='bbox 3181 2355 3278 2396; x_wconf 92' lang='lat' dir='ltr'><strong>nec</strong></span> <span class='ocrx_word' id='word_1_654' title='bbox 3305 2342 3458 2400; x_wconf 78' lang='lat' dir='ltr'><strong>facile</strong></span> 
     </span>
    </p>
   </div>
   <div class='ocr_carea' id='block_1_87' title="bbox 1867 2413 3455 2497">
    <p class='ocr_par' dir='ltr' id='par_1_87' title="bbox 1867 2413 3455 2497">
     <span class='ocr_line' id='line_1_88' title="bbox 1867 2413 3455 2497; baseline 0.013 -28"><span class='ocrx_word' id='word_1_655' title='bbox 1867 2413 2098 2471; x_wconf 89' lang='lat' dir='ltr'><strong>discerni</strong></span> <span class='ocrx_word' id='word_1_656' title='bbox 2125 2430 2282 2486; x_wconf 89' lang='lat' dir='ltr'><strong>posse</strong></span> <span class='ocrx_word' id='word_1_657' title='bbox 2301 2457 2318 2483; x_wconf 94' lang='lat'><strong>,</strong></span> <span class='ocrx_word' id='word_1_658' title='bbox 2347 2418 2452 2474; x_wconf 89' lang='lat' dir='ltr'><strong>alio</strong></span> <span class='ocrx_word' id='word_1_659' title='bbox 2477 2422 2723 2491; x_wconf 87' lang='lat' dir='ltr'><strong>exemplo</strong></span> <span class='ocrx_word' id='word_1_660' title='bbox 2752 2423 3057 2482; x_wconf 79' lang='lat' dir='ltr'><strong>facilitatem</strong></span> <span class='ocrx_word' id='word_1_661' title='bbox 3092 2429 3320 2497; x_wconf 87' lang='lat' dir='ltr'><strong>inducit,</strong></span> <span class='ocrx_word' id='word_1_662' title='bbox 3362 2449 3455 2489; x_wconf 85' lang='lat' dir='ltr'><strong>os-</strong></span> 
     </span>
    </p>
   </div>
   <div class='ocr_carea' id='block_1_88' title="bbox 1870 2505 3459 2592">
    <p class='ocr_par' dir='ltr' id='par_1_88' title="bbox 1870 2505 3459 2592">
     <span class='ocr_line' id='line_1_89' title="bbox 1870 2505 3459 2592; baseline 0.014 -33"><span class='ocrx_word' id='word_1_663' title='bbox 1870 2505 2094 2562; x_wconf 90' lang='lat' dir='ltr'><strong>tendens</strong></span> <span class='ocrx_word' id='word_1_664' title='bbox 2117 2507 2372 2563; x_wconf 91' lang='lat' dir='ltr'><strong>mundum</strong></span> <span class='ocrx_word' id='word_1_665' title='bbox 2394 2517 2564 2566; x_wconf 91' lang='lat' dir='ltr'><strong>totum</strong></span> <span class='ocrx_word' id='word_1_666' title='bbox 2590 2512 2732 2568; x_wconf 90' lang='lat' dir='ltr'><strong>illius</strong></span> <span class='ocrx_word' id='word_1_667' title='bbox 2752 2529 2872 2571; x_wconf 92' lang='lat' dir='ltr'><strong>esse</strong></span> <span class='ocrx_word' id='word_1_668' title='bbox 2896 2531 2911 2570; x_wconf 86' lang='lat'><strong>:</strong></span> <span class='ocrx_word' id='word_1_669' title='bbox 2942 2533 3047 2573; x_wconf 90' lang='lat' dir='ltr'><strong>non</strong></span> <span class='ocrx_word' id='word_1_670' title='bbox 3074 2522 3215 2576; x_wconf 91' lang='lat' dir='ltr'><strong>enim</strong></span> <span class='ocrx_word' id='word_1_671' title='bbox 3246 2526 3459 2592; x_wconf 89' lang='lat' dir='ltr'><strong>puniret</strong></span> 
     </span>
    </p>
   </div>
   <div class='ocr_carea' id='block_1_89' title="bbox 1867 2597 3455 2676">
    <p class='ocr_par' dir='ltr' id='par_1_89' title="bbox 1867 2597 3455 2676">
     <span class='ocr_line' id='line_1_90' title="bbox 1867 2597 3455 2676; baseline 0.014 -24"><span class='ocrx_word' id='word_1_672' title='bbox 1867 2597 2093 2654; x_wconf 89' lang='lat' dir='ltr'><strong>alienos.</strong></span> <span class='ocrx_word' id='word_1_673' title='bbox 2112 2598 2260 2654; x_wconf 87' lang='lat' dir='ltr'><strong>Nunc</strong></span> <span class='ocrx_word' id='word_1_674' title='bbox 2278 2616 2405 2657; x_wconf 90' lang='lat' dir='ltr'><strong>vero</strong></span> <span class='ocrx_word' id='word_1_675' title='bbox 2425 2603 2600 2658; x_wconf 85' lang='lat' dir='ltr'><strong>omnia</strong></span> <span class='ocrx_word' id='word_1_676' title='bbox 2622 2606 2884 2676; x_wconf 89' lang='lat' dir='ltr'><strong>permixta</strong></span> <span class='ocrx_word' id='word_1_677' title='bbox 2904 2620 3044 2665; x_wconf 90' lang='lat' dir='ltr'><strong>sunt.</strong></span> <span class='ocrx_word' id='word_1_678' title='bbox 3070 2611 3293 2670; x_wconf 89' lang='lat' dir='ltr'><strong>Etiamsi</strong></span> <span class='ocrx_word' id='word_1_679' title='bbox 3311 2618 3455 2674; x_wconf 90' lang='lat' dir='ltr'><strong>enim</strong></span> 
     </span>
    </p>
   </div>
   <div class='ocr_carea' id='block_1_90' title="bbox 1866 2688 3457 2770">
    <p class='ocr_par' dir='ltr' id='par_1_90' title="bbox 1866 2688 3457 2770">
     <span class='ocr_line' id='line_1_91' title="bbox 1866 2688 3457 2770; baseline 0.013 -27"><span class='ocrx_word' id='word_1_680' title='bbox 1866 2688 2187 2745; x_wconf 80' lang='lat' dir='ltr'><strong>frumentum</strong></span> <span class='ocrx_word' id='word_1_681' title='bbox 2211 2690 2405 2758; x_wconf 89' lang='lat' dir='ltr'><strong>luceat,</strong></span> <span class='ocrx_word' id='word_1_682' title='bbox 2428 2702 2662 2750; x_wconf 88' lang='lat' dir='ltr'><strong>attamen</strong></span> <span class='ocrx_word' id='word_1_683' title='bbox 2682 2711 2803 2751; x_wconf 92' lang='lat' dir='ltr'><strong>cum</strong></span> <span class='ocrx_word' id='word_1_684' title='bbox 2826 2698 2977 2768; x_wconf 88' lang='lat' dir='ltr'><strong>palea</strong></span> <span class='ocrx_word' id='word_1_685' title='bbox 3002 2702 3229 2770; x_wconf 88' lang='lat' dir='ltr'><strong>positum</strong></span> <span class='ocrx_word' id='word_1_686' title='bbox 3253 2715 3354 2769; x_wconf 87' lang='lat' dir='ltr'><strong>est.</strong></span> <span class='ocrx_word' id='word_1_687' title='bbox 3374 2717 3457 2764; x_wconf 73' lang='lat' dir='ltr'><strong>ut-</strong></span> 
     </span>
    </p>
   </div>
   <div class='ocr_carea' id='block_1_91' title="bbox 1869 2780 3458 2853">
    <p class='ocr_par' dir='ltr' id='par_1_91' title="bbox 1869 2780 3458 2853">
     <span class='ocr_line' id='line_1_92' title="bbox 1869 2780 3458 2853; baseline 0.013 -21"><span class='ocrx_word' id='word_1_688' title='bbox 1869 2786 1994 2848; x_wconf 90' lang='lat' dir='ltr'><strong>pote</strong></span> <span class='ocrx_word' id='word_1_689' title='bbox 2018 2780 2071 2834; x_wconf 90' lang='lat' dir='ltr'><strong>in</strong></span> <span class='ocrx_word' id='word_1_690' title='bbox 2099 2795 2221 2836; x_wconf 90' lang='lat' dir='ltr'><strong>area</strong></span> <span class='ocrx_word' id='word_1_691' title='bbox 2243 2823 2259 2848; x_wconf 95' lang='lat'><strong>,</strong></span> <span class='ocrx_word' id='word_1_692' title='bbox 2288 2796 2396 2837; x_wconf 92' lang='lat' dir='ltr'><strong>non</strong></span> <span class='ocrx_word' id='word_1_693' title='bbox 2426 2783 2480 2838; x_wconf 91' lang='lat' dir='ltr'><strong>in</strong></span> <span class='ocrx_word' id='word_1_694' title='bbox 2511 2783 2727 2841; x_wconf 91' lang='lat' dir='ltr'><strong>horreo.</strong></span> <span class='ocrx_word' id='word_1_695' title='bbox 2761 2787 2911 2844; x_wconf 87' lang='lat' dir='ltr'><strong>Tunc</strong></span> <span class='ocrx_word' id='word_1_696' title='bbox 2935 2800 3112 2847; x_wconf 89' lang='lat' dir='ltr'><strong>autem</strong></span> <span class='ocrx_word' id='word_1_697' title='bbox 3143 2797 3320 2850; x_wconf 87' lang='lat' dir='ltr'><strong>omnia</strong></span> <span class='ocrx_word' id='word_1_698' title='bbox 3347 2798 3458 2853; x_wconf 85' lang='lat' dir='ltr'><strong>dis-</strong></span> 
     </span>
    </p>
   </div>
   <div class='ocr_carea' id='block_1_92' title="bbox 1865 2871 3455 2951">
    <p class='ocr_par' dir='ltr' id='par_1_92' title="bbox 1865 2871 3455 2951">
     <span class='ocr_line' id='line_1_93' title="bbox 1865 2871 3455 2951; baseline 0.014 -27"><span class='ocrx_word' id='word_1_699' title='bbox 1865 2878 2176 2926; x_wconf 89' lang='lat' dir='ltr'><strong>cernentur.</strong></span> <span class='ocrx_word' id='word_1_700' title='bbox 2206 2871 2305 2927; x_wconf 91' lang='lat' dir='ltr'><strong>Ubi</strong></span> <span class='ocrx_word' id='word_1_701' title='bbox 2336 2889 2479 2930; x_wconf 92' lang='lat' dir='ltr'><strong>nunc</strong></span> <span class='ocrx_word' id='word_1_702' title='bbox 2503 2887 2629 2930; x_wconf 91' lang='lat' dir='ltr'><strong>sunt</strong></span> <span class='ocrx_word' id='word_1_703' title='bbox 2656 2877 2728 2932; x_wconf 90' lang='lat' dir='ltr'><strong>illi</strong></span> <span class='ocrx_word' id='word_1_704' title='bbox 2757 2881 2845 2950; x_wconf 92' lang='lat' dir='ltr'><strong>qui</strong></span> <span class='ocrx_word' id='word_1_705' title='bbox 2872 2881 3170 2951; x_wconf 88' lang='lat' dir='ltr'><strong>gehennam</strong></span> <span class='ocrx_word' id='word_1_706' title='bbox 3201 2901 3323 2944; x_wconf 89' lang='lat' dir='ltr'><strong>esse</strong></span> <span class='ocrx_word' id='word_1_707' title='bbox 3347 2905 3455 2945; x_wconf 89' lang='lat' dir='ltr'><strong>non</strong></span> 
     </span>
    </p>
   </div>
   <div class='ocr_carea' id='block_1_93' title="bbox 1866 2962 3455 3044">
    <p class='ocr_par' dir='ltr' id='par_1_93' title="bbox 1866 2962 3455 3044">
     <span class='ocr_line' id='line_1_94' title="bbox 1866 2962 3455 3044; baseline 0.014 -28"><span class='ocrx_word' id='word_1_708' title='bbox 1866 2962 2133 3019; x_wconf 81' lang='lat' dir='ltr'><strong>credunt?</strong></span> <span class='ocrx_word' id='word_1_709' title='bbox 2160 2964 2371 3020; x_wconf 89' lang='lat' dir='ltr'><strong>Etenim</strong></span> <span class='ocrx_word' id='word_1_710' title='bbox 2398 2966 2505 3023; x_wconf 92' lang='lat' dir='ltr'><strong>duo</strong></span> <span class='ocrx_word' id='word_1_711' title='bbox 2533 2969 2731 3038; x_wconf 87' lang='lat' dir='ltr'><strong>posuit,</strong></span> <span class='ocrx_word' id='word_1_712' title='bbox 2761 2981 2816 3027; x_wconf 91' lang='lat' dir='ltr'><strong>et</strong></span> <span class='ocrx_word' id='word_1_713' title='bbox 2841 2972 3227 3044; x_wconf 82' lang='lat' dir='ltr'><strong>baptizaturum</strong></span> <span class='ocrx_word' id='word_1_714' title='bbox 3256 2996 3376 3037; x_wconf 85' lang='lat' dir='ltr'><strong>esse</strong></span> <span class='ocrx_word' id='word_1_715' title='bbox 3399 2983 3455 3038; x_wconf 90' lang='lat' dir='ltr'><strong>in</strong></span> 
     </span>
    </p>
   </div>
   <div class='ocr_carea' id='block_1_94' title="bbox 1866 3052 3456 3129">
    <p class='ocr_par' dir='ltr' id='par_1_94' title="bbox 1866 3052 3456 3129">
     <span class='ocr_line' id='line_1_95' title="bbox 1866 3052 3456 3129; baseline 0.015 -23"><span class='ocrx_word' id='word_1_716' title='bbox 1866 3052 2068 3123; x_wconf 91' lang='lat' dir='ltr'><strong>Spiritu</strong></span> <span class='ocrx_word' id='word_1_717' title='bbox 2108 3064 2327 3123; x_wconf 90' lang='lat' dir='ltr'><strong>sancto,</strong></span> <span class='ocrx_word' id='word_1_718' title='bbox 2375 3067 2430 3113; x_wconf 90' lang='lat' dir='ltr'><strong>et</strong></span> <span class='ocrx_word' id='word_1_719' title='bbox 2469 3060 2871 3119; x_wconf 90' lang='lat' dir='ltr'><strong>combusturum</strong></span> <span class='ocrx_word' id='word_1_720' title='bbox 2915 3080 3021 3120; x_wconf 91' lang='lat' dir='ltr'><strong>non</strong></span> <span class='ocrx_word' id='word_1_721' title='bbox 3066 3069 3367 3128; x_wconf 89' lang='lat' dir='ltr'><strong>credentes.</strong></span> <span class='ocrx_word' id='word_1_722' title='bbox 3399 3074 3456 3129; x_wconf 90' lang='lat' dir='ltr'><strong>Si</strong></span> 
     </span>
    </p>
   </div>
   <div class='ocr_carea' id='block_1_95' title="bbox 1865 3146 3448 3231">
    <p class='ocr_par' dir='ltr' id='par_1_95' title="bbox 1865 3146 3448 3231">
     <span class='ocr_line' id='line_1_96' title="bbox 1865 3146 3448 3231; baseline 0.014 -30"><span class='ocrx_word' id='word_1_723' title='bbox 1865 3146 2025 3217; x_wconf 89' lang='lat' dir='ltr'><strong>igitur</strong></span> <span class='ocrx_word' id='word_1_724' title='bbox 2052 3147 2181 3204; x_wconf 92' lang='lat' dir='ltr'><strong>illud</strong></span> <span class='ocrx_word' id='word_1_725' title='bbox 2210 3150 2565 3220; x_wconf 89' lang='lat' dir='ltr'><strong>credendum,</strong></span> <span class='ocrx_word' id='word_1_726' title='bbox 2606 3164 2661 3209; x_wconf 92' lang='lat' dir='ltr'><strong>et</strong></span> <span class='ocrx_word' id='word_1_727' title='bbox 2706 3155 2808 3211; x_wconf 91' lang='lat' dir='ltr'><strong>hoc</strong></span> <span class='ocrx_word' id='word_1_728' title='bbox 2845 3158 3006 3214; x_wconf 89' lang='lat' dir='ltr'><strong>etiam</strong></span> <span class='ocrx_word' id='word_1_729' title='bbox 3049 3176 3287 3231; x_wconf 86' lang='lat' dir='ltr'><strong>prorsus.</strong></span> <span class='ocrx_word' id='word_1_730' title='bbox 3313 3166 3448 3223; x_wconf 81' lang='lat' dir='ltr'><strong>Pro-</strong></span> 
     </span>
    </p>
   </div>
   <div class='ocr_carea' id='block_1_96' title="bbox 1865 3238 3452 3316">
    <p class='ocr_par' dir='ltr' id='par_1_96' title="bbox 1865 3238 3452 3316">
     <span class='ocr_line' id='line_1_97' title="bbox 1865 3238 3452 3316; baseline 0.014 -24"><span class='ocrx_word' id='word_1_731' title='bbox 1865 3247 1982 3307; x_wconf 86' lang='lat' dir='ltr'><strong>pter</strong></span> <span class='ocrx_word' id='word_1_732' title='bbox 2038 3238 2140 3295; x_wconf 92' lang='lat' dir='ltr'><strong>hoc</strong></span> <span class='ocrx_word' id='word_1_733' title='bbox 2195 3240 2340 3297; x_wconf 90' lang='lat' dir='ltr'><strong>enim</strong></span> <span class='ocrx_word' id='word_1_734' title='bbox 2399 3250 2680 3314; x_wconf 89' lang='lat' dir='ltr'><strong>utrumque</strong></span> <span class='ocrx_word' id='word_1_735' title='bbox 2730 3248 3013 3316; x_wconf 60' lang='lat' dir='ltr'><strong>praedixit,</strong></span> <span class='ocrx_word' id='word_1_736' title='bbox 3066 3263 3122 3306; x_wconf 94' lang='lat' dir='ltr'><strong>ut</strong></span> <span class='ocrx_word' id='word_1_737' title='bbox 3174 3255 3243 3311; x_wconf 87' lang='lat' dir='ltr'><strong>ab</strong></span> <span class='ocrx_word' id='word_1_738' title='bbox 3293 3259 3452 3313; x_wconf 90' lang='lat' dir='ltr'><strong>unius</strong></span> 
     </span>
    </p>
   </div>
   <div class='ocr_carea' id='block_1_97' title="bbox 1865 3327 3454 3412">
    <p class='ocr_par' dir='ltr' id='par_1_97' title="bbox 1865 3327 3454 3412">
     <span class='ocr_line' id='line_1_98' title="bbox 1865 3327 3454 3412; baseline 0.015 -31"><span class='ocrx_word' id='word_1_739' title='bbox 1865 3327 2224 3397; x_wconf 64' lang='lat' dir='ltr'><strong>praedictionis</strong></span> <span class='ocrx_word' id='word_1_740' title='bbox 2252 3342 2443 3387; x_wconf 91' lang='lat' dir='ltr'><strong>eventu</strong></span> <span class='ocrx_word' id='word_1_741' title='bbox 2464 3373 2479 3396; x_wconf 95' lang='lat'><strong>,</strong></span> <span class='ocrx_word' id='word_1_742' title='bbox 2512 3334 2666 3390; x_wconf 92' lang='lat' dir='ltr'><strong>alteri</strong></span> <span class='ocrx_word' id='word_1_743' title='bbox 2697 3336 2831 3392; x_wconf 83' lang='lat' dir='ltr'><strong>ﬁdes</strong></span> <span class='ocrx_word' id='word_1_744' title='bbox 2857 3354 2961 3394; x_wconf 91' lang='lat' dir='ltr'><strong>non</strong></span> <span class='ocrx_word' id='word_1_745' title='bbox 2989 3354 3291 3412; x_wconf 82' lang='lat' dir='ltr'><strong>negaretur.</strong></span> <span class='ocrx_word' id='word_1_746' title='bbox 3321 3349 3454 3405; x_wconf 83' lang='lat' dir='ltr'><strong>Nam</strong></span> 
     </span>
    </p>
   </div>
   <div class='ocr_carea' id='block_1_98' title="bbox 1866 3418 3449 3504">
    <p class='ocr_par' dir='ltr' id='par_1_98' title="bbox 1866 3418 3449 3504">
     <span class='ocr_line' id='line_1_99' title="bbox 1866 3418 3449 3504; baseline 0.015 -32"><span class='ocrx_word' id='word_1_747' title='bbox 1866 3428 1920 3473; x_wconf 90' lang='lat' dir='ltr'><strong>et</strong></span> <span class='ocrx_word' id='word_1_748' title='bbox 1946 3418 2190 3475; x_wconf 87' lang='lat' dir='ltr'><strong>Christus</strong></span> <span class='ocrx_word' id='word_1_749' title='bbox 2220 3421 2270 3476; x_wconf 91' lang='lat' dir='ltr'><strong>id</strong></span> <span class='ocrx_word' id='word_1_750' title='bbox 2301 3438 2404 3477; x_wconf 92' lang='lat' dir='ltr'><strong>non</strong></span> <span class='ocrx_word' id='word_1_751' title='bbox 2434 3440 2555 3479; x_wconf 89' lang='lat' dir='ltr'><strong>raro</strong></span> <span class='ocrx_word' id='word_1_752' title='bbox 2579 3424 2705 3481; x_wconf 78' lang='lat' dir='ltr'><strong>facit</strong></span> <span class='ocrx_word' id='word_1_753' title='bbox 2732 3445 2746 3481; x_wconf 90' lang='lat'><strong>:</strong></span> <span class='ocrx_word' id='word_1_754' title='bbox 2776 3443 2920 3499; x_wconf 78' lang='lat' dir='ltr'><strong>szepe</strong></span> <span class='ocrx_word' id='word_1_755' title='bbox 2946 3431 2996 3484; x_wconf 90' lang='lat' dir='ltr'><strong>in</strong></span> <span class='ocrx_word' id='word_1_756' title='bbox 3030 3433 3092 3487; x_wconf 89' lang='lat' dir='ltr'><strong>iis</strong></span> <span class='ocrx_word' id='word_1_757' title='bbox 3121 3434 3248 3504; x_wconf 90' lang='lat' dir='ltr'><strong>ipsis</strong></span> <span class='ocrx_word' id='word_1_758' title='bbox 3271 3439 3449 3504; x_wconf 87' lang='lat' dir='ltr'><strong>rebus,</strong></span> 
     </span>
    </p>
   </div>
   <div class='ocr_carea' id='block_1_99' title="bbox 1865 3511 3451 3597">
    <p class='ocr_par' dir='ltr' id='par_1_99' title="bbox 1865 3511 3451 3597">
     <span class='ocr_line' id='line_1_100' title="bbox 1865 3511 3451 3597; baseline 0.013 -33"><span class='ocrx_word' id='word_1_759' title='bbox 1865 3524 2010 3578; x_wconf 55' lang='lat' dir='ltr'><strong>saepe</strong></span> <span class='ocrx_word' id='word_1_760' title='bbox 2037 3511 2196 3565; x_wconf 87' lang='lat' dir='ltr'><strong>etiam</strong></span> <span class='ocrx_word' id='word_1_761' title='bbox 2230 3512 2280 3566; x_wconf 89' lang='lat' dir='ltr'><strong>in</strong></span> <span class='ocrx_word' id='word_1_762' title='bbox 2308 3515 2588 3570; x_wconf 88' lang='lat' dir='ltr'><strong>contrariis</strong></span> <span class='ocrx_word' id='word_1_763' title='bbox 2607 3556 2622 3583; x_wconf 92' lang='lat'><strong>,</strong></span> <span class='ocrx_word' id='word_1_764' title='bbox 2653 3516 2785 3573; x_wconf 90' lang='lat' dir='ltr'><strong>duas</strong></span> <span class='ocrx_word' id='word_1_765' title='bbox 2810 3533 3085 3589; x_wconf 88' lang='lat' dir='ltr'><strong>apponens</strong></span> <span class='ocrx_word' id='word_1_766' title='bbox 3111 3527 3451 3597; x_wconf 91' lang='lat' dir='ltr'><strong>prophetias,</strong></span> 
     </span>
    </p>
   </div>
   <div class='ocr_carea' id='block_1_100' title="bbox 1867 3603 3452 3687">
    <p class='ocr_par' dir='ltr' id='par_1_100' title="bbox 1867 3603 3452 3687">
     <span class='ocr_line' id='line_1_101' title="bbox 1867 3603 3452 3687; baseline 0.015 -34"><span class='ocrx_word' id='word_1_767' title='bbox 1867 3616 2091 3671; x_wconf 86' lang='lat' dir='ltr'><strong>quarum</strong></span> <span class='ocrx_word' id='word_1_768' title='bbox 2117 3618 2273 3656; x_wconf 84' lang='lat' dir='ltr'><strong>unam</strong></span> <span class='ocrx_word' id='word_1_769' title='bbox 2303 3603 2519 3660; x_wconf 79' lang='lat' dir='ltr'><strong>exhibet</strong></span> <span class='ocrx_word' id='word_1_770' title='bbox 2544 3606 2811 3677; x_wconf 88' lang='lat' dir='ltr'><strong>impletam</strong></span> <span class='ocrx_word' id='word_1_771' title='bbox 2832 3651 2846 3674; x_wconf 93' lang='lat'><strong>,</strong></span> <span class='ocrx_word' id='word_1_772' title='bbox 2879 3612 3102 3668; x_wconf 90' lang='lat' dir='ltr'><strong>alteram</strong></span> <span class='ocrx_word' id='word_1_773' title='bbox 3128 3616 3452 3687; x_wconf 89' lang='lat' dir='ltr'><strong>implendam</strong></span> 
     </span>
    </p>
   </div>
   <div class='ocr_carea' id='block_1_101' title="bbox 1866 3691 3456 3782">
    <p class='ocr_par' dir='ltr' id='par_1_101' title="bbox 1866 3691 3456 3782">
     <span class='ocr_line' id='line_1_102' title="bbox 1866 3691 3456 3782; baseline 0.014 -37"><span class='ocrx_word' id='word_1_774' title='bbox 1866 3691 2158 3761; x_wconf 86' lang='lat' dir='ltr'><strong>promittit,</strong></span> <span class='ocrx_word' id='word_1_775' title='bbox 2188 3703 2245 3748; x_wconf 92' lang='lat' dir='ltr'><strong>ut</strong></span> <span class='ocrx_word' id='word_1_776' title='bbox 2273 3694 2339 3748; x_wconf 88' lang='lat' dir='ltr'><strong>ab</strong></span> <span class='ocrx_word' id='word_1_777' title='bbox 2363 3710 2426 3751; x_wconf 91' lang='lat' dir='ltr'><strong>ea</strong></span> <span class='ocrx_word' id='word_1_778' title='bbox 2446 3737 2461 3761; x_wconf 92' lang='lat'><strong>,</strong></span> <span class='ocrx_word' id='word_1_779' title='bbox 2490 3712 2608 3767; x_wconf 73' lang='lat' dir='ltr'><strong>quae</strong></span> <span class='ocrx_word' id='word_1_780' title='bbox 2627 3698 2736 3767; x_wconf 88' lang='lat' dir='ltr'><strong>jam</strong></span> <span class='ocrx_word' id='word_1_781' title='bbox 2777 3702 2987 3770; x_wconf 88' lang='lat' dir='ltr'><strong>evenit,</strong></span> <span class='ocrx_word' id='word_1_782' title='bbox 3030 3704 3253 3763; x_wconf 87' lang='lat' dir='ltr'><strong>alteram</strong></span> <span class='ocrx_word' id='word_1_783' title='bbox 3274 3753 3289 3777; x_wconf 94' lang='lat'><strong>,</strong></span> <span class='ocrx_word' id='word_1_784' title='bbox 3336 3728 3456 3782; x_wconf 84' lang='lat' dir='ltr'><strong>quae</strong></span> 
     </span>
    </p>
   </div>
   <div class='ocr_carea' id='block_1_102' title="bbox 1868 3786 3453 3859">
    <p class='ocr_par' dir='ltr' id='par_1_102' title="bbox 1868 3786 3453 3859">
     <span class='ocr_line' id='line_1_103' title="bbox 1868 3786 3453 3859; baseline 0.013 -20"><span class='ocrx_word' id='word_1_785' title='bbox 1868 3786 2101 3841; x_wconf 90' lang='lat' dir='ltr'><strong>nondum</strong></span> <span class='ocrx_word' id='word_1_786' title='bbox 2140 3789 2336 3854; x_wconf 89' lang='lat' dir='ltr'><strong>evenit,</strong></span> <span class='ocrx_word' id='word_1_787' title='bbox 2370 3788 2452 3843; x_wconf 88' lang='lat' dir='ltr'><strong>vel</strong></span> <span class='ocrx_word' id='word_1_788' title='bbox 2497 3792 2940 3851; x_wconf 89' lang='lat' dir='ltr'><strong>contentiosiores</strong></span> <span class='ocrx_word' id='word_1_789' title='bbox 2966 3798 3206 3854; x_wconf 88' lang='lat' dir='ltr'><strong>credant.</strong></span> <span class='ocrx_word' id='word_1_790' title='bbox 3240 3802 3453 3859; x_wconf 86' lang='lat' dir='ltr'><strong>Etenim</strong></span> 
     </span>
    </p>
   </div>
   <div class='ocr_carea' id='block_1_103' title="bbox 1867 3878 3453 3963">
    <p class='ocr_par' dir='ltr' id='par_1_103' title="bbox 1867 3878 3453 3963">
     <span class='ocr_line' id='line_1_104' title="bbox 1867 3878 3453 3963; baseline 0.011 -31"><span class='ocrx_word' id='word_1_791' title='bbox 1867 3879 1933 3933; x_wconf 88' lang='lat' dir='ltr'><strong>iis</strong></span> <span class='ocrx_word' id='word_1_792' title='bbox 1954 3878 2040 3948; x_wconf 90' lang='lat' dir='ltr'><strong>qui</strong></span> <span class='ocrx_word' id='word_1_793' title='bbox 2071 3888 2287 3949; x_wconf 87' lang='lat' dir='ltr'><strong>propter</strong></span> <span class='ocrx_word' id='word_1_794' title='bbox 2310 3880 2480 3950; x_wconf 92' lang='lat' dir='ltr'><strong>ipsum</strong></span> <span class='ocrx_word' id='word_1_795' title='bbox 2511 3881 2689 3938; x_wconf 90' lang='lat' dir='ltr'><strong>omnia</strong></span> <span class='ocrx_word' id='word_1_796' title='bbox 2711 3885 3037 3955; x_wconf 89' lang='lat' dir='ltr'><strong>reliquerint,</strong></span> <span class='ocrx_word' id='word_1_797' title='bbox 3062 3895 3370 3963; x_wconf 91' lang='lat' dir='ltr'><strong>centuplum</strong></span> <span class='ocrx_word' id='word_1_798' title='bbox 3400 3897 3453 3950; x_wconf 90' lang='lat' dir='ltr'><strong>iu</strong></span> 
     </span>
    </p>
   </div>
   <div class='ocr_carea' id='block_1_104' title="bbox 1868 3970 3457 4049">
    <p class='ocr_par' dir='ltr' id='par_1_104' title="bbox 1868 3970 3457 4049">
     <span class='ocr_line' id='line_1_105' title="bbox 1868 3970 3457 4049; baseline 0.013 -27"><span class='ocrx_word' id='word_1_799' title='bbox 1868 3970 2118 4039; x_wconf 83' lang='lat' dir='ltr'><strong>praesenti</strong></span> <span class='ocrx_word' id='word_1_800' title='bbox 2144 3970 2342 4026; x_wconf 82' lang='lat' dir='ltr'><strong>saeculo</strong></span> <span class='ocrx_word' id='word_1_801' title='bbox 2367 3985 2427 4026; x_wconf 90' lang='lat' dir='ltr'><strong>se</strong></span> <span class='ocrx_word' id='word_1_802' title='bbox 2455 3971 2700 4029; x_wconf 89' lang='lat' dir='ltr'><strong>daturum</strong></span> <span class='ocrx_word' id='word_1_803' title='bbox 2741 3975 3005 4046; x_wconf 86' lang='lat' dir='ltr'><strong>pollicitus</strong></span> <span class='ocrx_word' id='word_1_804' title='bbox 3043 3990 3156 4049; x_wconf 90' lang='lat' dir='ltr'><strong>est,</strong></span> <span class='ocrx_word' id='word_1_805' title='bbox 3201 3995 3256 4039; x_wconf 92' lang='lat' dir='ltr'><strong>et</strong></span> <span class='ocrx_word' id='word_1_806' title='bbox 3293 3986 3457 4042; x_wconf 85' lang='lat' dir='ltr'><strong>vitam</strong></span> 
     </span>
    </p>
   </div>
   <div class='ocr_carea' id='block_1_105' title="bbox 1869 4060 3455 4146">
    <p class='ocr_par' dir='ltr' id='par_1_105' title="bbox 1869 4060 3455 4146">
     <span class='ocr_line' id='line_1_106' title="bbox 1869 4060 3455 4146; baseline 0.013 -32"><span class='ocrx_word' id='word_1_807' title='bbox 1869 4070 2121 4116; x_wconf 80' lang='lat' dir='ltr'><strong>:eternam</strong></span> <span class='ocrx_word' id='word_1_808' title='bbox 2154 4062 2205 4115; x_wconf 93' lang='lat' dir='ltr'><strong>in</strong></span> <span class='ocrx_word' id='word_1_809' title='bbox 2239 4060 2416 4117; x_wconf 81' lang='lat' dir='ltr'><strong>futuro</strong></span> <span class='ocrx_word' id='word_1_810' title='bbox 2446 4063 2652 4132; x_wconf 78' lang='lat' dir='ltr'><strong>(Marc.</strong></span> <span class='ocrx_word' id='word_1_811' title='bbox 2684 4067 2771 4122; x_wconf 86' lang='lat' dir='ltr'><strong>lO.</strong></span> <span class='ocrx_word' id='word_1_812' title='bbox 2802 4068 2911 4139; x_wconf 78' lang='lat'><strong>&#39;50)</strong></span> <span class='ocrx_word' id='word_1_813' title='bbox 2934 4110 2949 4135; x_wconf 93' lang='lat'><strong>,</strong></span> <span class='ocrx_word' id='word_1_814' title='bbox 2976 4085 3043 4125; x_wconf 84' lang='lat' dir='ltr'><strong>ex</strong></span> <span class='ocrx_word' id='word_1_815' title='bbox 3086 4073 3181 4137; x_wconf 89' lang='lat' dir='ltr'><strong>iis,</strong></span> <span class='ocrx_word' id='word_1_816' title='bbox 3222 4090 3340 4146; x_wconf 65' lang='lat' dir='ltr'><strong>qua:</strong></span> <span class='ocrx_word' id='word_1_817' title='bbox 3367 4078 3455 4134; x_wconf 88' lang='lat' dir='ltr'><strong>hic</strong></span> 
     </span>
    </p>
   </div>
   <div class='ocr_carea' id='block_1_106' title="bbox 1868 4151 3456 4230">
    <p class='ocr_par' dir='ltr' id='par_1_106' title="bbox 1868 4151 3456 4230">
     <span class='ocr_line' id='line_1_107' title="bbox 1868 4151 3456 4230; baseline 0.011 -23"><span class='ocrx_word' id='word_1_818' title='bbox 1868 4152 2081 4217; x_wconf 90' lang='lat' dir='ltr'><strong>dantur,</strong></span> <span class='ocrx_word' id='word_1_819' title='bbox 2115 4151 2286 4208; x_wconf 89' lang='lat' dir='ltr'><strong>futura</strong></span> <span class='ocrx_word' id='word_1_820' title='bbox 2314 4153 2416 4209; x_wconf 82' lang='lat' dir='ltr'><strong>ﬁde</strong></span> <span class='ocrx_word' id='word_1_821' title='bbox 2436 4154 2592 4225; x_wconf 86' lang='lat' dir='ltr'><strong>digna</strong></span> <span class='ocrx_word' id='word_1_822' title='bbox 2625 4156 2874 4213; x_wconf 89' lang='lat' dir='ltr'><strong>reddens.</strong></span> <span class='ocrx_word' id='word_1_823' title='bbox 2899 4160 2953 4214; x_wconf 93' lang='lat' dir='ltr'><strong>ld</strong></span> <span class='ocrx_word' id='word_1_824' title='bbox 2979 4164 3117 4230; x_wconf 92' lang='lat' dir='ltr'><strong>quod</strong></span> <span class='ocrx_word' id='word_1_825' title='bbox 3140 4166 3298 4221; x_wconf 90' lang='lat' dir='ltr'><strong>etiam</strong></span> <span class='ocrx_word' id='word_1_826' title='bbox 3331 4167 3456 4225; x_wconf 91' lang='lat' dir='ltr'><strong>fecit</strong></span> 
     </span>
    </p>
   </div>
   <div class='ocr_carea' id='block_1_107' title="bbox 1869 4246 3454 4331">
    <p class='ocr_par' dir='ltr' id='par_1_107' title="bbox 1869 4246 3454 4331">
     <span class='ocr_line' id='line_1_108' title="bbox 1869 4246 3454 4331; baseline 0.009 -31"><span class='ocrx_word' id='word_1_827' title='bbox 1869 4246 2101 4302; x_wconf 82' lang='lat' dir='ltr'><strong>Joannes</strong></span> <span class='ocrx_word' id='word_1_828' title='bbox 2125 4289 2139 4313; x_wconf 97' lang='lat'><strong>,</strong></span> <span class='ocrx_word' id='word_1_829' title='bbox 2172 4258 2453 4318; x_wconf 89' lang='lat' dir='ltr'><strong>utrumque</strong></span> <span class='ocrx_word' id='word_1_830' title='bbox 2481 4265 2713 4318; x_wconf 91' lang='lat' dir='ltr'><strong>ponens,</strong></span> <span class='ocrx_word' id='word_1_831' title='bbox 2754 4260 2808 4306; x_wconf 92' lang='lat' dir='ltr'><strong>et</strong></span> <span class='ocrx_word' id='word_1_832' title='bbox 2836 4255 2975 4322; x_wconf 87' lang='lat' dir='ltr'><strong>qttod</strong></span> <span class='ocrx_word' id='word_1_833' title='bbox 3007 4256 3235 4325; x_wconf 92' lang='lat' dir='ltr'><strong>baptizet</strong></span> <span class='ocrx_word' id='word_1_834' title='bbox 3258 4260 3308 4313; x_wconf 91' lang='lat' dir='ltr'><strong>in</strong></span> <span class='ocrx_word' id='word_1_835' title='bbox 3333 4262 3454 4331; x_wconf 86' lang='lat' dir='ltr'><strong>Spi-</strong></span> 
     </span>
    </p>
   </div>
   <div class='ocr_carea' id='block_1_108' title="bbox 1872 4339 3379 4419">
    <p class='ocr_par' dir='ltr' id='par_1_108' title="bbox 1872 4339 3379 4419">
     <span class='ocr_line' id='line_1_109' title="bbox 1872 4339 3379 4419; baseline 0.011 -28"><span class='ocrx_word' id='word_1_836' title='bbox 1872 4339 1973 4392; x_wconf 88' lang='lat' dir='ltr'><strong>ritu</strong></span> <span class='ocrx_word' id='word_1_837' title='bbox 2000 4347 2202 4402; x_wconf 89' lang='lat' dir='ltr'><strong>sancto,</strong></span> <span class='ocrx_word' id='word_1_838' title='bbox 2235 4347 2290 4393; x_wconf 88' lang='lat' dir='ltr'><strong>et</strong></span> <span class='ocrx_word' id='word_1_839' title='bbox 2317 4340 2456 4409; x_wconf 88' lang='lat' dir='ltr'><strong>quod</strong></span> <span class='ocrx_word' id='word_1_840' title='bbox 2486 4340 2763 4396; x_wconf 91' lang='lat' dir='ltr'><strong>comburat</strong></span> <span class='ocrx_word' id='word_1_841' title='bbox 2796 4343 2913 4412; x_wconf 82' lang='lat' dir='ltr'><strong>igne</strong></span> <span class='ocrx_word' id='word_1_842' title='bbox 2944 4345 3379 4419; x_wconf 83' lang='lat' dir='ltr'><strong>inexstinguibili.</strong></span> 
     </span>
    </p>
   </div>
   <div class='ocr_carea' id='block_1_109' title="bbox 1943 4431 3452 4513">
    <p class='ocr_par' dir='ltr' id='par_1_109' title="bbox 1943 4431 3452 4513">
     <span class='ocr_line' id='line_1_110' title="bbox 1943 4431 3452 4513; baseline 0.01 -29"><span class='ocrx_word' id='word_1_843' title='bbox 1943 4431 1994 4485; x_wconf 86' lang='grc'><strong>6.</strong></span> <span class='ocrx_word' id='word_1_844' title='bbox 2035 4431 2089 4487; x_wconf 90' lang='lat' dir='ltr'><strong>Si</strong></span> <span class='ocrx_word' id='word_1_845' title='bbox 2137 4432 2311 4502; x_wconf 85' lang='lat' dir='ltr'><strong>itaque</strong></span> <span class='ocrx_word' id='word_1_846' title='bbox 2344 4447 2447 4485; x_wconf 91' lang='lat' dir='ltr'><strong>non</strong></span> <span class='ocrx_word' id='word_1_847' title='bbox 2480 4433 2761 4503; x_wconf 88' lang='lat' dir='ltr'><strong>baptizavit</strong></span> <span class='ocrx_word' id='word_1_848' title='bbox 2807 4435 2858 4488; x_wconf 91' lang='lat' dir='ltr'><strong>in</strong></span> <span class='ocrx_word' id='word_1_849' title='bbox 2904 4434 3101 4506; x_wconf 89' lang='lat' dir='ltr'><strong>Spiritu</strong></span> <span class='ocrx_word' id='word_1_850' title='bbox 3147 4443 3452 4513; x_wconf 90' lang='lat' dir='ltr'><strong>apostolos,</strong></span> 
     </span>
    </p>
   </div>
   <div class='ocr_carea' id='block_1_110' title="bbox 1872 4521 3455 4598">
    <p class='ocr_par' dir='ltr' id='par_1_110' title="bbox 1872 4521 3455 4598">
     <span class='ocr_line' id='line_1_111' title="bbox 1872 4521 3455 4598; baseline 0.01 -23"><span class='ocrx_word' id='word_1_851' title='bbox 1872 4536 2043 4591; x_wconf 90' lang='lat' dir='ltr'><strong>neque</strong></span> <span class='ocrx_word' id='word_1_852' title='bbox 2073 4521 2220 4587; x_wconf 88' lang='lat' dir='ltr'><strong>illos,</strong></span> <span class='ocrx_word' id='word_1_853' title='bbox 2262 4524 2351 4592; x_wconf 90' lang='lat' dir='ltr'><strong>qui</strong></span> <span class='ocrx_word' id='word_1_854' title='bbox 2397 4524 2630 4592; x_wconf 90' lang='lat' dir='ltr'><strong>quotidie</strong></span> <span class='ocrx_word' id='word_1_855' title='bbox 2670 4524 2924 4595; x_wconf 88' lang='lat' dir='ltr'><strong>baptizari</strong></span> <span class='ocrx_word' id='word_1_856' title='bbox 2964 4529 3192 4598; x_wconf 87' lang='lat' dir='ltr'><strong>vellent,</strong></span> <span class='ocrx_word' id='word_1_857' title='bbox 3239 4533 3305 4588; x_wconf 90' lang='lat' dir='ltr'><strong>de</strong></span> <span class='ocrx_word' id='word_1_858' title='bbox 3351 4535 3455 4591; x_wconf 90' lang='lat' dir='ltr'><strong>illis</strong></span> 
     </span>
    </p>
   </div>
   <div class='ocr_carea' id='block_1_111' title="bbox 1871 4616 3455 4695">
    <p class='ocr_par' dir='ltr' id='par_1_111' title="bbox 1871 4616 3455 4695">
     <span class='ocr_line' id='line_1_112' title="bbox 1871 4616 3455 4695; baseline 0.008 -25"><span class='ocrx_word' id='word_1_859' title='bbox 1871 4616 2029 4671; x_wconf 91' lang='lat' dir='ltr'><strong>etiam</strong></span> <span class='ocrx_word' id='word_1_860' title='bbox 2057 4616 2329 4670; x_wconf 88' lang='lat' dir='ltr'><strong>dubitandi</strong></span> <span class='ocrx_word' id='word_1_861' title='bbox 2362 4616 2535 4671; x_wconf 90' lang='lat' dir='ltr'><strong>locum</strong></span> <span class='ocrx_word' id='word_1_862' title='bbox 2566 4617 2823 4683; x_wconf 90' lang='lat' dir='ltr'><strong>haberes;</strong></span> <span class='ocrx_word' id='word_1_863' title='bbox 2853 4621 2894 4673; x_wconf 90' lang='lat' dir='ltr'><strong>si</strong></span> <span class='ocrx_word' id='word_1_864' title='bbox 2927 4636 3053 4675; x_wconf 88' lang='lat' dir='ltr'><strong>vero</strong></span> <span class='ocrx_word' id='word_1_865' title='bbox 3082 4622 3133 4677; x_wconf 85' lang='lat' dir='ltr'><strong>id</strong></span> <span class='ocrx_word' id='word_1_866' title='bbox 3164 4626 3305 4695; x_wconf 91' lang='lat' dir='ltr'><strong>quod</strong></span> <span class='ocrx_word' id='word_1_867' title='bbox 3338 4644 3455 4683; x_wconf 87' lang='lat' dir='ltr'><strong>ma-</strong></span> 
     </span>
    </p>
   </div>
   <div class='ocr_carea' id='block_1_112' title="bbox 1868 4708 3455 4784">
    <p class='ocr_par' dir='ltr' id='par_1_112' title="bbox 1868 4708 3455 4784">
     <span class='ocr_line' id='line_1_113' title="bbox 1868 4708 3455 4784; baseline 0.009 -23"><span class='ocrx_word' id='word_1_868' title='bbox 1868 4708 1955 4776; x_wconf 86' lang='lat' dir='ltr'><strong>jus</strong></span> <span class='ocrx_word' id='word_1_869' title='bbox 1998 4717 2052 4762; x_wconf 90' lang='lat' dir='ltr'><strong>et</strong></span> <span class='ocrx_word' id='word_1_870' title='bbox 2093 4708 2360 4764; x_wconf 70' lang='lat' dir='ltr'><strong>difficilius</strong></span> <span class='ocrx_word' id='word_1_871' title='bbox 2396 4723 2516 4764; x_wconf 91' lang='lat' dir='ltr'><strong>esse</strong></span> <span class='ocrx_word' id='word_1_872' title='bbox 2554 4708 2849 4778; x_wconf 85' lang='lat' dir='ltr'><strong>videbatur,</strong></span> <span class='ocrx_word' id='word_1_873' title='bbox 2892 4723 2946 4767; x_wconf 90' lang='lat' dir='ltr'><strong>et</strong></span> <span class='ocrx_word' id='word_1_874' title='bbox 2985 4715 3126 4784; x_wconf 88' lang='lat' dir='ltr'><strong>quod</strong></span> <span class='ocrx_word' id='word_1_875' title='bbox 3151 4732 3455 4776; x_wconf 88' lang='lat' dir='ltr'><strong>sermonem</strong></span> 
     </span>
    </p>
   </div>
   <div class='ocr_carea' id='block_1_113' title="bbox 1872 4798 3453 4878">
    <p class='ocr_par' dir='ltr' id='par_1_113' title="bbox 1872 4798 3453 4878">
     <span class='ocr_line' id='line_1_114' title="bbox 1872 4798 3453 4878; baseline 0.007 -26"><span class='ocrx_word' id='word_1_876' title='bbox 1872 4814 2084 4853; x_wconf 90' lang='lat' dir='ltr'><strong>omnem</strong></span> <span class='ocrx_word' id='word_1_877' title='bbox 2115 4808 2330 4869; x_wconf 87' lang='lat' dir='ltr'><strong>superat</strong></span> <span class='ocrx_word' id='word_1_878' title='bbox 2352 4840 2366 4863; x_wconf 95' lang='lat'><strong>,</strong></span> <span class='ocrx_word' id='word_1_879' title='bbox 2407 4808 2459 4854; x_wconf 88' lang='lat' dir='ltr'><strong>et</strong></span> <span class='ocrx_word' id='word_1_880' title='bbox 2490 4798 2686 4855; x_wconf 85' lang='lat' dir='ltr'><strong>factum</strong></span> <span class='ocrx_word' id='word_1_881' title='bbox 2723 4810 2831 4864; x_wconf 87' lang='lat' dir='ltr'><strong>est,</strong></span> <span class='ocrx_word' id='word_1_882' title='bbox 2874 4816 2929 4863; x_wconf 90' lang='lat' dir='ltr'><strong>et</strong></span> <span class='ocrx_word' id='word_1_883' title='bbox 2949 4805 3185 4878; x_wconf 91' lang='lat' dir='ltr'><strong>quotidie</strong></span> <span class='ocrx_word' id='word_1_884' title='bbox 3207 4806 3453 4871; x_wconf 85' lang='lat' dir='ltr'><strong>ellicitur,</strong></span> 
     </span>
    </p>
   </div>
   <div class='ocr_carea' id='block_1_114' title="bbox 1872 4892 3457 4963">
    <p class='ocr_par' dir='ltr' id='par_1_114' title="bbox 1872 4892 3457 4963">
     <span class='ocr_line' id='line_1_115' title="bbox 1872 4892 3457 4963; baseline 0.006 -18"><span class='ocrx_word' id='word_1_885' title='bbox 1872 4892 1995 4962; x_wconf 88' lang='lat' dir='ltr'><strong>quid</strong></span> <span class='ocrx_word' id='word_1_886' title='bbox 2024 4906 2198 4947; x_wconf 55' lang='lat' dir='ltr'><strong>causa</strong></span> <span class='ocrx_word' id='word_1_887' title='bbox 2226 4901 2311 4947; x_wconf 91' lang='lat' dir='ltr'><strong>est</strong></span> <span class='ocrx_word' id='word_1_888' title='bbox 2337 4907 2432 4947; x_wconf 87' lang='lat' dir='ltr'><strong>cur</strong></span> <span class='ocrx_word' id='word_1_889' title='bbox 2457 4892 2506 4947; x_wconf 90' lang='lat' dir='ltr'><strong>id</strong></span> <span class='ocrx_word' id='word_1_890' title='bbox 2534 4893 2674 4963; x_wconf 90' lang='lat' dir='ltr'><strong>quod</strong></span> <span class='ocrx_word' id='word_1_891' title='bbox 2707 4894 2859 4949; x_wconf 88' lang='lat' dir='ltr'><strong>facile</strong></span> <span class='ocrx_word' id='word_1_892' title='bbox 2886 4904 2941 4950; x_wconf 90' lang='lat' dir='ltr'><strong>et</strong></span> <span class='ocrx_word' id='word_1_893' title='bbox 2966 4897 3256 4952; x_wconf 81' lang='lat' dir='ltr'><strong>secundum</strong></span> <span class='ocrx_word' id='word_1_894' title='bbox 3289 4902 3457 4955; x_wconf 84' lang='lat' dir='ltr'><strong>ratio-</strong></span> 
     </span>
    </p>
   </div>
   <div class='ocr_carea' id='block_1_115' title="bbox 1875 4984 3454 5051">
    <p class='ocr_par' dir='ltr' id='par_1_115' title="bbox 1875 4984 3454 5051">
     <span class='ocr_line' id='line_1_116' title="bbox 1875 4984 3454 5051; baseline 0.005 -13"><span class='ocrx_word' id='word_1_895' title='bbox 1875 5000 1995 5039; x_wconf 89' lang='lat' dir='ltr'><strong>nem</strong></span> <span class='ocrx_word' id='word_1_896' title='bbox 2034 4992 2144 5049; x_wconf 88' lang='lat' dir='ltr'><strong>est,</strong></span> <span class='ocrx_word' id='word_1_897' title='bbox 2176 5000 2359 5038; x_wconf 83' lang='lat' dir='ltr'><strong>verum</strong></span> <span class='ocrx_word' id='word_1_898' title='bbox 2404 4999 2510 5039; x_wconf 87' lang='lat' dir='ltr'><strong>non</strong></span> <span class='ocrx_word' id='word_1_899' title='bbox 2552 4999 2671 5040; x_wconf 88' lang='lat' dir='ltr'><strong>esse</strong></span> <span class='ocrx_word' id='word_1_900' title='bbox 2704 4984 2888 5041; x_wconf 88' lang='lat' dir='ltr'><strong>dicas?</strong></span> <span class='ocrx_word' id='word_1_901' title='bbox 2913 4986 3044 5051; x_wconf 86' lang='lat' dir='ltr'><strong>Quia</strong></span> <span class='ocrx_word' id='word_1_902' title='bbox 3093 4987 3236 5041; x_wconf 87' lang='lat' dir='ltr'><strong>enim</strong></span> <span class='ocrx_word' id='word_1_903' title='bbox 3274 4989 3409 5044; x_wconf 85' lang='lat' dir='ltr'><strong>dixit</strong></span> <span class='ocrx_word' id='word_1_904' title='bbox 3442 5035 3454 5046; x_wconf 92' lang='lat'><strong>.</strong></span> 
     </span>
    </p>
   </div>
   <div class='ocr_carea' id='block_1_116' title="bbox 1873 5074 3459 5149">
    <p class='ocr_par' dir='ltr' id='par_1_116' title="bbox 1873 5074 3459 5149">
     <span class='ocr_line' id='line_1_117' title="bbox 1873 5074 3459 5149; baseline 0.006 -21"><span class='ocrx_word' id='word_1_905' title='bbox 1873 5074 2155 5144; x_wconf 76' lang='lat' dir='ltr'><strong>Baptizabit</strong></span> <span class='ocrx_word' id='word_1_906' title='bbox 2183 5076 2235 5129; x_wconf 84' lang='lat' dir='ltr'><strong>in</strong></span> <span class='ocrx_word' id='word_1_907' title='bbox 2266 5075 2464 5145; x_wconf 87' lang='lat' dir='ltr'><strong>Spiritu</strong></span> <span class='ocrx_word' id='word_1_908' title='bbox 2490 5086 2664 5130; x_wconf 77' lang='lat' dir='ltr'><strong>sancto</strong></span> <span class='ocrx_word' id='word_1_909' title='bbox 2689 5084 2734 5130; x_wconf 85' lang='lat' dir='ltr'><strong>et</strong></span> <span class='ocrx_word' id='word_1_910' title='bbox 2772 5075 2824 5129; x_wconf 84' lang='lat' dir='ltr'><strong>in</strong></span> <span class='ocrx_word' id='word_1_911' title='bbox 2866 5076 3011 5146; x_wconf 88' lang='lat' dir='ltr'><strong>igne,</strong></span> <span class='ocrx_word' id='word_1_912' title='bbox 3051 5086 3105 5132; x_wconf 91' lang='lat' dir='ltr'><strong>et</strong></span> <span class='ocrx_word' id='word_1_913' title='bbox 3143 5092 3332 5149; x_wconf 89' lang='lat' dir='ltr'><strong>magna</strong></span> <span class='ocrx_word' id='word_1_914' title='bbox 3371 5081 3459 5137; x_wconf 90' lang='lat' dir='ltr'><strong>hic</strong></span> 
     </span>
    </p>
   </div>
   <div class='ocr_carea' id='block_1_117' title="bbox 1874 5165 3458 5237">
    <p class='ocr_par' dir='ltr' id='par_1_117' title="bbox 1874 5165 3458 5237">
     <span class='ocr_line' id='line_1_118' title="bbox 1874 5165 3458 5237; baseline 0.004 -16"><span class='ocrx_word' id='word_1_915' title='bbox 1874 5166 2119 5236; x_wconf 84' lang='lat' dir='ltr'><strong>promisit</strong></span> <span class='ocrx_word' id='word_1_916' title='bbox 2146 5165 2315 5233; x_wconf 90' lang='lat' dir='ltr'><strong>bona,</strong></span> <span class='ocrx_word' id='word_1_917' title='bbox 2346 5181 2413 5221; x_wconf 92' lang='lat' dir='ltr'><strong>nc</strong></span> <span class='ocrx_word' id='word_1_918' title='bbox 2455 5166 2634 5225; x_wconf 81' lang='lat' dir='ltr'><strong>animo</strong></span> <span class='ocrx_word' id='word_1_919' title='bbox 2679 5165 3009 5229; x_wconf 89' lang='lat' dir='ltr'><strong>concideres,</strong></span> <span class='ocrx_word' id='word_1_920' title='bbox 3042 5168 3309 5237; x_wconf 88' lang='lat' dir='ltr'><strong>prioribus</strong></span> <span class='ocrx_word' id='word_1_921' title='bbox 3338 5186 3458 5228; x_wconf 90' lang='lat' dir='ltr'><strong>om-</strong></span> 
     </span>
    </p>
   </div>
   <div class='ocr_carea' id='block_1_118' title="bbox 1875 5254 3461 5329">
    <p class='ocr_par' dir='ltr' id='par_1_118' title="bbox 1875 5254 3461 5329">
     <span class='ocr_line' id='line_1_119' title="bbox 1875 5254 3461 5329; baseline 0.004 -19"><span class='ocrx_word' id='word_1_922' title='bbox 1875 5257 2032 5312; x_wconf 88' lang='lat' dir='ltr'><strong>nibus</strong></span> <span class='ocrx_word' id='word_1_923' title='bbox 2060 5257 2334 5326; x_wconf 86' lang='lat' dir='ltr'><strong>neglectis,</strong></span> <span class='ocrx_word' id='word_1_924' title='bbox 2359 5256 2708 5310; x_wconf 84' lang='lat' dir='ltr'><strong>ventiiabrum</strong></span> <span class='ocrx_word' id='word_1_925' title='bbox 2734 5254 2960 5322; x_wconf 82' lang='lat' dir='ltr'><strong>induxit,</strong></span> <span class='ocrx_word' id='word_1_926' title='bbox 2986 5266 3039 5312; x_wconf 90' lang='lat' dir='ltr'><strong>et</strong></span> <span class='ocrx_word' id='word_1_927' title='bbox 3059 5257 3318 5329; x_wconf 90' lang='lat' dir='ltr'><strong>judicium</strong></span> <span class='ocrx_word' id='word_1_928' title='bbox 3345 5263 3461 5317; x_wconf 83' lang='lat' dir='ltr'><strong>sive</strong></span> 
     </span>
    </p>
   </div>
   <div class='ocr_carea' id='block_1_119' title="bbox 1875 5347 3459 5421">
    <p class='ocr_par' dir='ltr' id='par_1_119' title="bbox 1875 5347 3459 5421">
     <span class='ocr_line' id='line_1_120' title="bbox 1875 5347 3459 5421; baseline 0.001 -15"><span class='ocrx_word' id='word_1_929' title='bbox 1875 5351 2138 5406; x_wconf 88' lang='lat' dir='ltr'><strong>delectum</strong></span> <span class='ocrx_word' id='word_1_930' title='bbox 2169 5365 2268 5421; x_wconf 88' lang='lat' dir='ltr'><strong>per</strong></span> <span class='ocrx_word' id='word_1_931' title='bbox 2293 5350 2395 5405; x_wconf 85' lang='lat' dir='ltr'><strong>hoc</strong></span> <span class='ocrx_word' id='word_1_932' title='bbox 2424 5349 2537 5404; x_wconf 83' lang='lat' dir='ltr'><strong>fieri</strong></span> <span class='ocrx_word' id='word_1_933' title='bbox 2564 5348 2801 5403; x_wconf 91' lang='lat' dir='ltr'><strong>solitum.</strong></span> <span class='ocrx_word' id='word_1_934' title='bbox 2830 5347 2909 5404; x_wconf 88' lang='lat' dir='ltr'><strong>Ne</strong></span> <span class='ocrx_word' id='word_1_935' title='bbox 2938 5350 3135 5420; x_wconf 92' lang='lat' dir='ltr'><strong>putetis</strong></span> <span class='ocrx_word' id='word_1_936' title='bbox 3162 5353 3305 5408; x_wconf 87' lang='lat' dir='ltr'><strong>enim</strong></span> <span class='ocrx_word' id='word_1_937' title='bbox 3327 5396 3342 5419; x_wconf 92' lang='lat'><strong>,</strong></span> <span class='ocrx_word' id='word_1_938' title='bbox 3374 5358 3459 5409; x_wconf 84' lang='lat' dir='ltr'><strong>in-</strong></span> 
     </span>
    </p>
   </div>
   <div class='ocr_carea' id='block_1_120' title="bbox 1875 5441 3459 5515">
    <p class='ocr_par' dir='ltr' id='par_1_120' title="bbox 1875 5441 3459 5515">
     <span class='ocr_line' id='line_1_121' title="bbox 1875 5441 3459 5515; baseline 0.003 -17"><span class='ocrx_word' id='word_1_939' title='bbox 1875 5445 2016 5515; x_wconf 91' lang='lat' dir='ltr'><strong>quit,</strong></span> <span class='ocrx_word' id='word_1_940' title='bbox 2045 5444 2361 5513; x_wconf 88' lang='lat' dir='ltr'><strong>baptismum</strong></span> <span class='ocrx_word' id='word_1_941' title='bbox 2388 5441 2667 5505; x_wconf 86' lang='lat' dir='ltr'><strong>sullicere,</strong></span> <span class='ocrx_word' id='word_1_942' title='bbox 2696 5441 2741 5497; x_wconf 91' lang='lat' dir='ltr'><strong>si</strong></span> <span class='ocrx_word' id='word_1_943' title='bbox 2767 5442 2995 5513; x_wconf 90' lang='lat' dir='ltr'><strong>improbi</strong></span> <span class='ocrx_word' id='word_1_944' title='bbox 3023 5455 3203 5515; x_wconf 87' lang='lat' dir='ltr'><strong>postea</strong></span> <span class='ocrx_word' id='word_1_945' title='bbox 3233 5447 3459 5512; x_wconf 80' lang='lat' dir='ltr'><strong>fueritis;</strong></span> 
     </span>
    </p>
   </div>
   <div class='ocr_carea' id='block_1_121' title="bbox 1876 5534 3458 5612">
    <p class='ocr_par' dir='ltr' id='par_1_121' title="bbox 1876 5534 3458 5612">
     <span class='ocr_line' id='line_1_122' title="bbox 1876 5534 3458 5612; baseline 0.006 -24"><span class='ocrx_word' id='word_1_946' title='bbox 1876 5553 2008 5607; x_wconf 85' lang='lat' dir='ltr'><strong>opus</strong></span> <span class='ocrx_word' id='word_1_947' title='bbox 2035 5537 2229 5608; x_wconf 85' lang='lat' dir='ltr'><strong>quippe</strong></span> <span class='ocrx_word' id='word_1_948' title='bbox 2252 5534 2407 5589; x_wconf 89' lang='lat' dir='ltr'><strong>nobis</strong></span> <span class='ocrx_word' id='word_1_949' title='bbox 2431 5543 2589 5591; x_wconf 89' lang='lat' dir='ltr'><strong>estet</strong></span> <span class='ocrx_word' id='word_1_950' title='bbox 2612 5535 2807 5591; x_wconf 87' lang='lat' dir='ltr'><strong>virtute</strong></span> <span class='ocrx_word' id='word_1_951' title='bbox 2830 5545 2886 5592; x_wconf 87' lang='lat' dir='ltr'><strong>et</strong></span> <span class='ocrx_word' id='word_1_952' title='bbox 2911 5537 3074 5594; x_wconf 91' lang='lat' dir='ltr'><strong>multa</strong></span> <span class='ocrx_word' id='word_1_953' title='bbox 3103 5540 3458 5612; x_wconf 81' lang='lat' dir='ltr'><strong>philosophia.</strong></span> 
     </span>
    </p>
   </div>
   <div class='ocr_carea' id='block_1_122' title="bbox 1874 5625 3461 5699">
    <p class='ocr_par' dir='ltr' id='par_1_122' title="bbox 1874 5625 3461 5699">
     <span class='ocr_line' id='line_1_123' title="bbox 1874 5625 3461 5699; baseline 0.006 -20"><span class='ocrx_word' id='word_1_954' title='bbox 1874 5625 2158 5698; x_wconf 81' lang='lat' dir='ltr'><strong>Propterea</strong></span> <span class='ocrx_word' id='word_1_955' title='bbox 2203 5628 2469 5683; x_wconf 86' lang='lat' dir='ltr'><strong>lavacrum</strong></span> <span class='ocrx_word' id='word_1_956' title='bbox 2496 5627 2547 5682; x_wconf 92' lang='lat' dir='ltr'><strong>in</strong></span> <span class='ocrx_word' id='word_1_957' title='bbox 2574 5627 2797 5698; x_wconf 86' lang='lat' dir='ltr'><strong>gratiam</strong></span> <span class='ocrx_word' id='word_1_958' title='bbox 2830 5628 2975 5699; x_wconf 92' lang='lat' dir='ltr'><strong>ipsos</strong></span> <span class='ocrx_word' id='word_1_959' title='bbox 3003 5644 3033 5683; x_wconf 88' lang='lat' dir='ltr'><strong>a</strong></span> <span class='ocrx_word' id='word_1_960' title='bbox 3062 5632 3235 5686; x_wconf 90' lang='lat' dir='ltr'><strong>securi</strong></span> <span class='ocrx_word' id='word_1_961' title='bbox 3263 5632 3349 5688; x_wconf 88' lang='lat' dir='ltr'><strong>illa</strong></span> <span class='ocrx_word' id='word_1_962' title='bbox 3379 5636 3461 5689; x_wconf 83' lang='lat' dir='ltr'><strong>de-</strong></span> 
     </span>
    </p>
   </div>
  </div>
