3856 6180
417 196 518 253 199

413 314 562 383 pellit
591 312 666 385 (η)
692 322 748 369 et
778 313 1030 369 transfert
1057 326 1071 363 :
1108 323 1226 382 post
1250 314 1472 384 gratiam
1511 321 1688 367 autem
1717 325 1747 365 a
1777 307 1998 364 ventila-

413 407 512 460 bro
537 417 593 461 et
623 408 744 475 igne
771 405 1185 471 inexstinguibili
1217 412 1413 467 terret,
1446 412 1502 459 et
1522 404 1717 457 nullam
1739 400 1865 457 facit
1884 399 1998 455 dis—

413 498 727 553 tinctionem
770 511 957 553 eorum
1001 497 1093 565 qui
1136 496 1370 551 nondum
1414 494 1661 565 baptizati
1696 502 1857 558 sunt,
1905 489 1998 545 sed

411 589 734 658 generaliter
774 589 843 643 ait
877 604 891 642 :
929 587 1106 643 Omnis
1129 588 1296 651 arbor,
1328 603 1441 653 quae
1469 603 1569 640 non
1611 586 1733 656 facit
1780 589 1998 655 fructum

411 681 597 736 bonum
615 722 630 749 ,
662 680 937 747 excidatur,
964 680 1204 735 infideles
1230 694 1418 734 omnes
1442 678 1694 747 puniens;
1727 684 1848 747 post
1870 675 1999 745 bap—

412 775 569 830 tisma
614 782 791 829 autem
844 772 1236 829 distinctionem
1288 770 1572 841 quamdam
1627 768 1823 834 efﬁcit;
1876 768 1997 838 quia

410 866 562 922 multi
591 882 777 924 eorum
806 867 893 937 qui
919 866 1195 922 credidere
1218 907 1233 931 ,
1259 864 1365 921 ﬁde
1403 864 1670 933 indignam
1698 865 1861 919 vitam
1897 861 2008 916 du-

411 960 549 1014 cturi
567 968 738 1015 erant.
762 958 931 1014 Nemo
949 960 1126 1028 itaque
1146 958 1297 1027 palea
1317 956 1427 1021 ﬁat,
1449 970 1606 1010 nemo
1624 956 1695 1010 sit
1713 955 1992 1019 fluctuans,

412 1064 583 1118 neque
613 1050 791 1119 pravis
819 1049 1193 1118 cupiditatibus
1219 1048 1290 1104 sit
1316 1048 1589 1112 addictus,
1618 1047 1690 1102 ita
1712 1056 1768 1101 ut
1791 1046 1859 1102 ab
1893 1047 1998 1101 illis

412 1140 568 1196 facile
594 1141 826 1212 undique
847 1141 1094 1211 jactetur.
1122 1138 1176 1196 Si
1201 1140 1341 1196 enim
1381 1140 1704 1194 frumentum
1743 1150 1993 1204 maneas,

407 1233 618 1289 etiamsi
650 1234 873 1289 tentatio
898 1234 1126 1303 ingruat,
1155 1231 1288 1286 nihil
1315 1232 1437 1287 mali
1466 1246 1717 1302 passurus
1745 1245 1804 1286 es
1830 1248 1844 1286 :
1872 1246 1993 1287 nam

409 1323 464 1378 in
494 1338 619 1380 area
661 1333 795 1379 rotae
840 1339 1030 1379 currus
1071 1324 1313 1379 sulcandi
1349 1323 1655 1379 facultatem
1701 1322 1991 1389 habentes,

408 1415 732 1472 frumentum
755 1431 862 1472 non
886 1416 1162 1481 scindunt;
1186 1416 1231 1472 si
1255 1432 1383 1473 vero
1406 1417 1457 1471 in
1483 1416 1996 1488 paleaefragilitatem

408 1506 694 1572 incideris,
739 1515 793 1562 et
835 1508 922 1563 hic
962 1507 1294 1564 intoleranda
1344 1508 1593 1579 patieris,
1637 1508 1705 1564 ab
1745 1509 1995 1564 omnibus

407 1603 673 1667 concisus,
705 1612 759 1657 et
789 1600 898 1655 illic
925 1600 1240 1671 supplicium
1271 1602 1387 1657 lues
1411 1609 1689 1656 aeternum.
1718 1601 1819 1669 Qui
1848 1600 1993 1656 enim

408 1693 542 1750 tales
565 1704 723 1760 sunt,
746 1702 1030 1764 antequam
1053 1694 1324 1751 fornacem
1352 1695 1497 1750 illam
1521 1695 1748 1749 futuram
1775 1693 1990 1761 adeant,

406 1785 848 1841 irrationabilium
875 1786 1157 1843 affectuum
1186 1786 1275 1843 hic
1301 1802 1422 1843 esca
1448 1786 1770 1853 efficiuntur,
1794 1794 1855 1842 ut
1893 1802 1991 1858 pa-

406 1876 506 1932 lea:
521 1885 647 1933 sunt
673 1877 947 1933 brutorum
970 1878 1123 1935 cibus
1151 1896 1164 1934 :
1194 1888 1247 1935 et
1274 1878 1382 1935 illic
1398 1894 1584 1935 rursus
1599 1880 1820 1937 materia
1834 1889 1888 1935 et
1903 1880 1983 1936 ci-

406 1970 508 2027 bus
537 1972 673 2043 ignis
702 1984 878 2029 erunt.
909 1973 966 2031 Si
992 1974 1168 2029 statim
1198 1974 1422 2030 dixisset
1454 1992 1467 2029 :
1498 1974 1617 2046 lpse
1642 1974 1901 2046 iudicabit
1922 1974 1991 2032 de

404 2064 648 2129 actibus;
681 2078 986 2120 sermonem
1030 2080 1137 2120 non
1169 2066 1241 2121 ita
1272 2065 1599 2135 probabilem
1629 2066 1945 2123 reddidisset
1971 2084 1987 2134 ;

403 2168 525 2210 cum
550 2165 729 2211 autem
759 2155 1063 2226 parabolam
1091 2156 1404 2224 admiscuit,
1443 2167 1499 2214 et
1536 2174 1630 2229 per
1656 2174 1773 2215 eam
1812 2161 1989 2216 omnia

386 2246 758 2316 dispensavit,
788 2247 842 2303 id
870 2246 935 2303 ad
967 2247 1395 2319 persuadendum
1419 2251 1588 2320 magis
1623 2258 1804 2319 aptum
1842 2260 1985 2317 erat;

404 2346 606 2392 etcum
646 2337 835 2409 majori
876 2340 1247 2396 consolatione
1281 2340 1581 2397 auditorem
1610 2343 1872 2398 trahebat.
1908 2341 1989 2397 ld-

399 2430 545 2486 circo
574 2429 693 2486 illos
720 2447 863 2502 saepe
892 2431 992 2488 hac
1019 2434 1227 2490 ratione
1250 2434 1556 2505 alloquitur,
1598 2449 1805 2501 aream,
1848 2450 1987 2492 mes-

399 2536 513 2577 sem
538 2560 554 2586 ,
606 2523 847 2592 vineam,
893 2525 1145 2592 torcular,
1190 2540 1410 2598 agrum,
1443 2542 1728 2599 sagenam,
1759 2529 1986 2599 piscium

397 2623 700 2683 capturam,
733 2625 786 2671 et
812 2618 988 2672 omnia
1017 2634 1134 2686 quae
1162 2619 1212 2673 in
1251 2634 1348 2674 usu
1384 2630 1572 2687 erant,
1615 2630 1669 2677 et
1710 2622 1761 2677 in
1796 2622 1988 2693 quibus

380 2707 773 2775 versabantur,
802 2710 979 2766 verbis
1020 2712 1132 2767 suis
1174 2712 1493 2769 admiscens.
1546 2716 1602 2771 Id
1647 2717 1788 2787 quod
1825 2719 1984 2774 etiam

398 2796 634 2867 Baptista
664 2798 752 2854 hic
777 2799 918 2866 fecit,
943 2801 1313 2874 dictorumque
1338 2805 1621 2860 maximam
1650 2808 1985 2863 demonstra-

397 2889 597 2945 tionem
641 2891 897 2960 protulit,
946 2893 1176 2964 Spiritus
1220 2898 1388 2951 sancti
1434 2898 1653 2953 donum.
1698 2899 1795 2968 Qui
1839 2902 1982 2957 enim

398 2989 600 3036 tantum
632 2992 842 3052 posset,
870 2992 929 3038 ut
956 2986 1113 3040 etiam
1143 2996 1358 3054 peccata
1387 2988 1698 3057 dimitteret,
1731 3000 1786 3047 et
1811 2991 1984 3061 Spiri-

396 3080 508 3126 tum
536 3072 707 3140 daret,
744 3076 855 3130 haec
886 3076 1055 3132 multo
1092 3078 1260 3148 magis
1302 3079 1477 3136 facere
1502 3082 1735 3151 poterit,
1784 3084 1980 3141 aiebat.

396 3163 564 3221 Viden
606 3167 874 3236 quomodo
893 3168 1003 3238 jam
1032 3170 1443 3238 praemitteretur
1461 3174 1777 3244 mysterium
1804 3188 1983 3231 resur-

393 3257 647 3313 rectionis
674 3267 727 3314 et
757 3258 979 3328 iudicii?
1010 3259 1075 3315 Et
1101 3275 1203 3331 qua
1243 3260 1311 3316 de
1348 3277 1541 3331 causa,
1588 3266 1829 3336 inquies,
1874 3281 1982 3324 non

392 3352 639 3422 prmdixit
657 3368 717 3407 ea
741 3368 858 3422 quae
880 3369 1001 3409 mox
1026 3354 1093 3410 ab
1118 3354 1211 3410 illo
1232 3356 1436 3412 edenda
1457 3367 1613 3413 erant
1631 3359 1781 3430 signa
1802 3370 1855 3415 et
1879 3361 1979 3416 mi-

390 3446 609 3502 racula?
634 3447 769 3517 Quia
800 3449 902 3505 hoc
932 3451 995 3505 iis
1023 3452 1267 3507 omnibus
1294 3454 1465 3523 majus
1491 3463 1607 3510 erat
1625 3496 1640 3522 ,
1668 3464 1723 3511 et
1762 3464 1981 3527 propter

390 3537 494 3593 hoc
518 3539 607 3594 illa
633 3541 809 3596 omnia
841 3541 979 3597 edita
1009 3554 1153 3597 sunt.
1181 3544 1313 3598 Nam
1356 3560 1476 3600 cum
1518 3554 1689 3616 caput
1717 3557 1975 3619 poneret,

389 3630 567 3684 omnia
597 3631 1076 3700 complectebatur,
1110 3636 1296 3691 mortis
1334 3637 1656 3693 solutionem
1677 3681 1693 3707 ,
1734 3649 1977 3710 peccato-

390 3736 506 3775 rum
532 3720 986 3788 destructionem;
1014 3726 1399 3782 maledictionis
1421 3732 1742 3787 amotionem
1761 3775 1776 3799 ,
1802 3748 1832 3787 a
1859 3734 1978 3788 diu-

391 3815 562 3869 turnis
588 3816 740 3870 bellis
768 3816 1136 3873 liberationem
1162 3861 1176 3883 ,
1222 3820 1516 3891 ingressum
1550 3825 1601 3878 in
1630 3825 1930 3895 paradisum
1957 3869 1972 3893 ,

387 3921 667 3962 ascensum
695 3907 746 3962 in
774 3908 998 3975 ctelum,
1043 3912 1203 3966 vitam
1242 3928 1361 3967 cum
1401 3916 1603 3985 angelis
1639 3916 1971 3985 ducendam,

386 3999 685 4054 futurorum
736 3999 996 4055 bonorum
1041 4005 1389 4059 consortium.
1435 4004 1567 4061 Nam
1613 4007 1715 4063 hoc
1763 4009 1973 4067 illorum

386 4092 577 4163 pignus
605 4102 705 4147 εει.
740 4092 870 4147 Cum
902 4108 1029 4165 ergo
1060 4094 1189 4149 illud
1220 4095 1472 4163 dixisset,
1504 4099 1637 4155 dixit
1665 4101 1826 4157 etiam
1855 4118 1974 4159 cor-

385 4197 575 4254 porum
617 4185 1102 4253 resurrectionem,
1132 4187 1278 4258 signa
1306 4188 1392 4244 hic
1433 4192 1603 4257 edita,
1645 4196 1793 4266 regni
1836 4210 1971 4251 con-

384 4278 605 4332 sortium
628 4320 642 4343 ,
671 4289 724 4334 et
751 4279 887 4334 bona
910 4321 926 4344 ,
965 4280 1094 4348 Qua:
1132 4283 1308 4337 oculus
1348 4300 1449 4339 non
1490 4286 1650 4354 vidit,
1694 4288 1832 4344 auris
1870 4305 1972 4345 non

382 4368 595 4433 audivit,
617 4378 665 4423 et
688 4369 742 4423 in
760 4386 847 4423 cor
863 4370 1079 4426 hominis
1098 4388 1196 4426 non
1216 4375 1546 4430 ascenderunt
1567 4379 1643 4447 (1.
1668 4379 1786 4434 Cor.
1809 4380 1862 4436 2.
1889 4382 1969 4453 9).

386 4459 512 4516 Haec
539 4460 734 4530 quippe
759 4461 937 4516 omnia
967 4477 1063 4532 per
1089 4463 1289 4518 donum
1328 4465 1459 4521 illud
1499 4467 1652 4525 nobis
1680 4471 1966 4540 praebebat.

379 4548 721 4620 Superfluum
752 4552 930 4621 itaque
956 4561 1071 4609 erat
1097 4553 1164 4608 de
1192 4555 1354 4625 signis
1392 4557 1534 4629 loqui
1572 4575 1699 4616 mox
1739 4561 1964 4633 futuris,

377 4657 432 4700 et
460 4644 737 4701 oculorum
764 4644 967 4716 judicio
991 4647 1311 4717 probandis;
1358 4651 1452 4707 sed
1481 4651 1550 4709 de
1590 4654 1696 4710 illis
1733 4667 1851 4713 erat
1890 4658 1971 4713 lo-

377 4737 652 4808 quendum
675 4737 743 4793 de
765 4738 957 4809 quibus
980 4738 1295 4795 dubitabant
1315 4741 1423 4807 illi;
1453 4758 1674 4815 nempe,
1712 4747 1853 4817 quod
1881 4748 1970 4803 Fi-

377 4829 483 4885 lius
512 4830 605 4885 Dei
633 4837 805 4896 esset,
836 4830 977 4901 quod
1004 4829 1264 4886 Joannem
1293 4832 1409 4888 sine
1433 4834 1540 4889 ulla
1569 4840 1967 4908 comparatione

378 4922 706 4992 prmcederet
725 4964 741 4992 ,
773 4923 915 4994 quod
943 4923 1153 4979 tolleret
1180 4935 1455 4994 peccatum
1485 4929 1689 4997 mundi,
1720 4933 1862 5002 quod
1899 4933 1967 4990 de

378 5013 633 5082 operibus
663 5015 925 5071 rationem
954 5024 1238 5071 exacturus
1265 5028 1442 5084 esset,
1474 5020 1615 5088 quod
1643 5031 1822 5079 nostra
1859 5040 1963 5082 non

379 5116 561 5161 essent
585 5108 939 5177 praesentibus
963 5109 1125 5164 rebus
1152 5109 1573 5181 circumscripta,
1602 5113 1695 5169 sed
1729 5114 1835 5171 illic
1855 5117 1965 5173 sin-

376 5199 484 5267 guli
536 5198 752 5270 dignum
800 5202 1115 5272 supplicium
1163 5202 1344 5259 luituri
1393 5215 1593 5263 essent.
1645 5208 1770 5266 Haec
1818 5212 1961 5267 enim

376 5291 547 5347 oculis
574 5292 839 5362 subjicere
869 5302 993 5349 tunc
1021 5311 1126 5349 non
1156 5295 1367 5353 licebat.

448 5382 500 5434 7.
541 5380 756 5435 Moralis
786 5383 1099 5450 exhortatio;
1143 5386 1386 5444 bonorum
1426 5393 1592 5462 gratia
1622 5392 1758 5450 Deus
1798 5396 1960 5452 malos

320 5634 325 5639 _
373 5565 510 5642 uls)
548 5573 809 5642 Lavacrum
829 5584 860 5623 a
884 5572 1046 5625 securi
1079 5572 1277 5638 depellit
1298 5587 1409 5636 eos,
1444 5575 1492 5627 id
1526 5586 1621 5638 est,
1646 5589 1673 5626 a
1697 5580 1957 5630 commina-

372 5631 511 5678 tione
542 5631 749 5682 securis.

1117 198 1173 254 S.
1214 193 1492 253 JOANNIS
1527 189 2003 251 CHRYSOSTOMI
2041 189 2361 248 ARCHlEP.
2400 190 2935 253 CONSTANTINOP.

3580 210 3678 269 200

2106 309 2206 377 fert
2245 310 2515 377 patienter.
2546 341 2618 350 —
2647 311 2771 367 llmc
2797 314 2972 384 itaque
2997 329 3117 370 cum
3146 316 3375 374 sciamus
3397 359 3415 386 ,
3438 339 3677 393 magnum

2104 399 2453 455 adhibeamus
2482 402 2735 467 studium,
2754 404 2878 458 dum
2904 406 2955 460 in
2978 422 3102 463 area
3127 423 3311 465 sumus
3344 428 3357 464 :
3393 410 3517 467 licet
3542 416 3673 469 enim

2106 488 2194 547 hic
2208 494 2544 549 versantibus
2562 511 2631 550 ex
2650 497 2802 566 palea
2825 499 2875 552 in
2901 500 3131 555 triticum
3155 505 3414 567 converti,
3436 508 3675 573 quemad-

2107 585 2321 639 modum
2353 602 2420 641 ex
2450 588 2624 643 tritico
2669 592 2818 644 multi
2858 592 3007 662 palea
3046 603 3171 648 sunt
3206 594 3352 649 facti.
3397 596 3473 651 Ne
3515 598 3678 668 itaque

2104 679 2469 747 concidamus,
2494 697 2665 752 neque
2685 684 2830 737 omni
2858 694 3016 740 vento
3038 685 3491 753 circumferamur,
3518 705 3679 761 neque

2103 769 2453 825 scindamura
2475 771 2727 828 fratribus
2751 775 2970 840 nostris,
2998 776 3121 832 licet
3138 779 3309 848 exigui
3332 789 3386 833 et
3410 781 3543 836 viles
3571 798 3683 838 esse

2103 860 2401 917 videantur.
2429 862 2560 918 Nam
2589 872 2643 918 ct
2675 863 2997 921 frumentum
3025 868 3172 937 palea
3203 870 3380 924 minus
3405 879 3506 936 est,
3526 889 3683 942 quan-

2105 960 2216 1007 tum
2246 953 2315 1008 ad
2345 969 2669 1022 mensuram,
2694 967 2946 1027 quantum
2974 958 3039 1013 ad
3070 968 3313 1015 naturam
3342 972 3542 1028 autem,
3571 981 3680 1019 me-

2104 1042 2225 1097 lius.
2263 1043 2340 1099 Ne
2366 1045 2547 1099 saeculi
2575 1061 2796 1117 pompas
2827 1048 3080 1118 respicias
3112 1067 3125 1103 :
3159 1065 3279 1106 nam
3308 1052 3411 1107 illa:
3432 1053 3537 1123 igni
3568 1067 3683 1111 sunt

2103 1145 2332 1207 paratze;
2365 1138 2462 1193 sed
2492 1154 2609 1194 eam
2636 1156 2753 1210 qua;
2782 1141 3075 1197 secundum
3107 1143 3273 1199 Deum
3299 1153 3382 1199 est
3417 1144 3682 1202 humilita-

2104 1237 2209 1284 tem
2234 1269 2248 1292 ,
2281 1230 2504 1285 solidam
2537 1231 2681 1287 illam
2701 1273 2716 1299 ,
2756 1233 3172 1291 indissolubilem
3195 1277 3211 1301 ,
3243 1253 3364 1307 qua:
3393 1238 3564 1293 scindi
3590 1256 3679 1295 ne-

2101 1328 2294 1389 queat,
2338 1336 2511 1390 neque
2552 1322 2619 1377 ab
2662 1323 2785 1393 igne
2824 1326 3089 1381 comburi.
3137 1328 3360 1398 Propter
3404 1328 3501 1385 hos
3543 1333 3681 1388 enim

2100 1414 2284 1483 paleas
2310 1415 2574 1482 patienter
2590 1415 2710 1482 fert,
2729 1427 2785 1472 ut
2810 1434 2875 1473 ex
2906 1418 3117 1475 illorum
3138 1422 3411 1478 consortio
3439 1423 3686 1480 meliores

2102 1503 2247 1558 ﬁant.
2290 1505 2415 1561 Ideo
2456 1506 2695 1563 nondum
2732 1508 2991 1578 judicium
3029 1520 3147 1579 est,
3191 1523 3247 1567 ut
3275 1528 3463 1569 omnes
3493 1516 3685 1585 pariter

2099 1608 2453 1665 coronemur,
2490 1606 2549 1652 ut
2582 1613 2613 1653 a
2647 1598 2884 1669 nequitia
2913 1602 3064 1656 multi
3092 1602 3160 1657 ad
3188 1602 3433 1658 virtutem
3460 1619 3685 1661 converc

2099 1694 2295 1743 tantur.
2330 1688 2758 1747 lnhorrescamus
2779 1693 2954 1763 igitur,
2977 1693 3114 1749 hanc
3139 1695 3443 1765 parabolam
3466 1698 3685 1755 audien-

2098 1786 2198 1835 tes.
2229 1779 2440 1836 Etenim
2463 1782 2907 1854 inexstinguibilis
2924 1794 3005 1841 est
3030 1786 3116 1842 ille
3143 1788 3298 1857 ignis.
3327 1787 3391 1844 Et
3414 1792 3686 1861 quomodo

2098 1871 2581 1945 inexstinguibilis?
2629 1874 2853 1947 inquies.
2901 1878 3092 1933 Annon
3133 1878 3283 1934 vides
3332 1879 3475 1938 hunc
3515 1883 3683 1939 solem

2095 1978 2309 2035 semper
2334 1968 2643 2036 ardentem,
2681 1977 2734 2023 et
2777 1986 3067 2041 numquam
3108 1971 3468 2029 exstinctum?
3504 1989 3685 2031 annon

2096 2058 2272 2114 vidisti
2301 2059 2491 2115 rubum
2516 2060 2793 2117 ardentem
2815 2105 2830 2129 ,
2862 2072 2916 2118 ct
2946 2080 3051 2118 non
3075 2065 3451 2123 combustum?
3486 2066 3545 2125 Si
3586 2070 3686 2124 ita-

2094 2166 2199 2221 que
2234 2162 2289 2207 et
2326 2152 2437 2221 ipse
2465 2154 2546 2209 vis
2581 2153 2847 2210 ﬂammam
2892 2155 3158 2227 effugere,
3204 2158 3686 2217 immisericordetn

2094 2256 2215 2298 esse
2240 2242 2385 2313 prius
2411 2244 2605 2301 desiste
2628 2286 2645 2311 ,
2684 2245 2869 2316 sicque
2910 2247 3110 2303 nullum
3141 2263 3319 2305 sumes
3362 2252 3498 2322 ignis
3546 2252 3688 2308 illius

2093 2337 2536 2403 experimentum.
2564 2335 2693 2391 Nam
2720 2337 2767 2391 si
2800 2338 2884 2394 hic
2911 2352 2972 2394 ea
2997 2355 3115 2409 qua:
3142 2339 3413 2408 dicuntur,
3435 2343 3687 2399 credide-

2094 2422 2190 2490 ris,
2220 2439 2340 2480 cum
2368 2425 2491 2482 illuc
2518 2428 2917 2499 transmigrabis
2937 2470 2952 2494 ,
2983 2427 3255 2487 fornacem
3287 2448 3393 2488 non
3424 2433 3636 2490 videbis
3667 2454 3681 2490 :

2092 2515 2138 2569 si
2162 2524 2343 2572 autem
2372 2516 2459 2573 hic
2482 2533 2587 2574 non
2608 2519 2922 2588 credideris,
2947 2522 3057 2578 illic
3078 2533 3329 2593 expertus
3349 2535 3496 2582 certo
3519 2527 3685 2595 scies,

2091 2607 2304 2679 quando
2332 2608 2562 2681 effugere
2586 2610 2719 2666 ultra
2743 2627 2847 2666 non
2872 2615 3087 2682 poteris.
3119 2616 3426 2674 lnevitabile
3448 2635 3688 2691 namque

2091 2700 2409 2769 supplicium
2451 2712 2534 2757 est
2576 2704 2638 2758 iis
2677 2704 2765 2774 qui
2804 2713 2951 2761 recte
2989 2708 3150 2763 vitam
3177 2723 3281 2763 non
3311 2708 3684 2766 instituerunt.

2088 2790 2273 2862 Neque
2310 2793 2452 2848 cnim
2492 2794 2688 2849 sufficit
2728 2805 2929 2851 tantum
2973 2798 3221 2865 credere;
3252 2816 3372 2855 nam
3402 2799 3687 2859 daemones

2091 2883 2257 2938 Deum
2288 2884 2567 2941 horrentes
2598 2887 2820 2955 timent,
2853 2889 2945 2944 sed
2983 2888 3327 2947 nihilominus
3353 2893 3686 2949 cruciabun-

2090 2984 2193 3030 tur.
2242 2975 2601 3043 Quamobrem
2643 2979 2809 3033 multa
2852 2980 3006 3035 nobis
3044 2980 3313 3052 diligentia
3340 2992 3421 3037 est
3446 2998 3589 3053 opus
3614 2985 3687 3039 ad

2088 3066 2249 3121 vitam
2277 3066 2676 3123 instituendam.
2712 3068 2836 3125 Ideo
2865 3086 3093 3141 namque
3120 3072 3206 3127 hic
3238 3088 3333 3128 vos
3368 3074 3688 3144 frequenter

2087 3171 2491 3228 congregamus,
2532 3175 2636 3213 non
2670 3168 2727 3214 ut
2766 3160 2870 3217 huc
2910 3162 3278 3231 ingrediamini
3319 3172 3552 3233 tantum,
3585 3165 3687 3221 sed

2088 3256 2146 3302 ut
2186 3263 2253 3303 ex
2297 3248 2666 3313 hacstatione
2705 3251 2936 3322 aliquem
2974 3251 3202 3308 fructum
3247 3253 3557 3325 percipiatis
3590 3274 3604 3310 :
3639 3258 3689 3313 si

2088 3356 2216 3396 vero
2241 3356 2454 3412 semper
2490 3343 2777 3410 aceedatis,
2808 3359 2872 3401 ac
2891 3345 3008 3401 sine
3048 3345 3155 3400 ullo
3180 3345 3350 3401 fructu
3384 3348 3688 3415 recedatis,

2085 3431 2217 3487 nihil
2244 3448 2308 3489 ex
2338 3434 2581 3505 ingressu
2609 3443 2663 3490 et
2688 3450 2944 3499 consessu
2970 3436 3122 3493 vobis
3148 3437 3278 3492 lucri
3306 3438 3549 3495 accedet.
3588 3440 3689 3495 Et-

2083 3524 2227 3580 enim
2252 3524 2297 3579 si
2317 3540 2435 3580 cum
2462 3541 2653 3595 pueros
2668 3526 2733 3582 ad
2752 3526 3146 3598 ludimagistros
3169 3520 3448 3593 mittimus,
3466 3530 3513 3585 si
3547 3532 3691 3589 nihil

2084 3631 2177 3671 eos
2204 3615 2326 3672 inde
2357 3616 2559 3673 fructus
2586 3616 2789 3673 referre
2813 3617 3089 3674 videamus
3108 3661 3123 3687 ,
3152 3620 3556 3691 ludimagistros
3586 3638 3688 3679 ve-

2083 3707 2362 3765 hementer
2407 3711 2745 3777 incusamus,
2789 3719 2839 3767 et
2885 3711 2951 3765 ad
2994 3712 3127 3767 alios
3174 3728 3317 3783 szepe
3359 3714 3639 3769 mittimus
3668 3732 3686 3768 :

2082 3814 2239 3869 quam
2277 3801 2672 3857 excusationem
2715 3801 3066 3872 proferemus,
3105 3804 3148 3858 si
3193 3820 3298 3859 non
3341 3805 3595 3860 eamdem
3631 3807 3688 3861 in

2081 3892 2294 3960 virtute,
2340 3909 2498 3964 quam
2539 3894 2593 3948 in
2627 3896 2851 3950 terrenis
2888 3895 3047 3951 rebus
3071 3896 3417 3952 adhibeamus
3447 3897 3692 3968 diligen-

2083 3983 2230 4051 tiam,
2249 3984 2343 4040 sed
2367 4000 2559 4039 vacuas
2584 4000 2797 4055 semper
2825 3986 3031 4041 tabulas
3051 3985 3266 4042 domum
3290 3988 3689 4059 reportemus?

2079 4072 2408 4145 Quamquam
2438 4076 2617 4145 plures
2639 4084 2694 4131 ct
2717 4076 2945 4147 majores
2976 4076 3061 4133 hic
3089 4078 3327 4148 magistri
3356 4088 3501 4135 sunt.
3538 4079 3690 4135 Nam

2078 4167 2368 4239 prophetas
2392 4177 2447 4223 et
2473 4170 2745 4239 apostolos
2772 4180 2827 4225 et
2848 4171 3195 4240 patriarchas,
3214 4181 3268 4228 et
3281 4172 3455 4242 justos
3475 4188 3691 4229 omnes

2080 4258 2136 4313 in
2162 4254 2388 4330 singulis
2412 4261 2760 4315 conventibus
2785 4260 3119 4317 adhibemus.
3160 4263 3230 4317 At
3256 4278 3321 4318 ne
3341 4264 3418 4319 sic
3446 4264 3691 4335 quidem

2078 4349 2270 4420 aliquis
2308 4350 2578 4420 profectus
2606 4350 3055 4420 deprehenditur;
3089 4353 3182 4409 sed
3217 4365 3497 4425 postquam
3536 4357 3692 4413 duos

2078 4448 2255 4497 tresve
2295 4442 2528 4511 psalmos
2564 4442 2935 4498 succinueritis
2958 4486 2973 4510 ,
3004 4452 3059 4499 et
3082 4453 3364 4500 consuetas
3391 4447 3694 4503 orationes

2075 4531 2435 4602 perfunctorie
2462 4534 2766 4599 cmiseritis,
2790 4535 2990 4604 egressi
3017 4534 3230 4602 deinde,
3263 4536 3457 4606 putatis
3490 4537 3551 4592 id
3587 4554 3693 4592 vo-

2074 4621 2159 4677 bis
2187 4621 2256 4677 ad
2284 4623 2508 4678 salutem
2550 4636 2672 4678 esse
2712 4624 2859 4678 satis.
2900 4624 3014 4680 Non
3059 4626 3282 4681 audistis
3321 4625 3690 4697 prophetam,

2075 4714 2183 4768 imo
2213 4713 2380 4769 Deum
2409 4729 2503 4784 per
2530 4715 2843 4787 prOphetam
2871 4717 3136 4774 dicentem
3164 4736 3179 4773 :
3209 4716 3445 4790 Populus
3470 4721 3569 4775 hic
3599 4723 3693 4776 la-

2074 4804 2169 4859 biis
2191 4822 2270 4860 me
2288 4804 2502 4861 honorat
2525 4822 2544 4860 :
2564 4822 2650 4861 cor
2669 4818 2834 4861 autem
2855 4825 3027 4863 eorum
3046 4810 3194 4881 longe
3216 4819 3290 4864 est
3318 4827 3351 4863 a
3375 4827 3454 4865 me
3488 4810 3511 4881 (
3537 4811 3690 4867 lsai.

2073 4896 2164 4953 29.
2197 4898 2312 4965 15).
2337 4897 2416 4953 Ne
2444 4898 2601 4968 igitur
2629 4897 2756 4953 illud
2783 4900 2943 4954 etiam
2966 4900 3122 4955 nobis
3146 4900 3371 4969 accidat,
3393 4901 3520 4958 dele
3552 4904 3698 4961 lite-

2074 5003 2180 5055 ras,
2209 4991 2321 5045 sive
2352 4989 2529 5059 potius
2557 4989 2918 5059 characteres,
2949 5007 3084 5062 quos
3110 4992 3354 5048 diabolus
3383 4995 3691 5065 impressit

2072 5082 2126 5137 in
2152 5082 2328 5137 anima
2361 5091 2467 5149 tua,
2487 5091 2541 5138 et
2559 5082 2691 5138 affer
2708 5083 2836 5138 mihi
2858 5100 2951 5140 cor
2970 5087 3317 5143 smcularibus
3343 5089 3696 5148 tumultibus

2071 5187 2293 5227 vacuum
2316 5213 2332 5239 ,
2364 5183 2421 5227 ut
2447 5188 2543 5243 pro
2573 5173 2741 5229 lubito
2768 5191 2886 5246 quae
2911 5176 3042 5231 mihi
3072 5178 3315 5247 placeant
3346 5178 3691 5238 inscribam.

2070 5263 2222 5319 Nunc
2251 5269 2447 5334 quippe
2472 5263 2603 5318 nihil
2629 5264 2700 5320 ibi
2725 5265 2867 5321 aliud
2892 5268 3108 5337 agnosci
3138 5279 3349 5338 potest,
3379 5269 3481 5324 nisi
3523 5272 3698 5328 illius

2070 5354 2258 5418 literre,
2279 5354 2757 5424 rapinae-videlicet,
2774 5358 3015 5423 avaritia,
3035 5358 3251 5425 invidia,
3272 5359 3426 5415 livor.
3452 5358 3696 5419 Idcirco

2068 5461 2189 5502 cum
2214 5446 2418 5501 tabulas
2434 5456 2639 5505 vestras
2657 5448 2880 5519 accipio,
2897 5465 2964 5505 ne
2980 5448 3157 5520 legere
3176 5450 3388 5521 quidem
3412 5465 3692 5521 possum.

2068 5536 2251 5607 Neque
2277 5538 2417 5592 enim
2449 5537 2568 5594 illas
2593 5538 2663 5594 ibi
2691 5539 2905 5595 invenio
2941 5540 3122 5597 literas
3141 5583 3156 5607 ,
3185 5556 3318 5613 quas
3344 5556 3440 5597 nos
3463 5541 3696 5603 diebus

2069 5631 2350 5687 dominicis
2380 5631 2735 5691 inscribentes
2764 5633 2835 5691 ibi
2862 5633 3245 5707 relinquimus;
3273 5636 3367 5693 scd
3396 5635 3539 5693 alias
3578 5654 3701 5709 pro
