3872 6282
217 294 304 350 139
1313 289 1378 345 IN
1418 285 1838 345 MATTll/EL'M
1876 285 2113 346 HOHIL.
2154 290 2245 348 XI.

214 412 328 481 βίον.
361 410 403 444 ³⁸
427 413 629 484 Μηδεὶς
650 413 832 468 τοίνυν
866 413 1100 484 γινέσθω
1129 411 1354 484 ἄχυρον,
1389 411 1580 482 μηδεὶς
1608 409 1758 481 εὑρί-

212 512 377 559 πιστος
416 494 575 559 ἔστω,
618 499 757 568 μηδέ
801 502 920 562 ταῖς
967 499 1229 567 πονηραῖς
1268 495 1586 566 ἐπιθυμίαις
1617 511 1756 565 προ-

211 577 407 642 κείσθω,
434 581 707 652 πανταχοῦ
741 581 940 653 ῥᾳδίως
981 580 1073 634 ὑπ’
1107 577 1290 633 αὐτῶν
1322 576 1754 650 ἀναρριπιζόμε-

210 681 299 725 νος.
334 664 424 716 ‘Av
460 665 559 734 μὲν
589 666 698 736 γὰρ
739 667 929 739 μείνῃς
961 668 1140 729 σῖτος,
1181 663 1285 718 κάν
1321 661 1627 732 πειρασμὸς
1660 663 1759 715 ἐπ-

210 745 396 816 ενεχθῇ,
414 746 565 799 οὐδὲν
587 747 748 820 πείσῃ
771 749 942 802 δεινόν
963 767 974 778 ·
997 746 1218 819 καὶγὰρ
1242 745 1386 800 κατὰ
1405 744 1505 814 τὴν
1523 745 1634 800 ἀλω
1660 746 1757 814 τῆς

209 829 395 899 ἀμάξης
419 831 466 882 οἰ
497 833 682 902 τροχοὶ
714 833 764 885 οἱ
795 831 1231 904 πριστηροειδεῖς
1260 831 1354 884 τὸν
1377 833 1521 883 σῖτον
1554 829 1615 882 ού
1637 829 1756 881 δια-

209 913 472 981 τέμνουσιν
494 930 506 943 ·
532 914 596 968 ἂν
617 915 675 968 δὲ
706 917 786 979 είς
809 915 1013 990 άχύρου
1042 914 1360 986 μεταπέσῃς
1377 915 1417 945 ³⁸
1446 912 1754 978 ἀσθένειαν,

209 997 286 1050 καὶ
313 996 538 1050 ἐνταῦθα
584 998 865 1070 ἀνήκεστα
910 998 1075 1071 πείσῃ
1116 996 1450 1068 κοπτόμενος
1486 995 1591 1049 ὑπὸ
1620 995 1758 1050 πάν-

207 1097 312 1141 των,
330 1080 418 1131 καὶ
439 1082 557 1133 ἐκεῖ
573 1081 672 1152 τὴν
692 1081 960 1136 ἀθάνατον
983 1081 1271 1154 ὐποστήσῃ
1293 1079 1532 1134 κόλασιν.
1558 1080 1623 1133 Οἱ
1648 1078 1757 1150 γὰρ

206 1161 410 1216 τοιοῦτοι
442 1164 644 1228 πάντες
671 1166 768 1218 καὶ
801 1165 910 1237 πρὸ
940 1165 1040 1235 τῆς
1063 1166 1182 1219 ἐκεῖ
1197 1165 1430 1236 καμίνου
1451 1165 1628 1236 τροφὴ
1643 1166 1756 1226 τοῖς

204 1246 390 1314 ἀλόγοις
424 1247 664 1316 γίνονται
693 1249 926 1302 ἐνταῦθα
959 1250 1212 1311 πάθεσιν,
1240 1248 1429 1320 ὥσπερ
1461 1249 1523 1302 τὸ
1555 1250 1757 1318 ἄχυρον

201 1332 295 1394 τοὶς
317 1330 523 1399 ἀλόγοις
545 1332 733 1397 ζώοις·
766 1335 862 1388 καὶ
886 1335 1002 1388 ἐκεῖ
1033 1334 1195 1388 πάλιν
1221 1332 1320 1404 ὕλη
1351 1334 1444 1387 καὶ
1475 1332 1650 1404 τροφὴ
1679 1332 1757 1404 τῷ

203 1414 330 1484 πυρί.
361 1415 430 1468 Τὸ
571 1411 666 1469 οῦν
688 1418 863 1469 εἰπεῖν
893 1416 955 1480 ἐξ
974 1416 1212 1480 εὐθείας,
1241 1416 1324 1469 ὅτι
1347 1415 1519 1479 Αὐτὸς
1545 1415 1756 1470 δικάσει

201 1498 294 1558 τοῖς
319 1498 642 1568 γινομένοις,
668 1499 767 1568 οὐχ
797 1498 968 1562 οὕτως
998 1498 1173 1552 ἐποίει
1211 1497 1618 1568 εύπαράδεκτον
1663 1497 1756 1551 τὸν

201 1577 358 1647 λόγον·
386 1581 444 1634 τὸ
468 1581 527 1635 δὲ
554 1581 818 1651 ἀναμίξαι
841 1583 939 1652 τὴν
974 1581 1308 1653 παραϐολὴν,
1334 1581 1428 1634 καὶ
1448 1579 1536 1634 διὰ
1553 1579 1757 1650 ταύτης

201 1665 584 1719 κατασκευάσαι
612 1665 673 1718 τὸ
693 1667 824 1726 πᾶν,
855 1664 1053 1736 μᾶλλον
1078 1663 1285 1726 ἔπειθε,
1305 1666 1400 1718 καὶ
1421 1663 1559 1735 μετὰ
1579 1663 1758 1716 πλείο-

199 1764 272 1809 νος
313 1747 666 1818 παραμυθίας
718 1747 1002 1816 ἐφείλκετο
1055 1747 1144 1801 τὸν
1186 1748 1483 1819 ἀκροατήν.
1529 1747 1619 1800 Διὸ
1662 1746 1758 1800 καὶ

198 1830 255 1882 τὰ
273 1830 479 1883 πλείονα
513 1829 690 1894 οὕτως
714 1831 897 1893 αὐτοῖς
917 1832 1078 1894 αὐτὸς
1105 1834 1150 1862 ³³
1177 1829 1506 1900 διαλέγεται,
1551 1829 1753 1894 ἅλωνα,

199 1913 277 1966 καὶ
304 1913 527 1984 ἀμητὺν,
563 1914 663 1968 καὶ
693 1913 1016 1985 ἀμπελῶνα,
1051 1914 1146 1968 καὶ
1161 1913 1342 1984 ληνὸν,
1366 1915 1460 1967 καὶ
1489 1914 1753 1986 ἄρουραν,

200 2001 277 2052 καὶ
303 1999 560 2069 σαγήνην.
586 1999 682 2052 καὶ
712 1997 868 2071 [157]
906 1999 1113 2064 ἀλείαν,
1133 2000 1227 2053 καὶ
1251 1998 1430 2052 πάντα
1455 1999 1526 2052 τὰ
1548 1997 1753 2070 συνήθη

201 2083 278 2131 καὶ
305 2082 356 2133 ἐν
383 2075 462 2144 οἷς
489 2082 845 2153 ἐστρέφοντο,
867 2085 982 2145 τοῖς
1003 2081 1183 2150 λόγοις
1211 2081 1404 2152 μιγνὺς
1421 2083 1533 2144 τοῖς
1562 2081 1751 2136 αὑτοῦ.

202 2167 352 2236 Ὅπερ
381 2162 472 2221 οῦν
507 2169 608 2221 καὶ
646 2168 675 2219 6
715 2166 1029 2236 Βαπτιστὴς
1066 2165 1302 2219 ἐνταῦθα
1332 2166 1626 2238 πεποίηκε,
1661 2167 1756 2219 καὶ

197 2250 442 2315 ἀπόδειξιν
481 2250 754 2322 μεγίστην
788 2251 1094 2323 παρέσχετο
1133 2251 1239 2303 τῶν
1282 2250 1612 2322 εἰρημένων,
1654 2251 1754 2322 τὴν

195 2331 270 2384 τοῦ
293 2332 604 2404 [Ινεύματος
632 2333 799 2388 δόσιν.
846 2334 906 2387 Ὀ
945 2335 1054 2404 γὰρ
1076 2332 1314 2387 τοσαῦτα
1341 2333 1657 2406 δυνάμενος,
1678 2334 1754 2399 ὡς

203 2419 282 2469 καὶ
315 2418 692 2489 ἁμαρτήματα
728 2419 968 2488 ἀφεῖναι,
1017 2419 1112 2471 καὶ
1156 2417 1382 2490 Πνεῦμα
1418 2418 1624 2483 δοῦναι,
1658 2419 1754 2473 καὶ

194 2499 340 2554 ταῦτα
379 2501 558 2571 πολλῷ
613 2501 813 2572 μᾶλλον
863 2501 1174 2572 δυνήσεται,
1215 2502 1402 2573 φησίν.
1452 2497 1607 2565 Εἶδες
1634 2501 1754 2566 πῶς

201 2583 282 2654 ἤδη
308 2585 362 2638 τὸ
388 2587 688 2657 μυστήριον
719 2585 1028 2647 ἀκολούθως
1063 2586 1533 2658 προκατεϐἀλλετο
1563 2587 1608 2617 ³³
1652 2588 1752 2658 τῆς

195 2669 517 2732 ἀναστάσεως
571 2669 668 2722 καὶ
718 2669 820 2738 τῆς
878 2668 1144 2740 κρίσεως;
1196 2669 1307 2722 Καὶ
1353 2669 1496 2732 τίνος
1536 2669 1746 2734 ἕνεκεν,

196 2753 352 2819 φησὶν,
383 2753 480 2806 οὐκ
519 2747 646 2806 εἷπε
681 2752 750 2805 τὰ
783 2752 988 2815 εὐθέως
1017 2751 1250 2821 ἐσόμενα
1282 2752 1413 2823 παρ’
1451 2751 1614 2805 αὐτοῦ
1656 2769 1752 2822 ση-

198 2837 301 2903 psi:
325 2836 647 2907 καὶ·τέρατα
673 2852 688 2901 ;
721 2837 843 2890 Ὀτι
869 2834 1028 2889 τοῦτο
1057 2836 1242 2907 μεῖζον
1266 2837 1517 2890 ἁπάντων
1541 2831 1630 2907 ἦν,
1657 2836 1752 2891 καὶ⁴

193 2917 262 2972 διὰ
280 2919 424 2974 τοῦτο
453 2920 499 2952 ³³
524 2921 709 2974 πάντα
733 2922 917 2973 ἐκεῖνα
948 2921 1178 2988 ἐγίνετο.
1211 2919 1285 2973 Τὸ
1313 2919 1424 2992 γὰρ
1456 2920 1750 2988 κεφάλαιον

195 3000 304 3065 θεὶς,
332 3004 503 3058 πάντα
525 3003 826 3073 περιέλαϐε
849 3021 861 3034 ·
887 3003 1118 3057 Θανάτου
1136 3003 1309 3067 λύσιν,
1335 3004 1750 3075 ἁμαρτημάτων

196 3083 462 3156 ἀναίρεσιν,
484 3089 734 3159 κατάρας
763 3085 1092 3158 ἀφανισμὸν,
1115 3087 1223 3141 τῶν
1243 3088 1472 3158 χρονίων
1500 3088 1750 3160 πολέμων

196 3168 480 3243 ἀπαλλαγὴν
503 3214 518 3237 ,
559 3171 662 3242 τὴν
701 3173 783 3234 είς
817 3171 911 3224 τὸν
937 3169 1269 3242 παράδεισον
1289 3170 1515 3236 εἴσοδον,
1546 3172 1646 3244 τὴν
1669 3173 1751 3236 είς

194 3254 419 3324 οὐρανοὺς
442 3256 633 3310 ἀνοδον
657 3257 723 3322 ³⁵,
743 3255 843 3328 τὴν
877 3256 1017 3328 μετὰ
1041 3254 1290 3324 ἀγγέλων
1315 3255 1613 3321 πολιτείαν,
1644 3255 1746 3328 τὴν

193 3337 282 3391 τῶν
325 3340 626 3410 μελλόντων
671 3339 896 3410 ἀγαθῶν
942 3339 1260 3394 κοινωνίαν’
1299 3339 1394 3392 καὶ
1441 3337 1550 3411 γὰρ
1595 3331 1752 3406 οὗτος

196 3421 416 3491 ᾶῇραϐὼν
467 3425 698 3478 ἐκείνων
747 3423 917 3478 ἐστίν.
967 3422 1151 3476 Είπὼν
1178 3421 1358 3476 τοίνυν
1395 3421 1574 3486 τοῦτο,
1628 3419 1751 3478 εἷπε

199 3504 274 3556 καὶ
294 3505 384 3578 τήν
411 3507 522 3561 τῶν
571 3507 847 3577 σωμάτων
882 3506 1198 3573 ἀνάστασιν,
1243 3506 1336 3559 καὶ
1382 3505 1482 3576 τὴν
1523 3505 1632 3560 τῶν
1663 3507 1752 3560 ἐν-

195 3587 340 3643 ταῦθα
369 3591 614 3662 σημείων
643 3590 929 3658 ἐπίδειξιν,
964 3591 1059 3645 καὶ
1083 3589 1181 3662 τὴν
1202 3589 1300 3660 τῆς
1333 3589 1611 3661 βασιλείας
1635 3606 1752 3644 κοι-

196 3673 376 3738 νωνίαν,
401 3676 495 3728 καὶ
519 3674 592 3728 τά
623 3673 824 3743 ἀγαθὰ,
865 3676 932 3729 Ἀ
968 3674 1280 3744 ὀφθαλμὸς
1313 3677 1424 3728 οὐκ
1459 3669 1602 3740 εἶδε,
1648 3675 1750 3732 καί

198 3751 288 3822 οὖς
314 3761 416 3813 οὐκ
441 3759 702 3828 ἤκουσε,
737 3759 835 3811 καὶ
864 3757 963 3812 ἐπὶ
1002 3757 1259 3827 καρδίαν
1290 3758 1609 3827 ἀνθρώπου
1638 3760 1751 3814 οὐκ

196 3839 367 3910 ἀνέϐη.
396 3844 586 3898 Πάντα
608 3842 719 3914 γάρ
737 3841 911 3896 ταῦτα
940 3841 1008 3896 δι’
1044 3841 1254 3896 ἐκείνου
1281 3841 1376 3895 τοῦ
1411 3841 1753 3914 χαρίσματος

196 3923 304 3991 ἡμῖν
341 3927 670 3999 παρέσχετο.
719 3926 984 3996 Περιττὺν
1031 3926 1214 3980 τοίνυν
1239 3921 1308 3997 ἦν
1347 3926 1476 3999 περὶ
1519 3926 1628 3982 τῶν
1655 3945 1752 3998 ση-

201 4007 338 4074 μείων
373 4013 546 4064 εἱπεῖν
580 4010 694 4063 τῶν
723 4010 929 4074 εὐθέως
959 4009 1369 4081 ἐκϐησομένων,
1403 4010 1499 4064 καὶ
1521 4012 1588 4082 τῇ
1628 4009 1750 4080 ὄψει

199 4093 497 4163 κρινομένων
517 4109 531 4122 ⁸
567 4093 686 4147 ἀλλ’
715 4094 856 4165 ὑπὲρ
881 4093 1104 4147 ἐκείνων
1140 4093 1248 4148 ἔδει
1272 4093 1644 4166 διαλεχθῆναι,
1675 4088 1751 4148 ὧν

197 4173 505 4245 ἀμφέϐαλλον
522 4196 536 4209 ’
561 4171 700 4240 οἷον,
723 4179 806 4232 ὅτι
833 4177 960 4242 Υἱὸς
987 4175 1124 4231 Θεοῦ
1151 4179 1319 4240 ἐστιν,
1350 4177 1432 4231 ὃτι
1467 4177 1750 4249 ὑπερέχων

199 4257 271 4309 τοῦ
315 4259 554 4316 Ἰωάννου
596 4261 969 4333 ἀσυγκρίτως,
1020 4261 1104 4315 ὃτι
1151 4262 1300 4333 αἴρει
1339 4261 1439 4334 τὴν
1472 4263 1750 4335 ἁμαρτίαν

199 4340 274 4395 τοῦ
298 4345 513 4417 κόσμου,
550 4347 638 4400 ὅτι
671 4347 828 4416 δίκην
851 4347 1148 4418 ἀπαιτήσει
1180 4346 1291 4400 τῶν
1316 4348 1746 4418 πεπραγμένων,

200 4424 266 4478 δτι
292 4427 347 4480 ού
387 4429 550 4502 μέχρι
599 4428 694 4482 τοῦ
743 4430 1016 4501 παρόντος
1046 4431 1116 4484 τά
1165 4428 1427 4502 ἡμέτερα,
1473 4430 1587 4484 ἀλλ’
1636 4432 1755 4484 ἐκεῖ

202 4508 279 4579 τήν
295 4511 439 4579 ἀξίαν
461 4515 699 4578 1ἑκαστος
728 4513 1096 4585 ὑποστήσεται
1118 4519 1407 4586 τιμωρίαν.
1440 4512 1625 4570 Ταῦτα
1643 4513 1753 4586 γάρ

201 4591 297 4661 ὕψει
327 4598 678 4668 παραστῆσαι
715 4597 855 4661 τέως
893 4597 993 4653 οὐκ
1017 4592 1105 4668 ἦν.

257 4676 313 4742 ζ’.
333 4680 374 4712 ³⁵
396 4680 563 4738 Ταῦτ’
591 4677 686 4734 οῦν
711 4680 932 4746 εἰδότες,
957 4681 1127 4752 πολλῇ
1151 4682 1216 4751 τῇ
1237 4679 1438 4753 σπουδῇ
1467 4679 1749 4752 χρώμεθα,

201 4757 284 4824 ἕως
310 4756 530 4835 ἀνῶμεν
555 4765 616 4817 ἐν
638 4767 708 4836 τῇ
733 4763 895 4818 ὄιλωνι
915 4779 929 4793 ο
961 4765 1056 4818 καὶ
1085 4764 1193 4836 γὰρ
1216 4763 1426 4829 ἔξεστιν
1447 4764 1682 4819 ἐνταῦθα
1705 4765 1749 4796 ³⁷

202 4836 298 4895 οὖσι
327 4848 413 4901 καὶ
435 4847 494 4913 ἐξ
526 4848 739 4919 ἀχύρου
767 4847 1170 4919 μεταϐαλέσθαι
1192 4847 1237 4880 ³³
1260 4849 1342 4912 είς
1372 4849 1537 4915 σῖτον,
1562 4847 1752 4920 ὥσπερ

203 4921 277 4979 οὖν
305 4933 388 4984 καὶ
413 4935 521 4988 ἀπὸ
561 4935 712 4987 σίτου
745 4932 934 4986 πολλοὶ⁵
955 4933 1246 5002 γεγόνασιν
1280 4932 1504 5004 ἄχυρον.
1536 4931 1628 5005 Μὴ
1648 4933 1753 4986 τοί-

204 5025 278 5062 νυν
300 5013 671 5087 ἀναπέσωμεν,
713 5016 851 5088 μηδέ
887 5017 1076 5088 ἀνέμῳ
1110 5017 1274 5071 παντὶ
1302 5016 1750 5089 περιφερὼμεθα,

207 5096 315 5163 μηδὲ
333 5099 432 5152 τῶν
457 5101 707 5170 ἀδελφῶν
733 5100 1165 5172 ἀποηιζώμεθα
1187 5100 1297 5155 τῶν
1318 5101 1625 5172 ἡμετέρων,
1648 5101 1753 5155 κᾶν

207 5184 362 5250 μικροὶ
388 5184 616 5238 δοκῶσιν
645 5180 788 5238 εἶναι
823 5184 918 5238 καὶ
953 5183 1192 5248 εὐτελεῖς
1219 5201 1233 5215 ο
1271 5185 1394 5238 ἐπεὶ¹
1422 5183 1517 5238 καὶ
1551 5186 1580 5238 6
1608 5188 1753 5249 σῖτος

204 5261 280 5313 τοῦ
311 5266 498 5338 ἀκύρου
525 5271 669 5323 κατὰ
715 5269 817 5340 μὲν
858 5269 918 5322 τὸ
956 5269 1157 5340 μέτρον
1189 5268 1453 5333 ἐλάττων,
1506 5268 1654 5323 κατά
1696 5267 1754 5321 δὲ

205 5342 443 5416 τὴνφύσιν
465 5352 711 5422 βελτίων.
730 5352 824 5424 Μὴ
839 5352 904 5425 δὴ
925 5353 1024 5417 τὰς
1044 5353 1244 5418 ἔξωθεν
1266 5354 1572 5424 φαντασίας
1601 5353 1716 5425 ἴδῃς
1735 5369 1749 5384 ·

207 5427 267 5497 τῷ
300 5435 418 5504 τωρὶ
442 5438 548 5508 γάρ
582 5437 691 5489 είσι
720 5439 1272 5510 παρεσκευασμέναι·
1308 5437 1446 5492 ἀλλὰ
1476 5439 1577 5510 τὴν
1606 5435 1752 5491 κατὰ

3333 293 3440 354 200

1859 406 1994 460 Θεὸν
2015 409 2404 482 ταπεινάτητα,
2428 412 2528 483 τὴν
2545 412 2782 483 στερρὰν
2803 411 3008 483 ταύτην
3019 412 3114 466 καὶ
3131 411 3440 483 ἀδιάλυτον,

1861 490 1952 544 καὶ
1977 491 2257 564 τμηθῆναι
2306 494 2382 565 μὴ
2422 494 2748 567 δυναμένην,
2799 495 2935 567 μηδέ
2977 496 3082 550 ὑπὸ
3128 495 3223 551 τοῦ
3267 501 3442 570 πυρὸς

1860 576 2177 646 καιομένην.
2210 577 2309 631 Διά
2339 576 2450 649 γάρ
2468 579 2690 643 τούτους
2718 579 2812 632 καὶ
2835 579 2914 650 τῷ
2940 579 3130 651 ἀχύρῳ
3165 581 3442 651 μακροθυ-

1862 661 1972 730 μεῖ,
2007 658 2094 712 ἵνα
2125 659 2232 713 ἀπὸ
2276 663 2376 731 τῆς
2423 662 2559 734 πρὸς
2586 663 2784 726 αὐτοὺς
2822 662 3040 732 ὁμιλίας
3085 661 3328 732 βελτίους
3358 665 3443 733 γέ-

1859 759 2076 795 νωνται.
2127 742 2225 796 Διά
2268 743 2427 796 τοῦτο
2458 743 2612 798 οΰπω
2657 743 2858 816 κρίσις,
2909 744 2998 803 ἵνα
3041 748 3198 817 κοινῇ
3240 747 3442 811 πάντες

1861 825 2322 897 στεφαωθῶμεν,
2357 827 2442 880 ἵνα
2473 829 2582 882 ἀπὸ
2624 829 2888 901 πονηρίας
2943 830 3128 884 πολλοὶ
3168 831 3443 902 μεταϐλη-

1860 907 2028 961 θῶσιν
2054 908 2098 940 δ’
2115 910 2194 972 είς
2220 911 2442 982 ἀρετήν.
2470 911 2752 983 Φρίξωμεν
2772 914 2972 978 τοίνυν,
2997 914 3098 984 τῆς
3127 914 3442 986 παραϐολῆς

1858 989 2066 1061 ταύτης
2089 991 2404 1057 ἀκούοντες.
2437 995 2550 1048 Καὶ
2570 995 2680 1066 γὰρ
2713 994 2977 1051 ἀσϐεστόν
3003 998 3152 1051 ἐστιν
3177 999 3356 1052 ἐκεῖνο
3380 997 3444 1052 τὸ

1860 1075 1991 1144 πῦρ.
2030 1075 2141 1129 Καὶ
2170 1075 2310 1139 πῶς,
2355 1077 2540 1148 φησὶν,
2569 1078 2866 1146 ἀσϐεστον;
2913 1081 3025 1152 Οὐχ
3052 1082 3187 1153 ὁρᾷς
3230 1081 3446 1134 τουτονὶ

1860 1157 1950 1210 τὸν
1981 1157 2135 1229 ἥλιον
2158 1160 2447 1230 καιόμενον
2475 1161 2585 1226 ἀεὶ,
2620 1162 2716 1216 καὶ
2742 1163 3013 1233 μηδέποτε
3047 1163 3440 1235 σϐεννύμενον;

1859 1241 1961 1294 οὐκ
1989 1237 2129 1306 εἶδες
2161 1244 2260 1312 τὴν
2295 1243 2457 1315 βάτον
2683 1247 3002 1317 καιομένην,
3033 1247 3130 1304 καὶ
3163 1249 3239 1320 μὴ
3268 1266 3439 1302 κατα-

1859 1324 2196 1398 καιομένην;
2221 1327 2284 1380 Εί
2313 1327 2495 1382 τοίνυν
2525 1330 2622 1382 καὶ
2646 1329 2812 1393 αὐτὸς
2835 1329 3012 1400 βούλει
3037 1331 3318 1402 διαφυγεῖν
3341 1331 3442 1404 τὴν

1860 1408 2058 1476 φλόγα,
2089 1409 2190 1480 τὴν
2225 1410 2600 1484 ἐλεημοσύνην
2630 1413 2677 1445 ⁴⁰
2702 1415 3017 1485 προαπόθου
3040 1416 3114 1480 ’“,
3151 1417 3246 1472 καὶ
3267 1416 3441 1482 οὕτως

1858 1490 1978 1543 οὐδὲ
2009 1495 2205 1564 πεῖραν
2243 1493 2388 1566 λήψῃ
2429 1494 2524 1549 τοῦ
2564 1496 2737 1567 πυρὸς
2779 1498 3008 1552 ἐκείνου.
3049 1499 3147 1553 "Av
3183 1499 3282 1571 μὲν
3331 1498 3442 1570 γὰρ

1859 1573 2095 1628 ἐνταῦθα
2122 1576 2420 1649 πιστεύσῃς
2439 1581 2551 1642 τοῖς
2582 1578 2918 1651 λεγομένοις,
2945 1581 3065 1635 οὐδὲ
3084 1583 3205 1654 ὕψει
3222 1583 3321 1654 τὴν
3343 1583 3441 1637 κά-

1863 1674 2016 1729 μινον
2062 1657 2288 1731 ταύτην,
2338 1659 2591 1715 ἀπελθὼν
2643 1664 2856 1716 ἐκεῖσε·
2906 1665 3002 1720 ἐὰν
3033 1665 3090 1718 δὲ
3127 1666 3440 1737 ἀπιστήσῃς

1860 1740 2136 1813 αύτῇ·νῦν,
2168 1743 2285 1795 ἐκεῖ
2301 1743 2388 1797 διὰ
2404 1744 2503 1815 τῆς
2528 1745 2728 1816 πείρας
2764 1747 2887 1822 εῐσῃ
2912 1748 3114 1814 καλῶς,
3137 1749 3224 1804 ὅτε
3249 1749 3370 1803 ούδέ
3391 1749 3440 1780 ³⁸

1858 1823 2140 1894 διαφυγεῖν
2169 1826 2415 1882 δυνατόν.
2446 1827 2558 1881 Καὶ
2603 1829 2712 1899 γὰρ
2743 1831 3117 1904 ἀπαραίτητος
3149 1833 3182 1904 ἡ
3215 1832 3439 1896 κόλασις

1859 1909 1973 1971 τοῖς
2009 1909 2111 1962 οὐκ
2149 1909 2310 1981 ὀρθὸν
2336 1911 2795 1983 ἐπιδεδειγμένοις
2822 1914 2956 1985 βίον.
2990 1916 3124 1969 Οὑδέ
3145 1917 3256 1989 γάρ
3277 1919 3443 1988 ἀρκεῖ

1856 1991 1919 2043 τὸ
1951 1991 2241 2046 πιστεῦσαι
2270 1994 2450 2065 μόνον·
2485 1995 2608 2048 ἐπεὶ
2637 1997 2733 2050 κα)⁸
2765 1997 3017 2068 δαίμονες
3046 2000 3330 2071 φρίττουσι
3343 2000 3442 2055 τὸν

1857 2075 2013 2139 Θεὸν,
2070 2076 2209 2131 ἀλλά
2241 2078 2335 2132 καὶ
2363 2077 2506 2132 οὕτω
2551 2081 3050 2153 τιμωρηθήσονται.
3099 2084 3192 2138 Διὸ
3236 2085 3438 2157 πολλῆς

1857 2159 1989 2229 ἡμῖν
2015 2160 2115 2231 τῆς
2141 2162 2286 2216 κατά
2307 2162 2398 2215 τὸν
2421 2161 2534 2234 βίον
2564 2163 2880 2235 ἐπιμελείας
2903 2167 3003 2222 δεῖ.
3025 2167 3124 2222 Διά
3141 2167 3250 2240 γὰρ
3277 2169 3440 2224 τοῦτο

1857 2243 1952 2296 καὶ
1982 2244 2218 2299 ἐνταῦθα
2247 2248 2391 2317 ὑμᾶς
2420 2249 2661 2319 συνεχῶς
2679 2251 3005 2321 συνάγομεν,
3023 2253 3122 2323 οὐχ
3143 2253 3230 2306 ἵνα
3257 2252 3439 2306 είσέλ-

1857 2323 1986 2396 θητε
2017 2327 2196 2398 μόνον,
2229 2329 2344 2382 ἀλλ’
2377 2331 2464 2384 ἵνα
2491 2348 2543 2384 τι
2589 2332 2684 2386 καὶ
2730 2333 3223 2406 καρπώσησθειτῆς
3265 2335 3312 2368 ⁸³
3343 2338 3435 2391 ἐν·

1854 2409 2029 2464 ταῦθα
2057 2411 2340 2484 διατριϐῆς
2362 2430 2376 2444 ⁸
2411 2413 2478 2468 ἂν
2507 2413 2564 2466 δὲ
2590 2416 2968 2487 παραγίνησθε
2994 2417 3092 2488 μὲν
3121 2418 3228 2480 ἀεὶ,
3265 2418 3441 2490 μηδὲν

1855 2491 1913 2546 δέ
1951 2493 2206 2550 ἐντεῦθεν
2257 2495 2632 2568 καρπούμενοι
2678 2498 2998 2570 ἀναχωρῆτε
3029 2500 3097 2565 ⁸⁸,
3144 2500 3297 2554 οὐδὲν
3336 2501 3438 2570 τῆς

1855 2575 2091 2629 ἐνταῦθα
2126 2578 2335 2632 εἰσόδου
2371 2580 2466 2633 καὶ
2494 2581 2854 2653 προσεδρείας
2887 2580 3041 2635 ἔσται
3078 2600 3134 2636 τι
3168 2582 3348 2639 πλέον.
3371 2585 3437 2639 Et

1854 2657 1964 2730 γὰρ
1991 2659 2178 2715 παιδία
2213 2661 2350 2733 πρὸς
2379 2662 2734 2728 διδασκάλους
2768 2663 3102 2734 πέμποντες,
3134 2666 3199 2722 ἂν
3239 2666 3436 2738 ίδωμεν

1853 2743 2062 2796 ἐκεῖθεν
2111 2744 2278 2817 μηδὲν
2311 2747 2689 2818 καρπούμενα,
2730 2748 2951 2819 σφοδροὶ
2982 2751 3277 2821 κατήγοροι
3325 2747 3437 2805 τῶν

1852 2825 2190 2882 διδασκάλων
2228 2829 2515 2901 γινόμεθα,
2561 2831 2658 2885 καὶ
2703 2831 2839 2903 πρὸς
2877 2833 3099 2905 ἐτέρους
3138 2834 3280 2889 αὺτά
3309 2836 3438 2907 μεθ-

1857 2909 2086 2982 ίσταμεν
2109 2911 2156 2944 ⁸⁵
2204 2912 2466 2978 πολλάκις
2486 2930 2501 2944 ·
2535 2915 2661 2970 τίνα
2705 2916 2899 2987 ἕξομεν
2931 2917 3247 2987 ἀπολογίαν,
3303 2919 3439 2990 μηδέ

1851 2994 1986 3067 ὅσην
2013 2996 2072 3051 ἐν
2086 3000 2198 3061 τοῖς
2216 2999 2423 3069 γηῖνοις
2451 2998 2682 3066 τούτοις,
2708 2999 2979 3072 τοσαύτην
3004 3003 3070 3073 τῇ
3102 3002 3268 3074 ἀρετῇ
3295 3019 3440 3076 παρ-

1854 3078 2071 3150 έχοντες
2118 3080 2218 3153 τὴν
2263 3082 2522 3153 σπουδὴν,
2568 3083 2706 3138 ἀλλά
2753 3084 2916 3148 κενάς
2957 3085 3044 3140 ἀεὶ
3090 3085 3190 3150 τὰς
3221 3086 3440 3156 δέλτους

1851 3164 2035 3218 οίκαδε
2081 3167 2369 3237 φέροντες;
2419 3167 2612 3222 Καίτοι
2669 3168 2765 3223 καὶ
2813 3169 3032 3234 πλείους
3075 3171 3169 3224 καὶ
3219 3171 3447 3243 μείζους.

1852 3247 2090 3304 ἐνταῦθα
2120 3251 2168 3303 οἱ
2207 3249 2537 3306 διδάσκαλοι.
2571 3251 2682 3306 Καὶ
2708 3252 2816 3324 γάρ
2848 3255 3156 3325 προφήτας,
3190 3256 3285 3310 καὶ
3304 3256 3440 3310 ἀπο-

1853 3331 2093 3396 στόλους,
2120 3332 2216 3386 καὶ
2244 3333 2610 3406 πατριάρχας,
2651 3336 2746 3390 καὶ
2776 3336 3016 3401 δικαίους
3046 3337 3290 3404 ἅπαντας
3315 3338 3438 3394 καθ’

1852 3415 2091 3486 ἑκάστην
2125 3417 2254 3486 ὑμῖν
2285 3417 2331 3448 ⁸⁸
2368 3418 2680 3490 ἐφιστῶμεν
2713 3420 3012 3490 ἐκκλησίαν
3057 3421 3436 3488 διδασκάλους.

1853 3500 1965 3554 Καὶ
1987 3499 2107 3554 ούδέ
2132 3499 2276 3554 οὕτω
2305 3500 2513 3570 γίνεταί
2529 3521 2580 3557 τι
2605 3503 2768 3558 πλέον
2789 3521 2802 3534 ·
2832 3504 2969 3558 ἀλλὰ
2989 3505 3056 3560 ἂν
3082 3506 3175 3559 δύο
3189 3505 3439 3578 ψαλμοὺς

1854 3582 1889 3654 ἦ
1926 3585 2078 3654 τρεῖς
2103 3584 2508 3656 ὑπηχήσαντες,
2542 3585 2758 3652 καὶτὰς
2787 3587 3037 3660 συνήθεις
3061 3587 3227 3660 εὐχάς
3249 3589 3448 3656 ἁπλῶς.

1852 3665 1948 3720 καὶ
1975 3665 2051 3730 ὡς
2072 3666 2230 3738 ἔτυχε
2260 3667 2574 3739 ποιούμενοι
2601 3669 2913 3742 διαλυθῆτε,
2945 3671 3199 3743 νομίζετε
3239 3673 3438 3745 ἀρκεῖν

1851 3749 2012 3804 τοῦτο
2037 3751 2118 3816 είς
2153 3753 2428 3824 σωτηρίαν
2456 3753 2604 3825 ὑμῖν.
2644 3754 2759 3808 Οὐκ
2791 3753 3062 3826 ἠκούσατε
3092 3754 3190 3810 τοῦ
3219 3758 3445 3829 προφήο-

1850 3851 1947 3886 του
1979 3833 2254 3904 λέγοντος,
2297 3835 2498 3906 μᾶλλον
2531 3835 2589 3891 δὲ
2614 3837 2708 3891 τοῦ
2730 3837 2865 3892 Θεοῦ
2891 3838 2981 3892 διά
3005 3839 3098 3894 τοῦ
3133 3843 3437 3913 προφήτου,

1851 3919 1934 3974 ὅτι
1975 3919 2038 3972 '0
2073 3920 2227 3986 λαὸς
2277 3916 2456 3988 οὗτος
2493 3921 2620 3990 τοῖς
2668 3925 2906 3992 χείλεσι
2945 3941 3020 3994 με
3058 3922 3218 3995 τιμᾷ,
3276 3926 3316 3995 ἠ
3368 3925 3440 3981 δὲ

1851 4002 2068 4072 καρδία
2108 4002 2310 4058 αὐτῶν
2351 4004 2552 4074 πόῤῥω
2599 4007 2812 4077 ἀπέχει
2847 4007 2948 4062 ἀπ’
2981 4008 3129 4078 ἐμοῦ
3141 4026 3175 4077 ;.
3198 4011 3294 4064 'lv’
3343 4005 3452 4067 οῦν-

1850 4085 2008 4140 τοῦτο
2044 4087 2119 4160 μὴ
2148 4087 2376 4160 γένηται
2405 4090 2502 4143 καὶ
2533 4089 2618 4158 ἐφ’
2647 4090 2824 4161 ἡμῶν,
2851 4090 3226 4164 ἐξάλειφοντά
3252 4095 3436 4167 γράμ-

1856 4188 2026 4242 ματα,
2079 4171 2281 4242 μᾶλλον
2319 4172 2378 4226 δὲ
2425 4172 2494 4228 τά
2521 4175 2885 4247 χαράγματα,
2923 4179 3087 4251 άπερ
3114 4181 3143 4233 6
3193 4180 3440 4247 διάϐολος

1853 4255 2166 4310 ἐνετύπωσέ
2200 4273 2294 4312 σου
2326 4260 2395 4329 τῇ
2422 4257 2595 4330 ψυχῇ,
2632 4260 2729 4314 καὶ
2758 4261 2891 4333 φέρε
2924 4280 3015 4333 μοι
3041 4264 3271 4335 καρδίαν
3303 4265 3437 4336 βιω-

1852 4341 2021 4394 τικῶν
2057 4339 2492 4414 ἀπηλλαγμένην
2523 4342 2790 4415 θορύϐων,
2851 4345 2937 4400 ἵνα
2984 4347 3129 4417 μετὰ
3175 4348 3360 4414 ἀδείας
3399 4351 3437 4406 ἃ

1855 4423 2118 4494 βούλομαι
2145 4425 2428 4497 ἐγγράφω.
2476 4426 2565 4491 Ὠς
2591 4426 2687 4482 νῦν
2721 4429 2959 4497 γειούδέν
2997 4431 3185 4502 ἕτερόν
3209 4432 3325 4486 ἐστι
3353 4451 3440 4505 γι-

1853 4507 2106 4573 νώσκειν,
2139 4508 2172 4580 ἦ
2214 4509 2284 4562 τὰ
2313 4509 2520 4565 ἐκείνου
2548 4511 2853 4584 γράμματα
2875 4555 2889 4578 ,
2919 4515 3177 4586 ἀρπαγάς
3201 4557 3218 4582 ,
3248 4519 3440 4574 πλεονσ

1852 4591 2031 4658 εξίας,
2075 4591 2291 4661 φθόνον,
2325 4593 2648 4664 βασκανίαν.
2683 4597 2782 4652 Διά
2822 4597 2887 4670 δὴ
2929 4599 3110 4666 τοῦτο,
3159 4601 3288 4655 ὅταν
3341 4604 3441 4668 τάς

1852 4676 2075 4741 δέλτους
2096 4675 2248 4732 λάϐω
2268 4676 2311 4710 ⁸⁷
2337 4677 2437 4742 τὰς
2463 4679 2757 4752 ὑμετέρας,
2789 4682 2912 4736 οὐδὲ
2942 4684 3256 4754 ἀναγνῶναι
3280 4686 3438 4741 δύνα-

1857 4775 1976 4831 μαι.
2026 4759 2101 4814 Οὐ
2147 4760 2258 4830 γὰρ
2312 4761 2554 4832 εὑρίσκω
2596 4763 2666 4818 τά
2711 4764 3040 4837 γράμματα,
3087 4768 3231 4840 άπερ
3273 4771 3438 4839 ἡμεῖς

1855 4841 1998 4897 κατὰ
2017 4842 2299 4915 Κυριακὴν
2315 4845 2692 4917 ἐγγράφοντες
2714 4849 2844 4921 ὑμῖν
2865 4851 3100 4921 ἀφίεμεν
3113 4869 3127 4882 ·
3146 4851 3260 4905 ἀλλ’
3273 4851 3439 4923 ἔτερα

1855 4925 1973 4980 ἀνθ’
2005 4926 2231 4998 ἐτέρων,
2274 4927 2466 5000 ἀσημα
2504 4932 2600 4984 καὶ⁸
2641 4930 3070 5004 διεστραμμένα.
3115 4930 3272 4997 Εἶτα,
3307 4935 3439 4990 ὅταν

1853 5008 2234 5080 ἐξαλείψαντες
2254 5011 2392 5066 αὐτά
2407 5012 2710 5085 γράψωμεν
2746 5015 2813 5068 τὰ
2833 5015 2944 5080 ἀπὸ
2976 5015 3070 5069 τοῦ
3093 5015 3435 5088 Πνεύματος,

1855 5093 2182 5159 ἀπελθόντες
2221 5096 2401 5166 ὑμεῖς,
2447 5098 2544 5152 καὶ
2586 5101 2710 5162 ταῖς
2755 5097 3091 5162 διαϐολικαῖς
3133 5100 3438 5171 ἐνεργείαις

1854 5177 2035 5242 δόντες
2063 5179 2162 5242 τὰς
2196 5179 2422 5252 καρδίας
2453 5180 2629 5252 ὑμῶν,
2657 5180 2932 5252 παρέχετε
2954 5181 3149 5256 ἐκείνῳ
3179 5183 3344 5241 πάλιν
3365 5183 3439 5241 τά

1856 5261 2048 5315 ἐαυτοῦ
2099 5263 2502 5334 ἀντεγγράφειν
2526 5263 2674 5334 ὑμῖν.
2724 5263 2789 5316 Τί
2819 5259 2914 5318 οῦν
2944 5263 3100 5319 ἔσται
3134 5267 3340 5322 τούτων
3374 5267 3438 5323 τὸ

1856 5344 2051 5416 πέρας,
2083 5344 2186 5399 κᾶν
2213 5346 2323 5415 ἐγὼ
2354 5346 2429 5419 μὴ
2451 5345 2608 5412 λέξω,
2639 5347 2699 5400 τὸ
2728 5348 2965 5403 ἑκάστου
3003 5353 3240 5418 συνειδὸς
3271 5348 3434 5409 οἶδεν.

1869 5428 2013 5500 Ἐγὼ
2039 5431 2136 5502 μὲν
2166 5429 2276 5503 γὰρ
2298 5433 2358 5485 ού
2385 5430 2666 5500 παύσομαι
2691 5432 2751 5486 τὸ
2770 5434 3007 5505 ἐμαυτοῦ
3034 5438 3223 5504 ποιῶν,
3249 5439 3343 5493 καὶ
3371 5439 3440 5494 τά

265 5592 301 5624 ³⁸
323 5595 592 5655 ΗΘΙΚΟΝ,
622 5599 762 5671 Περὶ
794 5599 1030 5723 κρίσεως
1071 5601 1136 5655 Α.
1205 5601 1249 5633 ³⁸
1285 5601 1600 5672 καταπέσης
1625 5600 1689 5654 Α.

265 5680 298 5714 ιε
321 5665 408 5722 Ge.
445 5669 488 5701 ³³
509 5670 826 5723 ποοκατεϐά
859 5689 950 5723 ετο
981 5673 1045 5723 Α.
1079 5672 1142 5723 Β.
1164 5671 1210 5704 ⁸⁵
1237 5672 1424 5723 τούτου
1448 5673 1512 5723 Α.
1536 5657 1595 5723 Β.
1621 5672 1664 5703 ³⁸
1691 5671 1752 5723 τὴ

1855 5599 1992 5665 ιὺτός
2014 5615 2126 5656 om.
2155 5599 2220 5654 A.
2264 5599 2325 5655 F.
2349 5600 2510 5665 αὐτὸς
2539 5601 2568 5654 6
2593 5601 2827 5674 Χριστός
2851 5602 2911 5658 Β.
2942 5601 3199 5658 Dominus
3237 5620 3440 5675 quoque

1856 5673 1900 5723 ίς
1930 5671 2192 5723 οὐρανοὺς
2219 5671 2403 5723 ἄνοδον
2437 5688 2546 5723 om.
2575 5673 2638 5723 A.
2675 5673 2736 5723 Β.
2766 5673 2828 5723 F.
2853 5674 2924 5723 ob
2949 5675 3435 5723 hommoleleumn-

210 5660 298 5742 ξριρ
321 5665 411 5742 (ξε,
445 5669 497 5742 ³³ᾼ
509 5660 826 5742 προκατεϐά

890 5689 950 5742 το
981 5657 1045 5725 Ᾰ.
1079 5672 1142 5727 Β.
1164 5671 1210 5704 ⁸⁵
1237 5672 1424 5725 τούτου
1448 5673 1512 5724 Α.
1536 5657 1596 5726 f3:
1621 5672 1664 5703 ³⁸
1691 5671 1752 5742 τὴ

1856 5673 1900 5734 ίς
1930 5657 2192 5742 οῦρανοὺς
2219 5671 2403 5742 ἄνοδον
2437 5657 2546 5726 oni].
2575 5657 2736 5727 Α.’Β.
2766 5657 2828 5728 Ιεί
2852 5657 2924 5729 οἱ)
2948 5657 3435 5730 ιιοιηαιοιειὸιιιίιιι.

212 5731 248 5762 ³⁵
271 5733 439 5815 ln_cip_i}
455 5740 514 5815 τρ
529 5731 718 5815 ﬁmum
740 5744 892 5815 Arn).
916 5741 1070 5815 Sav._
1085 5744 1128 5774 ³⁷
1150 5742 1404 5815 ἐνταῦθα]
1432 5744 1527 5815 καὶ
1548 5731 1752 5815 ἐνταῦθῖ

1855 5731 1944 5815 didi.
1990 5731 2031 5773 ίδ
2045 5743 2135 5796 Sic
2162 5731 2222 5795 Β.
2254 5741 2328 5815 F._
2345 5744 2506 5814 vulgo
2531 5743 2982 5814 μεταϐάλλεσθαι.
3025 5745 3070 5776 ³⁵
3093 5744 3442 5815 μεταϐληθῶ-

216 5808 367 5886 μενᾼ.
393 5809 447 5863 Β.
463 5811 521 5866 C.
553 5808 560 5810 “
593 5815 672 5876 εἰς
693 5813 1017 5886 ἀρετήνοιιι.
1144 5813 1190 5886 Ῡ⁰
1209 5808 1598 5886 ἐλεημοσύνην]
1632 5813 1750 5886 Sic__

1855 5814 2032 5886 nidum
2073 5832 2089 5862 ι
2128 5815 2269 5883 apud
2301 5808 2891 5886 Benfcdncincnlibus
2939 5808 3175 5884 Interim.
3218 5808 3442 5885 ἀνελεηο

216 5876 625 5957 μοσύνηνοιηηοξ
659 5876 764 5957 me]
787 5876 1074 5957 c‘uijEdd.
1148 5885 1188 5915 “
1215 5876 1555 5957 προαπόθου]
1583 5876 1681 5957 Sic

1863 5884 2092 5957 -ἀπόθου
2127 5876 2542 5957 ΙΙίυίΑΡΙἹΒιΘΙξΛ.
2571 5886 2665 5954 qui
2686 5885 2907 5942 ἀπώθου
2933 5876 3264 5957 Ιιαὺοιίῖὐξι
3383 5876 3435 5938 ὖ.

212 5949 275 5996 sic,
299 5952 553 6029 ςριιιίιιιιιιι
585 5953 645 6007 l".
681 5955 776 6029 καὶ
813 5954 1079 6029 οἰδ-,λήψει
1111 5949 1307 6029 πεῖραν
1322 5954 1412 6007 τοῦ
1642 5953 1752 6029 οξ

1863 5953 2042 6029 Edd.‘
2068 5956 2110 5986 ³³
2133 5957 2225 6029 τῆς
2240 5949 2389 6029 1ίάπρ
2418 5955 2516 6029 τῆς
2547 5949 2685 6029 Hild.
2772 5957 2814 6029 ‘f
2839 5957 3171 6027 ἀνα-(ωρεῖτε
3201 5953 3264 6008 D.
3289 5953 3351 6010 F.
3382 5963 3439 6011 et

215 6024 282 6078 Pro
306 6017 356 6073 Β.
375 6020 536 6096 οὐδέν]
552 6025 673 6079 ούδὲ
703 6024 762 6079 Β.
789 6025 849 6080 C.
877 6024 939 6079 Ε.
973 6017 1028 6057 ’³⁸
1057 6017 1395 6095 μεθιστῶμεν
1427 6023 1486 6079 Β.
1519 6025 1581 6082 F.
1624 6025 1686 6098 _“
1723 6026 1751 6077 ὑ

1876 6041 1984 6081 0m.
2012 6025 2073 6084 D.
2116 6017 2377 6102 __""A5.’o'w]
2396 6017 2544 6098 φέρξ»
2564 6027 2633 6086 Α.
