3856 6180
141 273 222 329 got
1252 268 1317 324 IN
1353 261 1759 323 MATTIUEUM
1796 263 2026 322 HOMlL.
2069 266 2184 324 Xll.

134 384 258 449 aliis,
282 383 538 440 informes
564 392 621 440 et
647 383 917 440 distortas.
952 381 1151 436 Deinde
1178 395 1323 444 cum,
1358 379 1461 435 illis
1486 377 1697 442 deletis,

135 480 297 534 literas
339 495 406 535 ex
454 479 657 549 Spiritu
707 479 968 549 profectas
1016 477 1414 546 inscripsimus,
1445 476 1700 530 abeuntes

133 587 233 634 vos.
262 581 317 626 et
352 573 548 627 diaboli
580 572 978 642 operationibus
1001 571 1160 626 corda
1189 581 1363 625 vestra
1410 569 1698 628 tradentes.

132 661 416 718 faurltatem
464 665 563 733 ipsi
605 665 853 734 praebetis
882 674 938 719 ut
968 664 1163 718 nostris
1188 663 1483 718 contrarias
1523 661 1701 716 literas

130 770 325 810 rursum
363 756 642 811 inscrihat.
676 758 775 824 Qui
805 758 1010 811 futurus
1030 757 1101 810 sit
1130 756 1317 810 horum
1347 754 1469 809 finis
1492 755 1700 809 etiamsi

129 861 215 917 ego
241 862 347 900 non
377 848 607 903 dixerim
627 889 642 913 ,
673 848 997 919 singulorum
1028 847 1352 901 conscientia
1390 846 1553 899 novit.
1586 845 1701 914 Ego

128 948 258 993 certe
284 955 575 1009 numquam
598 941 819 996 cessabo
838 956 956 1010 quae
974 942 1076 995 mei
1095 950 1218 994 sunt
1237 939 1396 994 officii
1418 948 1695 1009 praestare,

130 1039 392 1099 rectasque
415 1031 598 1086 literas
627 1032 937 1087 inscribere.
968 1032 1024 1087 Si
1053 1040 1229 1087 autem
1254 1047 1346 1087 vos
1371 1031 1699 1101 diligentiam

130 1129 350 1191 nostram
397 1122 752 1188 labefactetis,
804 1123 959 1178 nobis
1003 1124 1216 1194 quidem
1264 1137 1469 1177 merces
1519 1130 1698 1175 nostra

128 1222 291 1267 manet
313 1214 626 1278 immobilis,
647 1216 799 1270 vobis
820 1224 994 1272 autem
1010 1232 1113 1271 non
1134 1230 1353 1287 parvum
1376 1213 1696 1284 periculum;

128 1322 291 1361 rerum
321 1308 455 1362 nihil
488 1310 609 1364 volo
632 1311 844 1377 gravius
872 1308 1130 1380 proferre.

184 1400 231 1453 8.
262 1398 327 1451 In
365 1400 549 1454 virtute
588 1418 885 1470 progressus
917 1402 1004 1471 qui
1038 1402 1149 1469 fiat.
1182 1399 1368 1455 Contra
1383 1401 1697 1469 juramenta.

135 1489 261 1543 Vana
298 1491 469 1560 gloria
506 1492 821 1546 vitanda.-——
844 1492 949 1547 Sed
987 1507 1082 1546 vos
1120 1491 1344 1547 obsecro
1378 1500 1434 1545 et
1471 1504 1568 1544 oro
1590 1531 1606 1555 ,
1644 1496 1702 1543 ut

126 1582 453 1651 parvulorum
495 1583 681 1637 saltem
722 1583 1048 1654 diligentiam
1087 1584 1187 1637 hac
1223 1584 1273 1636 in
1304 1598 1363 1637 re
1396 1580 1694 1637 imitemini.

124 1672 237 1727 Nam
277 1673 355 1727 illi
402 1674 574 1741 primo
602 1675 819 1744 quidem
847 1675 1118 1729 literarum
1158 1675 1381 1728 formam
1420 1673 1695 1735 ediscunt;

126 1764 301 1817 deinde
348 1763 609 1819 distortas
656 1764 777 1819 illas
822 1780 1113 1836 agnoscere
1145 1764 1392 1829 student;
1423 1772 1606 1833 postea
1630 1763 1699 1819 ad

124 1858 392 1912 lectionem
423 1859 562 1912 viam
594 1868 801 1928 parant.
846 1859 933 1915 Sic
959 1869 1011 1915 et
1041 1875 1137 1914 nos
1168 1860 1426 1915 faciamus
1459 1879 1471 1914 :
1504 1861 1699 1915 virtute

123 1952 167 2003 in
191 1959 372 2021 partes
401 1948 594 2016 divisa,
628 1952 799 2020 primo
825 1952 1092 2006 discamus
1118 1966 1224 2005 non
1248 1950 1453 2020 jurare,
1483 1966 1580 2007 nec
1607 1966 1700 2020 pe-

121 2041 311 2108 ierare,
344 2056 520 2104 neque
550 2041 902 2109 maledicere;
932 2043 1122 2099 deinde
1145 2085 1159 2110 ,
1193 2042 1260 2098 ad
1322 2060 1352 2100 a
1435 2064 1487 2102 m
1555 2062 1693 2102 ver-

117 2148 220 2188 sum
242 2135 539 2203 progressi,
564 2151 673 2189 non
698 2135 936 2191 invidere
958 2137 1096 2203 aliis,
1118 2152 1222 2191 non
1240 2150 1464 2205 corpora
1491 2150 1693 2201 amare,

121 2239 214 2277 non
240 2226 422 2278 ventri
449 2225 749 2296 indulgere,
780 2241 883 2280 non
914 2227 1185 2292 inebriari,
1216 2242 1319 2281 non
1352 2226 1692 2291 inhumanos,

124 2331 213 2368 non
238 2318 501 2371 socordes
529 2334 677 2382 esse;
706 2330 764 2372 ut
783 2319 905 2373 hinc
930 2336 1111 2374 rursus
1128 2319 1192 2375 ad
1210 2320 1500 2388 Spiritualia
1525 2328 1697 2374 trans-

124 2420 313 2473 euntes,
337 2426 560 2479 operam
583 2411 774 2466 demus
797 2413 1177 2481 temperantia},
1193 2413 1395 2467 ventris
1411 2412 1695 2481 neglectui,

125 2503 363 2565 castitati,
392 2502 578 2572 gloria:
599 2505 949 2574 contemptui,
969 2504 1267 2570 modestitr,
1297 2505 1476 2559 cordis
1497 2505 1699 2559 centri.

123 2592 271 2657 noni;
321 2603 375 2646 et
415 2593 534 2647 haec
568 2594 724 2648 simul
751 2594 926 2647 omnia
969 2594 1309 2663 copulemus,
1338 2604 1392 2651 et
1429 2595 1481 2649 in
1521 2596 1698 2651 anima

124 2694 285 2737 nostra
310 2686 693 2741 inscribamus.
716 2687 889 2755 Atque
910 2686 1023 2741 haec
1040 2689 1216 2741 omnia
1238 2688 1403 2754 domi,
1425 2704 1542 2743 cutn
1564 2688 1700 2744 ami-

122 2777 206 2841 cis,
234 2792 355 2831 cum
390 2794 564 2833 uxore
588 2820 602 2842 ,
636 2794 757 2832 cum
805 2779 924 2833 tiliis
963 2794 1329 2837 exerceamus.
1359 2781 1402 2833 A
1433 2780 1698 2849 prioribus

124 2879 281 2922 autem
324 2880 382 2924 et
428 2868 760 2923 facilioribus
805 2870 1153 2939 incipiamus;
1206 2870 1435 2939 exempli
1457 2884 1638 2934 causa,
1664 2886 1695 2925 a

121 2960 537 3029 jurameutorum
558 2960 876 3015 abstinentia
894 2978 906 3013 :
928 2960 1027 3015 hoc
1044 2961 1364 3016 elementum
1389 2963 1698 3032 frequenter

123 3052 247 3106 dumi
279 3052 628 3107 meditemur.
660 3050 793 3106 Huic
824 3066 982 3121 porro
1001 3052 1331 3107 meditationi
1361 3052 1521 3107 multa
1551 3051 1696 3107 domi

124 3146 349 3200 alliciunt
378 3163 393 3198 :
422 3161 548 3199 nam
573 3145 799 3200 famulus
820 3144 888 3199 ad
910 3145 1237 3223 iracundiam
1261 3155 1539 3216 provocat,
1564 3160 1699 3201 uxor

125 3241 334 3295 molesta
365 3240 505 3293 iram
525 3238 743 3302 excitat,
778 3238 916 3295 ﬁlius
938 3239 1307 3308 immorigerus
1335 3248 1389 3293 et
1419 3236 1694 3293 inordina-

126 3340 197 3384 tus
222 3329 290 3384 ad
316 3331 499 3385 minas
523 3338 579 3385 et
599 3330 961 3400 jurameutum
995 3330 1233 3387 deducit.
1263 3329 1319 3386 Si
1350 3330 1527 3399 itaque
1551 3330 1697 3384 domi

124 3422 300 3491 sepius
316 3423 391 3477 ab
416 3422 502 3477 his
526 3423 843 3488 concitatus,
873 3423 1145 3478 abstineas
1172 3431 1345 3477 tamen
1372 3437 1401 3477 a
1426 3422 1699 3491 juramen~

127 3516 200 3579 tis,
222 3514 379 3570 facile
401 3515 603 3585 poteris
626 3517 789 3571 etiam
819 3516 872 3570 in
899 3515 1015 3570 foro
1045 3516 1274 3571 invictus
1301 3529 1645 3584 perseverare
1678 3532 1692 3568 :

127 3605 219 3659 imo
258 3610 423 3661 etiam
469 3607 521 3661 id
567 3608 950 3676 consequeris,
991 3616 1049 3661 ut
1092 3606 1292 3662 nemini
1322 3606 1697 3661 contumeliam

127 3696 305 3751 inferas
329 3740 346 3765 ,
392 3712 501 3752 non
536 3699 710 3765 uxori,
744 3714 849 3752 non
879 3698 1101 3765 famulo,
1138 3714 1244 3752 non
1279 3697 1696 3753 domesticorum

126 3790 357 3859 cuipiam.
395 3788 607 3844 Etenim
628 3804 761 3845 uxor
781 3805 924 3863 smpe
943 3790 1103 3845 alium
1120 3788 1428 3874 quempiam
1453 3788 1693 3852 laudans,

127 3889 173 3934 et
205 3895 324 3936 sese
364 3880 617 3936 miseram
659 3881 991 3950 prmdicans,
1018 3882 1188 3936 virum
1220 3880 1486 3947 incendit,
1522 3887 1582 3934 ut
1619 3878 1696 3933 illi

129 3972 413 4027 maledicat.
443 3972 524 4026 Tu
553 3987 681 4028 vero
708 3988 778 4029 ne
806 3973 974 4028 iratus
1003 3988 1068 4028 eo
1100 3972 1358 4043 procedas
1379 4014 1396 4038 ,
1425 3980 1483 4026 ut
1510 3969 1695 4026 lauda-

128 4074 225 4118 tum
254 4065 528 4135 vituperes
549 4104 567 4131 ,
607 4064 703 4119 sed
728 4065 906 4121 omnia
935 4065 1144 4121 fortiter
1170 4066 1343 4131 feras;
1373 4064 1585 4120 etiamsi
1613 4063 1694 4118 fa-

128 4157 282 4211 mulos
303 4167 424 4210 tuos
443 4155 627 4211 videas
654 4156 896 4212 laudibus
918 4156 1076 4212 heros
1099 4156 1234 4212 alios
1254 4155 1467 4221 efferre,
1491 4171 1560 4210 ne
1586 4162 1697 4209 tur-

130 4249 276 4315 beris,
299 4249 396 4304 sed
423 4249 647 4304 viriliter
670 4251 896 4305 sustine.
925 4250 1008 4305 Sit
1037 4249 1129 4305 tibi
1159 4249 1351 4305 domus
1378 4250 1622 4319 palmstra
1644 4255 1699 4303 et

129 4342 419 4396 certaminis
448 4341 620 4408 locus,
645 4350 703 4397 ut
724 4342 796 4396 ibi
827 4342 992 4413 probe
1014 4343 1354 4409 exercitatus,
1380 4356 1500 4397 cum
1528 4339 1696 4401 multa

140 4512 361 4526 «ἡε-

3284 276 3390 332 202

1807 379 1995 447 peritia
2034 381 2086 435 in
2127 382 2244 437 foro
2270 396 2390 437 cum
2416 384 2539 439 aliis
2567 388 2950 457 congrediaris.
2983 390 3215 464 ldipsum
3246 397 3390 453 circa

1808 490 1995 530 vanam
2018 476 2239 546 gloriam
2262 478 2439 532 facito.
2472 478 2527 533 Si
2554 481 2701 535 enim
2724 482 2990 539 studueris
3011 501 3041 540 a
3064 502 3196 542 vana
3220 490 3389 560 gloria

1807 566 2075 623 abstinere
2099 583 2219 623 cum
2252 585 2416 625 uxore
2439 578 2493 625 et
2520 570 2701 627 liberis
2719 614 2735 638 ,
2764 582 2820 628 et
2846 573 3056 630 famulis
3078 617 3093 641 ,
3122 578 3262 647 apud
3289 596 3390 636 ne-

1807 660 2003 715 minem
2030 660 2190 715 alium
2214 662 2303 715 tali
2330 663 2520 717 morbo
2544 662 2699 719 facile
2729 665 2979 734 capieris.
3014 667 3219 739 Ubique
3247 671 3390 727 enim

1807 752 1893 807 hic
1933 753 2148 809 morbus
2186 755 2362 823 gravis
2403 757 2810 829 tyrannicusque
2848 768 2962 827 est,
2999 763 3231 818 maxime
3264 780 3392 819 vero

1805 859 1927 897 cum
1981 844 2131 899 adest
2186 861 2336 899 uxor.
2394 845 2452 902 Si
2501 862 2629 917 ergo
2680 855 2808 902 tunc
2854 849 3003 904 illum
3048 866 3390 922 superemus,

1806 938 1953 992 nullo
1991 939 2202 1009 negotio
2235 940 2360 995 alibi
2406 940 2820 1011 proﬂigabimus.
2860 941 3014 999 Circa
3055 944 3190 999 alios
3225 947 3386 1001 etiam

1806 1031 1968 1086 animi
2007 1033 2221 1088 morbos
2256 1033 2484 1104 idipsum
2527 1044 2841 1105 praestemus
2865 1078 2880 1104 ,
2912 1036 3164 1108 domique
3194 1038 3388 1094 adver-

1807 1137 1897 1177 sus
1928 1123 2046 1178 illos
2079 1139 2175 1178 nos
2200 1140 2578 1193 exerceamus,
2619 1127 2855 1197 quotidie
2899 1129 3197 1197 palzestram
3242 1130 3387 1186 illam

1805 1212 2079 1268 adeuntes.
2137 1213 2306 1283 thue
2335 1216 2539 1271 facilior
2565 1218 2874 1274 exercitatio
2903 1219 2993 1274 illa
3018 1219 3245 1286 evadat,
3287 1237 3386 1276 no-

1806 1303 1888 1358 bis
1938 1304 2067 1375 ipsis
2109 1307 2510 1376 castigationem
2553 1310 2885 1380 assignemus
2909 1349 2924 1377 ,
2962 1311 3007 1365 si
3048 1311 3102 1365 in
3137 1313 3389 1383 quopiam

1804 1398 2132 1467 propositum
2165 1400 2641 1470 transgrediamur.
2687 1403 2769 1457 Sit
2798 1418 2957 1473 porro
2986 1406 3263 1476 castigatio
3293 1407 3383 1460 illa

1804 1503 1912 1542 non
1933 1488 2207 1555 damnum,
2240 1491 2333 1546 sed
2360 1494 2660 1548 mercedem
2688 1504 2743 1550 et
2772 1495 2979 1550 lucrum
3006 1497 3229 1552 multum
3259 1498 3391 1554 atre-

1804 1596 1963 1648 rens;
1993 1585 2223 1652 exempli
2254 1599 2438 1652 causa,
2462 1586 2503 1639 si
2527 1586 2745 1655 jejuniis
2770 1589 2977 1657 asperis
3006 1604 3103 1644 nos
3132 1590 3276 1660 ipsos
3296 1590 3391 1645 da-

1805 1686 2069 1739 mnemus,
2116 1675 2161 1727 si
2211 1673 2353 1728 humi
2401 1676 2801 1743 decumbamus,
2842 1680 2927 1734 vel
2974 1681 3387 1736 macerationem

1804 1765 1959 1819 aliam
1987 1765 2352 1820 adhibeamus.
2381 1766 2469 1822 Sic
2496 1768 2638 1822 enim
2663 1769 2827 1823 multa
2854 1769 3086 1839 undique
3112 1770 3265 1827 nobis
3294 1786 3385 1826 ac-

1804 1855 1997 1910 cedent
2029 1857 2191 1920 lucra,
2215 1866 2269 1910 et
2294 1856 2371 1910 sic
2401 1858 2453 1911 in
2481 1859 2674 1914 virtute
2697 1860 2855 1913 vitam
2885 1861 3119 1916 suaviter
3146 1876 3385 1932 agemus,

1806 1952 1977 2004 futura
2005 1964 2396 2019 consequemur
2424 1951 2580 2013 bona,
2611 1967 2673 2006 ac
2702 1962 2957 2022 perpetuo
2983 1953 3077 2009 Dei
3101 1954 3257 2009 amici
3282 1956 3386 2010 eri«

1805 2057 1943 2097 mus.
1989 2040 2091 2097 Sed
2120 2058 2186 2096 ne
2213 2042 2397 2096 eadem
2426 2043 2547 2111 ipsa
2570 2059 2754 2099 rursus
2788 2045 3068 2112 eveniant,
3103 2061 3208 2101 neu
3237 2057 3386 2117 post-

1804 2147 1960 2202 quam
1983 2146 2043 2187 ea
2069 2149 2188 2202 qua:
2216 2132 2300 2186 hic
2323 2133 2460 2187 dicta
2486 2143 2611 2188 sunt
2638 2134 2883 2189 admirati
2912 2134 3135 2204 fueritis,
3161 2139 3386 2207 egressi,

1804 2223 2134 2293 negligenter
2158 2224 2549 2293 oscitanter-que
2573 2265 2588 2289 ,
2624 2225 2831 2295 abjecta
2866 2226 3059 2282 mentis
3084 2237 3279 2284 vestra:
3306 2238 3387 2282 ta-

1802 2314 1926 2370 bula
1948 2356 1962 2379 ,
1998 2314 2112 2369 hace
2141 2314 2349 2369 delendi
2387 2330 2573 2369 ansam
2609 2316 2821 2372 diabolo
2862 2317 3176 2386 prmbeatis;
3220 2334 3383 2373 unus-

1804 2403 2030 2476 quisque
2073 2405 2290 2460 dnmum
2329 2421 2639 2476 regressus,
2668 2415 2823 2462 vocet
2864 2423 3119 2475 uxorem,
3157 2410 3274 2464 haec
3315 2410 3388 2464 illi

1805 2498 2101 2564 denuntiet,
2135 2499 2408 2570 ipsamque
2435 2509 2671 2554 assumat
2696 2500 3047 2570 adjutricem;
3075 2502 3142 2557 ab
3165 2502 3265 2557 hac
3288 2518 3383 2557 au-

1805 2599 1910 2645 tem
1935 2590 2021 2645 die
2048 2592 2099 2644 in
2128 2591 2404 2660 pulchram
2435 2592 2577 2645 illam
2600 2592 2904 2661 palaestram
2931 2592 3239 2660 descendat,
3265 2593 3389 2649 oleo

1804 2697 1932 2738 usus
1958 2683 2187 2753 Spiritus
2214 2684 2383 2738 sancti
2415 2684 2633 2739 auxilio.
2665 2685 2774 2740 Etsi
2798 2700 2926 2740 vero
2951 2685 3140 2749 semel,
3172 2693 3263 2739 aut
3284 2686 3385 2750 bis,

1803 2784 1895 2830 aut
1937 2775 2135 2846 pluries
2176 2776 2227 2829 in
2273 2777 2364 2831 tali
2409 2776 2672 2831 exercitio
2708 2777 2980 2843 concidas,
3016 2792 3081 2832 ne
3109 2777 3384 2847 desperes,

1802 2867 1897 2924 sed
1923 2877 2001 2923 sta
2032 2883 2242 2923 rursum
2273 2879 2327 2923 et
2357 2868 2603 2934 decerta;
2638 2884 2735 2924 nec
2760 2870 2904 2939 prius
2932 2856 3162 2924 absistas
3184 2912 3199 2937 ,
3228 2886 3388 2940 quam

1802 2959 2137 3030 splendidam
2162 2968 2348 3015 contra
2377 2960 2647 3014 diabolum
2675 2961 2951 3015 victoriam
2984 2962 3338 3031 reportaveris
3374 2982 3386 3017 :

1801 3062 1858 3108 et
1886 3053 1937 3108 in
1970 3053 2233 3108 tutissimo
2254 3053 2465 3107 virtutis
2495 3052 2745 3107 thesauro
2773 3052 3075 3123 depositum
3105 3052 3386 3108 recondas.

1802 3142 1934 3199 Nam
1961 3144 2007 3199 si
2033 3143 2158 3199 huic
2182 3145 2420 3214 pulchra:
2446 3143 2798 3214 philosophia:
2826 3159 3133 3211 assuescas,
3168 3160 3275 3201 non
3303 3147 3390 3200 ul-

1805 3244 1885 3291 tra
1923 3235 2123 3305 poteris
2151 3252 2216 3291 ex
2244 3235 2471 3306 segnitie
2512 3236 2760 3290 mandata
2794 3236 3045 3305 qumlibet
3071 3238 3387 3308 transgredi,

1803 3326 2190 3382 consuetudine
2232 3337 2435 3381 natura:
2476 3325 2781 3380 firmitatem
2823 3325 3083 3380 imitante.
3119 3325 3388 3393 Quemad-

1803 3419 2021 3475 modum
2065 3419 2206 3473 enim
2251 3419 2408 3473 facile
2449 3428 2532 3473 est
2555 3418 2824 3485 dormire,
2850 3418 3148 3483 comedere,
3181 3418 3387 3487 bibere,

1806 3512 2071 3580 respirare
2091 3551 2106 3576 ,
2138 3511 2208 3564 ita
2239 3510 2395 3565 nobis
2417 3509 2590 3565 facilia
2618 3520 2774 3564 erunt
2811 3523 2874 3563 ea
2907 3524 3025 3578 quas
3049 3508 3116 3562 ad
3138 3508 3389 3564 virtutem

1803 3609 2067 3673 spectant,
2090 3616 2385 3672 puramque
2415 3601 2558 3655 illam
2586 3614 2937 3670 assequemur
2960 3599 3302 3668 voluptatem,
3335 3598 3389 3653 in

1805 3704 1918 3748 tuto
1946 3702 2102 3764 portu
2126 3692 2435 3758 constituti,
2463 3700 2517 3746 et
2542 3698 2795 3762 perpetua
2821 3689 3060 3745 fruentes
3087 3687 3387 3759 tranquilli-

1805 3797 1913 3846 tate
1938 3830 1952 3855 ,
1990 3788 2275 3857 navimque
2301 3786 2506 3856 magnis
2534 3783 2724 3855 opibus
2754 3792 2999 3839 onustam
3028 3782 3081 3837 in
3111 3781 3383 3837 civitatem

1805 3882 1947 3936 illam
1976 3879 2306 3951 appellentes
2345 3879 2398 3932 iu
2443 3878 2532 3932 die
2574 3877 2659 3931 illa
2686 3918 2700 3941 ,
2743 3890 2971 3931 coronas
2996 3888 3389 3944 consequemur

1804 3989 1911 4029 non
1940 3972 2113 4028 ﬂuxas
2145 3990 2157 4025 :
2187 3987 2321 4043 quas
2358 3971 2559 4025 utinam
2610 3967 2765 4022 nobis
2805 3966 3042 4022 nancisci
3071 3964 3346 4034 contingat
3372 4007 3387 4030 ,

1802 4068 1970 4139 gratia
1997 4075 2051 4121 et
2082 4065 2405 4136 benignitate
2437 4061 2641 4117 Domini
2680 4061 2845 4117 nostri
2885 4058 3014 4119 Iesu
3050 4056 3272 4121 Christi,
3304 4058 3391 4114 cui

1803 4159 1969 4232 gloria
1998 4168 2055 4216 et
2080 4158 2387 4227 imperium,
2413 4170 2553 4211 nunc
2572 4162 2628 4211 et
2645 4168 2878 4223 seraper,
2903 4159 2967 4208 et.
2986 4151 3039 4206 in
3069 4150 3266 4207 saecula
3290 4164 3391 4205 sa:-

1803 4252 2065 4311 culorum.
2098 4251 2288 4305 Amen.

369 4478 3387 4528 ____________________________________________________...

1508 4629 1851 4698 HOMJLIA
1896 4624 2043 4687 ΧΠ.

136 4831 246 4885 CAP.
274 4833 323 4887 5.
352 4846 404 4884 ν.
434 4832 523 4887 15.
568 4830 711 4886 Tunc
758 4832 889 4887 venit
927 4830 1080 4888 Iesus
1112 4848 1146 4887 a
1192 4829 1408 4887 Galibza
1432 4829 1485 4883 in
1509 4825 1700 4881 Iorda-

328 4938 442 4976 nem
468 4922 536 4976 ad
557 4921 844 4990 Joannem,
872 4932 925 4977 ut
956 4922 1294 4990 baptizaretur
1317 4922 1380 4977 ab
1405 4937 1485 4977 eo.

199 5104 245 5156 l.
282 5102 412 5158 Cum
449 5102 662 5158 famulis
703 5103 980 5169 Dominus,
1012 5118 1133 5159 cum
1174 5104 1281 5160 reis
1319 5102 1489 5160 Judex
1530 5102 1702 5173 bapti-

142 5196 319 5250 zandus
360 5196 525 5251 venit.
567 5194 675 5250 Sed
708 5210 776 5251 ne
826 5195 1055 5251 turberis
1088 5213 1101 5249 :
1132 5210 1257 5251 nam
1305 5196 1357 5250 in
1413 5194 1703 5250 humilibus

146 5282 419 5352 hujusmodi
444 5287 607 5343 rebus
635 5286 754 5355 ejus
795 5285 1056 5341 celsitudo
1102 5286 1334 5341 maxime
1371 5284 1699 5353 resplendet.

145 5376 227 5441 Qui
270 5379 404 5432 enim
450 5378 505 5433 in
535 5377 782 5447 virginali
828 5377 982 5432 vulva
1027 5386 1175 5432 tanto
1219 5388 1459 5447 tempore
1504 5375 1702 5447 gestari

148 5482 309 5533 passus
326 5479 427 5534 est,
459 5478 514 5525 et
542 5468 668 5524 inde
689 5483 810 5523 cum
842 5476 1032 5523 natura
1062 5476 1242 5525 nostra
1275 5467 1508 5537 prodire,
1533 5468 1703 5537 alapis

147 5560 259 5614 caedi
282 5572 331 5615 et
356 5562 593 5633 crucifigi
620 5562 661 5627 ί,
685 5561 856 5616 etalia
873 5562 1074 5632 perpeti
1097 5578 1216 5633 qua:
1239 5576 1425 5632 passus
1450 5570 1551 5625 est,
1575 5560 1699 5631 quid

202 5738 217 5771 ι
240 5736 425 5799 Quidam
446 5748 555 5804 post
570 5751 775 5803 vocem,
792 5740 1030 5811 cruci/igi,
1050 5740 1247 5803 addunt,
1273 5745 1325 5798 et,
1340 5740 1548 5805 sepeliri.

1809 4815 2018 4872 miraris
2038 4814 2081 4867 si
2112 4809 2367 4880 baptizari
2410 4806 2655 4873 dignatus
2684 4803 2774 4866 sit,
2803 4812 2857 4857 et
2884 4816 3005 4856 cum
3027 4800 3145 4856 aliis
3168 4798 3235 4855 ad
3270 4813 3387 4855 ser-

1806 4924 1931 4963 vum
1980 4902 2276 4961 accedere?
2319 4899 2452 4955 Illud
2504 4898 2646 4954 enim
2696 4894 3017 4965 stupendum
3064 4901 3199 4957 erat,
3244 4892 3390 4963 quod

1809 4999 1950 5054 Deus
1974 5011 2095 5051 cum
2124 5002 2286 5059 esset,
2313 4990 2472 5045 vellet
2495 4988 2656 5043 homo
2685 4986 2799 5041 ﬁeri
2830 5003 2842 5038 :
2872 4992 3063 5039 caetera
3091 4997 3219 5038 vero
3233 4982 3389 5037 dein-

1809 5102 1937 5159 ceps
1962 5084 2255 5142 secundum
2298 5091 2497 5137 rectam
2524 5079 2785 5135 rationem
2812 5083 3231 5143 consequuntur.
3265 5072 3394 5129 ldeo

1811 5180 1953 5237 enim
1975 5178 2210 5234 Joannes
2236 5175 2417 5228 statim
2436 5172 2589 5234 dixit,
2618 5184 2677 5225 se
2702 5184 2807 5223 non
2835 5180 2956 5221 esse
2980 5166 3199 5236 dignum
3228 5166 3391 5221 corri-

1813 5276 1953 5348 giam
2002 5268 2350 5327 calceameuti
2390 5267 2506 5336 ejus
2556 5264 2785 5328 solvere,
2835 5269 3137 5330 taeter-aque
3188 5261 3391 5325 omnia,

1816 5381 2009 5437 nempe
2031 5364 2171 5435 quod
2196 5362 2360 5432 judex
2385 5358 2476 5426 sit,
2507 5355 2649 5427 quod
2678 5370 2775 5425 pro
2805 5355 2999 5409 merito
3022 5354 3246 5424 singulis
3271 5354 3396 5410 red-

1809 5458 1917 5524 dat,
1947 5455 2194 5527 quodque
2219 5451 2472 5522 Spiritum
2514 5447 2714 5502 alfatim
2744 5445 2965 5502 daturus
3003 5445 3074 5502 sit
3099 5445 3390 5510 omnibus;

1811 5561 1869 5604 ut
1902 5563 2021 5605 cum
2068 5544 2265 5601 videris
2295 5556 2416 5597 cum
2441 5539 2508 5596 ad
2539 5538 2858 5609 baptismum
2898 5538 3199 5594 venientem
3220 5576 3235 5601 ,
3261 5534 3392 5590 nihil

1812 5642 1918 5696 vile
1947 5637 2255 5708 suspiceris.
2290 5633 2492 5691 Idcirco
2532 5640 2852 5703 praesentem
2894 5631 3038 5685 illum
3065 5628 3278 5684 cohibet
3307 5627 3389 5681 di-

1813 5747 1941 5790 cens
1966 5749 1977 5786 :
2001 5729 2086 5787 14.
2124 5728 2231 5799 Ego
2258 5743 2289 5782 a
2318 5735 2363 5782 te
2385 5723 2536 5785 debeo
2575 5722 2842 5793 baptizari,
2874 5729 2919 5777 et
2946 5728 2999 5775 tu
3024 5720 3160 5776 venis
3185 5718 3253 5773 ad
3276 5733 3385 5773 me.
