3856 6180
446 264 552 321 203

445 376 580 444 Quia
621 375 763 432 enim
808 373 1106 444 baptismus
1151 374 1482 445 poenitentia
1512 381 1650 438 erat,
1690 381 1746 427 et
1781 372 1835 427 in
1875 384 2033 427 scen-

451 470 710 527 sationem
756 478 1095 539 peccatorum
1145 465 1431 522 inducebat
1475 482 1489 519 :
1540 480 1609 520 ne
1663 463 1783 534 quis
1826 471 2036 534 putaret

452 564 625 632 ipsum
653 562 844 618 eodem
863 561 1044 617 animo
1068 560 1135 617 ad
1156 559 1448 617 Jordanem
1489 559 1690 624 venire,
1725 556 1862 611 hanc
1885 555 2035 626 cogi-

452 656 708 711 tationem
735 654 976 723 eorrigit,
999 653 1127 709 dum
1164 668 1364 723 agnum
1408 659 1583 715 vocat,
1614 658 1667 705 et
1695 658 2039 719 peccatorum

450 762 548 817 per
572 746 760 801 orbem
808 745 1047 801 omnium
1091 742 1506 813 redemptorem.
1537 740 1637 809 Qui
1686 739 1831 796 enim
1875 740 2035 796 totius

452 840 672 896 humani
698 840 913 910 generis
948 847 1168 908 peccata
1191 836 1377 892 tollere
1417 843 1628 905 potest,
1660 833 1831 889 multo
1867 834 2046 903 magis

451 933 569 1002 ipse
609 930 970 1000 impeccabilis
1005 938 1139 985 erat.
1171 928 1402 998 Ideoque
1431 941 1536 981 non
1564 926 1696 981 dixit
1725 944 1740 981 :
1768 925 1907 981 Ecce
1935 924 2038 978 im-

453 1024 772 1094 peccabilis;
802 1022 899 1078 sed
938 1022 1078 1092 quod
1128 1021 1298 1075 multo
1346 1018 1519 1090 majus
1573 1027 1708 1083 erat,
1762 1018 1864 1085 Qui
1905 1016 2040 1071 tollit

448 1126 655 1184 peccata
683 1114 859 1168 mundi
883 1113 1062 1185 (Joan.
1098 1114 1149 1167 1.
1183 1111 1297 1182 29),
1329 1122 1390 1166 ut
1416 1125 1537 1165 cum
1562 1111 1662 1165 hoc
1686 1118 1740 1163 et
1770 1108 1899 1164 illud
1920 1123 2037 1165 om-

448 1206 576 1259 nino
598 1218 798 1262 certum
821 1205 1038 1269 habeas,
1068 1203 1355 1274 Videasque
1382 1200 1530 1256 illum
1558 1201 1660 1255 alia
1678 1199 1922 1271 quaedam
1943 1199 2042 1255 ad-

448 1300 840 1354 ministrantem
883 1296 949 1352 ad
981 1295 1300 1366 baptismum
1347 1293 1547 1348 venire.
1578 1293 1781 1348 ldcirco
1801 1293 2036 1347 venienti

450 1395 525 1447 illi
549 1393 758 1448 dicebat
790 1409 804 1445 :
839 1390 946 1461 Ego
977 1408 1008 1443 a
1049 1400 1097 1445 te
1140 1389 1290 1444 debeo
1319 1389 1585 1458 baptizari,
1627 1399 1674 1442 et
1703 1398 1757 1442 tu
1793 1389 1937 1443 senis
1967 1388 2042 1441 ad

450 1501 530 1538 me
550 1485 576 1539 1’
602 1484 784 1553 Neque
813 1483 967 1548 dixit,
1015 1483 1083 1537 Et
1112 1491 1165 1537 tu
1196 1482 1484 1552 baptizaris
1520 1497 1551 1534 a
1589 1497 1676 1536 me
1710 1497 1723 1532 :
1750 1497 1871 1535 nam
1902 1481 2035 1537 illud

447 1577 639 1631 metuit
682 1576 861 1631 dicere
895 1575 1027 1629 :sed
1072 1574 1242 1643 quid?
1270 1574 1337 1628 Et
1361 1584 1414 1627 tu
1443 1575 1581 1629 venis
1628 1575 1697 1627 ad
1748 1575 1871 1628 me?
1898 1573 2035 1641 Quid

452 1668 614 1735 igitur
641 1666 923 1721 Christus?
964 1666 1116 1733 Quod
1144 1681 1266 1735 erga
1298 1665 1517 1720 Petrum
1566 1674 1747 1734 postea
1768 1707 1787 1731 ,
1827 1667 1877 1721 id
1912 1677 2038 1723 tunc

450 1758 610 1811 etiam
644 1755 786 1810 fecit.
817 1754 950 1809 Nam
987 1764 1043 1809 et
1084 1756 1198 1824 ipse
1246 1754 1526 1810 cohibebat
1558 1755 1729 1822 illum,
1781 1773 1849 1811 ne
1875 1757 2038 1825 pedes

450 1862 577 1901 suos
619 1847 852 1910 lavaret;
882 1846 975 1901 sed
1023 1861 1144 1901 cum
1175 1846 1408 1901 audisset
1441 1864 1453 1897 :
1487 1845 1636 1913 Quod
1674 1863 1765 1918 ego
1809 1850 1943 1918 facio
1984 1859 2038 1903 tu

452 1939 633 2003 nescis,
656 1939 779 1992 scies
805 1947 973 1991 autent
994 1947 1165 2006 postea
1186 1936 1364 2010 (Joan.
1398 1938 1484 1991 l5.
1505 1938 1593 2008 7);
1614 1948 1668 1993 et
1692 1980 1705 2003 ,
1741 1937 1858 1992 Non
1887 1940 2039 1994 habe-

453 2030 529 2084 bis
556 2040 751 2099 partem
777 2046 970 2084 mecum
996 2028 1014 2103 (
1039 2029 1176 2083 Ibid.
1208 2046 1252 2082 υ.
1284 2028 1358 2102 8)
1390 2046 1403 2083 :
1436 2032 1613 2085 statim
1642 2047 1670 2083 a
1695 2033 2038 2089 contentione

454 2121 677 2187 destitit,
707 2130 762 2177 et
792 2122 841 2175 in
858 2121 1183 2176 contrarium
1207 2130 1441 2175 mutatus
1471 2132 1571 2175 est.
1608 2121 1704 2176 Hic
1732 2137 1944 2192 quoque
1965 2124 2041 2177 si-

453 2214 654 2269 militer
684 2222 741 2268 ut
763 2213 965 2268 audivit
993 2232 1005 2267 :
1041 2213 1125 2269 15-
1158 2214 1284 2268 Sine
1303 2214 1452 2267 modo
1486 2215 1590 2267 :sic
1618 2215 1750 2268 enim
1784 2217 1920 2270 decet
1948 2233 2041 2271 nos

452 2306 666 2372 implere
721 2321 918 2359 omnem
959 2306 1215 2373 justitiam
1275 2321 1295 2359 :
1344 2306 1525 2360 statim
1560 2307 1890 2377 obsequutus
1934 2317 2036 2363 est.

455 2395 639 2465 Neque
664 2396 808 2450 enim
835 2396 1179 2465 pertinaciter
1201 2405 1354 2451 erant
1381 2396 1720 2464 contentiosi,
1771 2397 1865 2451 scd
1893 2412 2040 2454 amo-

454 2501 569 2542 rem
592 2487 825 2543 simulet
856 2487 1213 2543 obedientiam
1228 2488 1574 2555 exhibebant,
1605 2489 1657 2544 in
1685 2492 2040 2562 omnibusque

457 2578 686 2633 Domino
735 2579 1109 2650 obtemperare
1157 2579 1464 2636 studebant.
1519 2581 1811 2637 Considera
1861 2593 2039 2639 autem

454 2669 726 2740 quomodo
757 2669 905 2725 illum
933 2670 1001 2726 ab
1028 2685 1094 2726 eo
1118 2670 1355 2737 inducat,
1379 2687 1408 2724 a
1435 2687 1540 2743 quo
1562 2674 1793 2729 maxime
1820 2675 2042 2744 putabat

455 2778 562 2817 non
587 2778 682 2832 par
709 2778 828 2819 esse
877 2764 948 2818 ita
980 2764 1092 2819 fieri
1123 2784 1137 2819 :
1169 2779 1275 2821 non
1319 2766 1462 2821 enim
1508 2766 1660 2833 dixit,
1702 2766 1790 2824 Sic
1834 2767 2041 2838 justum

456 2864 574 2920 est;
602 2852 718 2922 sed,
743 2854 834 2911 Sic
858 2856 1016 2910 decet.
1048 2855 1183 2924 Quia
1211 2857 1353 2912 enim
1377 2857 1651 2929 indignum
1681 2861 1905 2917 omnino
1921 2876 2043 2918 esse

457 2946 700 3017 putabat,
732 2947 776 3001 si
803 2945 893 3002 ille
920 2962 955 3001 a
974 2962 1133 3003 servo
1158 2948 1535 3018 baptizaretur,
1561 2950 1663 3006 hoc
1689 2954 1921 3009 maxime
1940 2954 2045 3025 ipsi

458 3051 645 3094 contra
672 3041 943 3109 opposuit,
995 3056 1058 3096 ac
1087 3042 1131 3097 si
1161 3042 1386 3098 dixisset
1416 3061 1429 3098 :
1459 3044 1645 3100 Nonne
1672 3046 1723 3100 id
1756 3048 1954 3119 refugis
1987 3058 2043 3105 et

458 3131 679 3186 cohibes
707 3132 855 3201 quasi
884 3131 1193 3187 indecorum
1211 3133 1235 3186 ?
1263 3133 1549 3204 Propterea
1579 3152 1706 3207 ergo
1733 3137 1889 3206 Sine,
1919 3142 2042 3210 quia

458 3223 744 3277 admodum
770 3224 1025 3279 decorum
1046 3234 1153 3280 est.
1180 3225 1361 3296 Neque
1380 3229 1695 3298 simpliciter
1714 3230 1869 3298 dixit,
1893 3233 2041 3301 Sine;

460 3315 554 3370 sed
585 3315 805 3380 addidit,
851 3314 1026 3370 Nunc.
1054 3315 1169 3371 Non
1216 3318 1359 3372 enim
1386 3330 1641 3389 perpetuo
1684 3322 1756 3377 ita
1808 3324 1933 3393 erit,
1965 3326 2047 3380 in-

460 3410 576 3477 quit
603 3426 617 3463 :
642 3409 735 3465 sed
767 3410 819 3463 in
841 3425 908 3464 eo
934 3419 1074 3465 statu
1106 3426 1192 3467 me
1219 3413 1424 3468 videbis
1446 3456 1461 3476 .
1492 3431 1597 3485 quo
1641 3415 1958 3485 desideras;
1990 3429 2047 3476 at

461 3516 604 3557 nunc
632 3502 735 3556 hoc
760 3510 1033 3570 exepecta.
1082 3501 1283 3559 Deinde
1323 3505 1562 3560 ostendit
1586 3509 1859 3577 quomodo
1912 3510 2045 3567 illud

461 3593 671 3651 deceat.
717 3593 999 3661 Quomodo
1049 3595 1207 3664 igitur
1230 3595 1421 3651 decet?
1465 3598 1598 3667 Quia
1652 3601 1824 3672 legem
1878 3613 2044 3660 totam

462 3685 778 3751 implentus;
812 3684 864 3738 id
893 3686 1088 3755 quippe
1103 3689 1419 3756 significavit
1447 3690 1696 3761 dicendo,
1727 3693 1939 3751 Omnem
1952 3698 2048 3769 ju-

461 3777 669 3834 stitiam.
703 3775 916 3831 Justitia
963 3780 1104 3834 enim
1152 3789 1239 3835 est
1290 3782 1663 3839 mandatorum
1715 3785 2043 3845 observatio.

462 3869 594 3935 Quia
618 3868 797 3937 igitur,
828 3869 1019 3940 inquit,
1050 3872 1153 3926 alia
1179 3874 1360 3928 omnia
1390 3875 1639 3931 mandata
1666 3877 2005 3947 implevimus
2027 3921 2043 3947 ,

464 3959 567 4012 hoc
608 3968 784 4015 autem
835 3977 997 4015 unum
1047 3974 1309 4032 superest,
1339 3975 1395 4020 et
1424 3966 1557 4021 illud
1581 3982 1793 4039 quoque
1829 3970 2047 4043 adjutth

464 4060 695 4121 oportet.
729 4054 859 4108 Veni
887 4055 1084 4125 quippe
1128 4057 1337 4111 solvere
1362 4057 1702 4115 maledictum
1722 4101 1739 4127 ,
1772 4077 1835 4116 ex
1869 4072 2047 4119 trans-

462 4146 739 4212 gressione
778 4146 911 4216 legis
943 4148 1271 4217 impositum.
1302 4147 1524 4218 Oportet
1550 4150 1712 4222 igitur
1732 4169 1817 4207 me
1848 4153 2044 4225 ipsum,

463 4252 585 4290 cum
612 4246 773 4291 totam
814 4238 986 4307 legem
1028 4239 1342 4309 implevero,
1389 4249 1444 4294 et
1492 4256 1589 4297 vos
1628 4257 1659 4297 a
1696 4244 2042 4301 damnatione

463 4329 785 4394 liberavero,
809 4329 886 4385 sic
914 4330 1060 4385 illam
1104 4331 1386 4402 abrogare.
1412 4333 1576 4389 Decet
1610 4350 1738 4404 ergo
1764 4351 1851 4390 me
1882 4343 2048 4391 totam

462 4421 687 4491 implere
714 4423 884 4494 legem
913 4441 926 4478 :
957 4425 1077 4493 quia
1105 4423 1261 4481 decet
1282 4426 1440 4482 etiam
1470 4428 1809 4484 maledictum
1840 4428 2049 4485 solvere

462 4524 647 4567 contra
674 4528 775 4568 vos
800 4516 851 4569 in
878 4516 995 4586 lege
1021 4517 1351 4586 inscriptum.
1382 4518 1509 4575 ltleo
1536 4536 1752 4577 carnem
1780 4522 2047 4591 assumpsi

458 4607 509 4653 et
545 4603 755 4659 adveni.
792 4604 932 4659 Tum:
955 4608 1143 4663 dimisit
1167 4625 1300 4663 eum.
1329 4610 1418 4666 16.
1451 4610 1515 4665 Et
1554 4614 1835 4682 baptizatus
1874 4612 2053 4681 Iesus,

459 4696 727 4766 confestim
756 4698 980 4751 ascendit
1009 4700 1073 4754 de
1098 4717 1249 4769 aqua,
1274 4712 1324 4755 et
1363 4720 1475 4758 ecce
1500 4709 1661 4776 aperti
1686 4717 1804 4760 sunt
1824 4709 1870 4762 ei
1896 4710 2006 4763 creti
2029 4726 2048 4763 :

458 4794 504 4839 et
536 4789 659 4843 vidit
682 4788 938 4861 Spiritum
961 4789 1061 4846 Dei
1085 4793 1464 4850 descendentem
1507 4797 1636 4852 sicut
1676 4800 1977 4865 columbam,
2001 4810 2051 4854 et

458 4881 734 4936 seuientem
753 4897 908 4950 super
926 4898 1061 4937 eunt.

530 4972 589 5028 2.
628 4971 860 5029 Christus
906 4990 998 5028 cur
1044 4974 1247 5031 Joatme
1294 4978 1460 5033 minor
1504 4981 1792 5049 putabatur.
1820 4985 2044 5053 —Quia

460 5070 610 5125 enim
632 5070 803 5124 multo
829 5068 1092 5138 majorem
1120 5068 1212 5124 illo
1233 5069 1496 5125 Joannem
1524 5087 1644 5127 esse
1668 5076 1953 5147 putabant,
1982 5094 2053 5136 eo

387 5188 392 5193 -
462 5161 611 5229 quod
642 5161 696 5215 in
728 5162 946 5217 deserto
975 5177 1192 5233 semper
1219 5162 1466 5229 vixisset,
1500 5174 1555 5220 et
1582 5164 1724 5222 ﬁlius
1753 5171 2051 5229 sacerdotis

464 5258 633 5314 esset,
677 5252 880 5322 talique
908 5251 1134 5308 indutus
1160 5254 1509 5321 vestimento,
1551 5266 1714 5326 atque
1748 5274 1940 5317 omnes
1980 5263 2049 5319 ad

464 5341 800 5410 baptismum
830 5352 1073 5411 vocaret,
1101 5360 1277 5414 exque
1307 5346 1476 5401 sterili
1503 5356 1667 5403 natus
1690 5360 1867 5416 esset;
1888 5350 2051 5409 Jesns

466 5448 602 5489 vero
631 5450 696 5489 ex
739 5434 970 5492 obscura
1004 5438 1183 5507 puella
1212 5446 1375 5494 natus
1404 5459 1415 5494 :
1450 5450 1637 5510 partus
1666 5444 1811 5497 enim
1840 5459 1902 5498 ex
1926 5444 2052 5500 Vir-

466 5527 587 5596 gine
628 5527 870 5582 nondum
903 5530 1159 5587 omnibus
1204 5541 1321 5587 erat
1359 5542 1554 5599 notus;
1594 5536 1851 5604 quodque
1899 5537 2047 5595 domi

468 5616 722 5679 nutritus,
747 5634 869 5672 cum
889 5619 1144 5675 omnibus
1167 5632 1413 5677 versatus
1435 5633 1489 5678 et
1512 5625 1717 5695 vulgari
1738 5637 1885 5681 veste
1907 5639 2052 5684 esset

470 5709 725 5764 indutus:
760 5712 1025 5767 minorem
1062 5713 1239 5779 ipsum
1270 5732 1389 5772 esse
1425 5719 1688 5786 putabant
1738 5720 1864 5789 quia
1909 5722 2047 5779 nihil

1164 260 1222 316 S.
1262 257 1539 316 JOANNIS
1574 254 2052 315 CHRYSOSTOMI
2088 255 2409 317 ARCIIIEP.
2447 262 2961 327 CONSTANTINOP

3626 278 3723 338 2οἰ

2142 374 2319 432 adhuc
2359 391 2427 433 ex
2470 382 2678 435 arcanis
2725 383 2830 438 illis
2874 383 3134 441 viderant.
3186 387 3420 460 Contigit
3463 401 3641 449 autem
3674 403 3728 448 et

2141 470 2313 540 ipsum
2342 485 2371 525 a
2398 470 2607 529 Joanne
2622 475 2915 545 baptizari:
2946 478 2999 532 id
3028 480 3173 548 quod
3200 481 3344 536 illam
3374 483 3607 540 maxime
3632 486 3723 541 fir-

2142 563 2325 619 mabat
2344 566 2675 636 Opinionem,
2697 571 2856 625 etiam
2885 571 2929 626 si
2961 571 3091 626 nihil
3118 574 3262 629 aliud
3298 592 3365 632 ex
3407 577 3564 633 dictis
3591 596 3726 650 pra:-

2141 657 2411 713 eessisset.
2454 657 2770 731 Cogitabam
2817 664 2960 719 enim
3000 680 3121 721 eum
3168 682 3290 724 esse
3343 672 3643 741 quempiam
3697 688 3727 727 ι

2142 748 2307 819 vulgo
2335 768 2347 804 :
2380 750 2617 822 alioquin
2649 754 2815 819 enim,
2842 756 2942 810 nisi
2971 756 3039 812 de
3070 758 3230 829 vulgo
3268 769 3433 828 esset,
3466 777 3573 817 non
3601 778 3723 819 cum

2142 839 2294 894 turba
2340 840 2408 895 ad
2450 842 2769 912 baptismum
2822 854 3079 904 venturus
3120 858 3239 905 erat
3268 867 3282 905 :
3316 851 3549 909 Joannes
3598 870 3727 910 vero

2143 928 2316 999 major
2335 940 2390 986 et
2415 930 2574 1003 longe
2617 934 2913 991 mirabilior
2955 952 3077 994 esse
3106 941 3407 1009 putabatur.
3440 943 3518 999 Ne
3564 946 3728 1016 igitur

2142 1020 2229 1075 illa
2259 1022 2399 1092 apud
2444 1025 2642 1080 multos
2667 1030 2931 1085 sententia
2955 1030 3307 1098 praevaleret,
3336 1048 3457 1088 cum
3488 1036 3604 1104 ipse
3632 1036 3728 1091 ha-

2143 1113 2370 1183 ptizatos
2408 1114 2616 1185 fuisset,
2644 1119 2760 1175 οωιί
2783 1122 2951 1190 aperti
2977 1131 3121 1187 sunt,
3146 1123 3379 1193 Spiritus
3421 1126 3726 1196 descendit,

2147 1214 2202 1259 et
2229 1219 2332 1260 vos
2376 1221 2499 1262 cum
2543 1208 2748 1279 Spiritu
2773 1212 3070 1282 praedicans
3096 1214 3317 1286 hujusce
3349 1214 3613 1288 Unigeniti
3644 1220 3730 1274 di-

2140 1298 2419 1370 gnitatem.
2443 1300 2576 1368 Quia
2602 1303 2745 1357 enim
2774 1303 2891 1359 haec
2932 1320 3036 1360 vox
3082 1322 3201 1378 qua:
3229 1308 3439 1364 dicebat
3458 1350 3475 1377 ,
3506 1312 3591 1366 Π.
3626 1310 3731 1367 Hic

2141 1402 2214 1448 est
2240 1392 2408 1447 Filius
2429 1412 2569 1450 meus
2588 1397 2816 1464 dilectus,
2833 1399 3001 1455 multo
3024 1402 3193 1471 magis
3212 1401 3403 1457 Joanni
3419 1414 3731 1473 competere

2141 1482 2282 1552 apud
2312 1484 2566 1553 plurimos
2593 1487 2705 1541 visa
2750 1488 2969 1555 fuisset;
3004 1506 3176 1559 neque
3220 1492 3363 1548 enim
3412 1494 3731 1563 addiderat,

2142 1575 2241 1632 llic
2264 1576 2354 1646 qui
2384 1578 2701 1649 baptizatur,
2726 1582 2818 1636 sed
2846 1581 2944 1636 Hic
2965 1585 3284 1655 simpliciter
3302 1627 3317 1653 ,
3345 1596 3399 1642 et
3423 1587 3730 1644 auditorum

2140 1666 2333 1736 singuli
2382 1668 2433 1722 id
2480 1670 2654 1738 potius
2679 1671 2746 1725 de
2798 1672 3121 1744 baptizante,
3149 1691 3309 1746 quam
3350 1677 3420 1733 de
3462 1678 3736 1749 baptizato

2142 1757 2246 1813 dici
2272 1760 2526 1830 suspicati
2562 1762 2805 1830 fuissent,
2841 1775 2951 1819 tum
2978 1766 3048 1821 ob
3071 1767 3239 1837 ipsam
3272 1769 3523 1839 Baptistae
3547 1771 3730 1842 digiti-

2142 1857 2304 1907 tatem
2335 1852 2381 1917 ‘,
2406 1861 2515 1907 tum
2544 1853 2613 1907 ob
2640 1870 2704 1909 ea
2732 1857 2909 1910 omnia
2937 1873 3058 1927 quae
3081 1858 3193 1928 jam
3222 1859 3360 1914 dicta
3388 1869 3513 1915 sunt
3541 1879 3553 1915 :
3587 1864 3737 1917 venit

2141 1940 2369 2012 Spiritus
2381 1945 2640 2001 columba;
2657 1948 2853 2017 specie,
2875 1950 2963 2019 qui
2985 1964 3171 2005 vocem
3188 1952 3423 2007 traheret
3440 1953 3506 2007 ad
3522 1952 3735 2021 Jesum,

2142 2035 2497 2105 omnibusque
2538 2036 2836 2094 declararet
2865 2055 3049 2096 vocem
3102 2042 3246 2096 illam
3272 2084 3287 2110 ,
3332 2042 3465 2111 llic,
3513 2061 3618 2100 non
3666 2046 3737 2101 de

2142 2125 2349 2181 Joanne
2377 2127 2711 2197 baptizante,
2743 2130 2840 2185 sed
2888 2131 2957 2187 de
3007 2131 3134 2188 Jesu
3164 2134 3433 2204 baptizato
3480 2136 3734 2207 proferri.

2144 2218 2213 2274 Et
2232 2236 2414 2291 quare,
2448 2222 2676 2292 inquies,
2727 2223 2811 2280 his
2862 2227 2932 2281 ita
2977 2226 3142 2295 gestis
3194 2242 3301 2283 non
3351 2228 3739 2285 crediderunt?

2143 2312 2276 2380 Quia
2305 2316 2465 2370 etiam
2487 2317 2587 2371 sub
2621 2317 2802 2389 Moyse
2848 2321 3013 2374 multa
3041 2330 3247 2391 patrata
3279 2332 3404 2377 sunt
3449 2325 3735 2391 miracula,

2144 2410 2482 2465 etiamsinon
2514 2411 2637 2465 talia
2667 2428 2681 2468 :
2714 2421 2769 2466 et
2800 2422 2978 2469 tamen
3006 2423 3123 2483 post
3147 2416 3235 2472 illa
3262 2419 3462 2482 omnia,
3493 2427 3613 2489 post
3642 2434 3738 2473 vo-

2145 2514 2237 2556 ces
2263 2510 2320 2557 et
2350 2501 2526 2570 tubas,
2555 2511 2609 2559 et
2636 2503 2863 2574 fulgura,
2891 2505 3114 2560 vitulum
3142 2505 3462 2577 conﬂarunt,
3492 2519 3545 2565 et
3574 2510 3736 2565 Beel-

2144 2591 2367 2663 pbegori
2395 2593 2588 2649 initiati
2616 2603 2760 2649 sunt.
2793 2595 3002 2667 Ipsique
3027 2598 3209 2666 etiam,
3241 2600 3332 2671 qui
3358 2609 3468 2655 tum
3492 2616 3739 2671 praesen-

2145 2692 2229 2740 tes
2247 2694 2419 2750 erant,
2448 2700 2570 2741 cum
2596 2686 2852 2742 Lazarum
2880 2689 3191 2744 suscitatum
3220 2692 3501 2758 vidissent,
3528 2701 3736 2749 tantum

2145 2778 2312 2835 abfuit
2334 2788 2393 2835 ut
2416 2779 2699 2836 crederent
2741 2781 2862 2836 talia
2897 2784 3151 2851 patranti,
3185 2793 3240 2838 ut
3267 2784 3429 2839 etiam
3462 2784 3611 2840 illum
3643 2801 3740 2841 oc-

2146 2872 2328 2929 cidere
2353 2888 2497 2944 saepe
2522 2882 2812 2929 tentarent.
2843 2873 2899 2929 Si
2930 2875 3089 2945 igitur
3118 2890 3229 2945 prie
3255 2876 3429 2930 oculis
3475 2876 3741 2933 habentes

2146 2973 2480 3021 mortuorum
2533 2967 3004 3033 resurrectionem,
3057 2968 3130 3023 ita
3182 2978 3335 3025 erant
3373 2968 3636 3025 increduli
3686 2979 3742 3026 et

2148 3058 2318 3128 pravi,
2345 3059 2471 3129 quid
2495 3059 2707 3114 miraris
2736 3060 2779 3113 si
2809 3075 2991 3115 vocem
3019 3060 3161 3116 illam
3188 3076 3474 3132 supernam
3508 3078 3614 3119 non
3644 3080 3743 3120 ex.

2148 3154 2436 3222 ceperunt?
2457 3152 2589 3209 Cum
2611 3154 2753 3209 enim
2785 3154 3025 3225 improba
3055 3165 3108 3209 et
3149 3170 3399 3225 perversa
3426 3165 3509 3212 est
3532 3159 3739 3223 anima,

2148 3243 2439 3315 livorisque
2466 3244 2653 3300 morbo
2678 3244 2888 3312 affecta,
2918 3245 3046 3300 nulli
3072 3246 3215 3302 cedit
3235 3247 3525 3315 miraculo;
3549 3258 3744 3304 contra

2149 3352 2278 3393 vero
2301 3352 2423 3394 cum
2454 3338 2618 3408 proba
2643 3348 2747 3407 est,
2777 3339 2956 3395 omnia
2981 3356 3102 3396 cum
3133 3339 3236 3395 lide
3266 3341 3479 3413 accipit,
3510 3343 3618 3397 imo
3646 3359 3744 3399 nec

2150 3446 2253 3502 que
2278 3430 2361 3488 his
2390 3432 2677 3488 admodum
2708 3448 2844 3502 opus
2870 3433 3049 3491 habet.
3082 3433 3160 3489 Ne
3189 3434 3353 3506 igitur
3386 3451 3599 3507 qumras
3642 3453 3745 3493 cur

2150 3537 2258 3579 non
2288 3524 2632 3579 crediderunt
2670 3541 2683 3579 :
2715 3524 2846 3579 illud
2876 3524 2972 3581 tibi
2997 3525 3344 3596 quaerendum
3387 3537 3531 3583 esset
3555 3528 3599 3584 si
3628 3544 3742 3585 non

2150 3615 2294 3672 facta
2335 3616 2563 3683 fuissent
2604 3618 2805 3683 omnia,
2836 3632 2959 3689 qua:
2997 3617 3064 3672 ad
3108 3618 3435 3675 credendum
3484 3619 3745 3677 inducere

2151 3710 2441 3767 debebant.
2487 3710 2695 3766 Etenim
2750 3726 2845 3780 per
2892 3711 3207 3781 prophetam
3242 3712 3384 3768 Dens
3411 3726 3575 3782 super
3622 3712 3743 3768 ba-c

2150 3801 2353 3868 omnia,
2381 3816 2499 3871 qua:
2524 3801 2594 3855 ab
2611 3817 2670 3857 se
2696 3802 2936 3873 praestari
2962 3802 3280 3871 debuerunt,
3311 3802 3453 3860 hunc
3465 3804 3746 3860 defensio-

2154 3894 2238 3949 nis
2263 3894 2481 3948 modum
2507 3893 2684 3950 atfert.
2730 3893 2867 3961 Quia
2895 3895 3038 3950 enim
3065 3895 3298 3952 futurum
3334 3907 3450 3952 erat
3488 3896 3742 3953 utJudmi

2154 3988 2412 4055 perirent,
2443 3992 2499 4039 et
2537 3992 2785 4041 extremo
2830 3986 3092 4056 supplicio
3117 3986 3491 4053 traderentur;
3525 4003 3595 4043 ne
3620 3989 3744 4059 quis

2152 4092 2218 4134 ex
2246 4079 2481 4148 ipsorum
2511 4079 2745 4149 nequitia
2775 4078 2890 4149 ejus
2920 4079 3306 4149 providentiam
3326 4081 3590 4151 culparet,
3625 4084 3741 4136 ait:

2155 4169 2292 4234 Quid
2317 4186 2395 4224 me
2411 4172 2633 4239 oportuit
2669 4172 2835 4242 facere
2873 4172 3029 4225 vinea:
3058 4172 3193 4237 huic,
3237 4183 3285 4227 et
3305 4189 3407 4227 non
3438 4173 3534 4245 feci
3564 4173 3585 4244 (
3608 4172 3741 4227 Isai.

2152 4262 2210 4319 5.
2241 4262 2343 4333 4)?
2378 4261 2607 4332 ldipsnm
2642 4262 2728 4319 hic
2753 4263 3064 4319 consideres
3094 4272 3323 4335 oportet,
3366 4265 3491 4335 quid
3520 4276 3745 4335 οροτιδ

2152 4354 2241 4410 bat
2267 4354 2405 4421 ﬁeri,
2453 4365 2511 4411 et
2538 4370 2643 4411 non
2675 4353 2871 4409 factum
2901 4365 3005 4411 est.
3038 4355 3105 4411 Et
3129 4357 3175 4411 si
3205 4356 3419 4428 quando
3452 4356 3519 4411 de
3547 4360 3738 4427 provi-

2151 4449 2331 4506 dentia
2353 4450 2444 4505 Dei
2465 4465 2742 4506 sermones
2754 4460 3085 4517 moveantur,
3109 4450 3212 4507 hoc
3229 4449 3553 4507 defensionis
3578 4451 3746 4507 modo

2152 4550 2307 4597 utere
2350 4541 2610 4597 adversus
2654 4556 2749 4597 eos
2796 4541 2889 4610 qui
2938 4542 3006 4596 de
3063 4543 3346 4598 multorum
3396 4542 3743 4613 improbitate

2153 4633 2323 4704 ipsam
2349 4633 2619 4689 criminari
2650 4642 2926 4689 conantur.
2959 4633 3238 4704 Perpende
3268 4634 3426 4704 igitur
3451 4649 3615 4703 quam
3641 4635 3743 4687 mi-

2153 4723 2340 4778 rabilia
2370 4732 2763 4794 perpetrentur,
2802 4736 2856 4779 et
2901 4722 3200 4780 futurorum
3236 4726 3381 4780 initia
3411 4743 3425 4779 :
3456 4740 3561 4779 non
3590 4728 3741 4781 enim

2153 4815 2457 4884 paradisus,
2493 4816 2587 4873 sed
2628 4816 2819 4871 caelum
2865 4817 3123 4886 aperitur.
3156 4816 3351 4871 Verum
3399 4815 3515 4871 haec
3546 4826 3742 4872 contra

2150 4905 2368 4961 Judaeos
2414 4908 2589 4962 oratio
2637 4907 2690 4962 in
2734 4906 2878 4961 aliud
2927 4917 3138 4977 tempus
3204 4905 3479 4962 dill‘eratnr
3525 4923 3538 4959 :
3594 4922 3743 4963 nunc
3782 4950 3787 4951 ν

2152 5006 2351 5062 autem,
2378 4998 2489 5053 Deo
2510 5000 2749 5067 juvante,
2782 4999 2847 5055 ad
2878 5015 2939 5056 ea
2960 5015 3078 5070 qua:
3101 4999 3210 5070 jam
3235 5007 3523 5056 tractamus
3553 5016 3743 5055 sermo

2153 5090 2419 5146 referatur
2448 5109 2461 5144 :
2495 5090 2560 5145 Et
2607 5092 2890 5162 baptizatus
2915 5092 3089 5161 Iesus,
3116 5092 3341 5148 ascendit
3367 5092 3636 5163 confestim
3676 5111 3743 5151 ea:

2150 5197 2323 5251 aqua;
2352 5192 2398 5237 et
2419 5199 2529 5237 ecce
2548 5185 2710 5252 aperti
2737 5193 2854 5238 sunt
2879 5185 2925 5239 ei
2944 5184 3073 5240 catli.
3098 5183 3208 5240 Cur
3233 5185 3402 5256 aperti
3426 5196 3550 5240 sunt
3573 5186 3693 5241 czeli
3718 5187 3744 5241 ?

2153 5272 2219 5329 Ut
2246 5274 2444 5341 discas,
2474 5290 2595 5331 cum
2632 5284 2689 5331 tu
2719 5275 3035 5347 baptizaris,
3083 5278 3311 5349 idipsum
3355 5278 3469 5334 ﬁeri
3494 5321 3509 5346 ,
3541 5279 3653 5335 Deo
3685 5295 3741 5337 te

2151 5366 2217 5420 ad
2267 5366 2536 5423 caelestem
2572 5370 2793 5439 patriam
2840 5379 3086 5433 vocante,
3127 5379 3183 5425 et
3232 5371 3489 5427 suadente
3514 5381 3572 5426 ut
3600 5372 3740 5426 nihil

2149 5472 2270 5513 eum
2298 5467 2435 5513 terra
2462 5473 2745 5516 commune
2764 5459 2982 5516 habeas.
3008 5459 3161 5529 Quod
3187 5461 3231 5517 si
3252 5461 3305 5516 id
3334 5478 3441 5519 non
3465 5461 3637 5524 vides.
3669 5478 3743 5521 ne

2215 5686 2229 5713 ι
2264 5683 2459 5748 Quidam
2475 5683 2674 5741 habent,
2688 5682 2748 5732 ob
2770 5682 2922 5748 ipsam
2944 5680 3165 5743 baptismt
3190 5681 3488 5748 dignitatem;
3505 5682 3595 5735 sed
3610 5684 3740 5735 niui-

2149 5751 2196 5797 to
2226 5752 2417 5803 praestat
2440 5743 2587 5798 lectio
2610 5757 2721 5809 qua:
2748 5743 2823 5797 eSt
2853 5745 2901 5797 in
2926 5750 3085 5797 textu.
