3872 6356
314 5933 319 5940 ,
419 5873 542 5929 Sav.
572 5873 702 5930 Ben)

435 311 547 366 905

432 421 590 487 αὐτῷ
628 425 682 476 οι
727 423 990 491 οὐρανοί.
1054 423 1209 489 Τίνος
1254 425 1300 458 ⁸⁸
1335 425 1523 480 ἕνεκεν
1562 423 1912 494 ἀνεῴχθησαν
1963 421 2010 473 οἱ

429 505 681 577 ούρανοί;
709 506 823 560 Ἰνα
853 508 1029 580 μάθῃς
1061 509 1145 562 ὅτι
1183 509 1275 563 καὶ
1306 509 1399 562 σοῦ
1437 507 1833 579 βαπτιζομένου
1856 503 2013 558 τοῦτο

430 590 659 659 γίνεται,
692 591 829 660 πρὸς
864 592 963 662 τὴν
992 592 1104 647 ἀνω
1135 593 1371 665 πατρίδα
1394 593 1488 645 τοῦ
1519 592 1654 645 Θεοῦ
1692 608 1751 644 σε
1784 588 2012 643 καλοῦν-

428 690 540 737 τος,
572 675 663 726 καὶ
692 674 968 736 πείθοντος
1008 675 1175 744 μηδὲν
1214 675 1388 729 κοινὸν
1417 674 1560 743 ἔχειν
1591 672 1726 742 πρὸς
1757 673 1855 742 τὴν
1884 670 2009 740 γῆν.

430 757 494 808 Εἰ
522 756 578 808 δὲ
612 757 686 826 μὴ
710 757 863 828 όρᾷς,
904 758 978 828 μὴ
1000 760 1328 831 ἀπιστήσῃς.
1360 758 1471 810 Καὶ
1490 756 1595 827 γάρ
1625 757 1682 808 ἐν
1706 753 2014 825 προοιμίοις

428 839 517 892 ἀεὶ
553 839 662 892 τῶν
705 839 1023 910 παραδόξων
1084 841 1178 893 καὶ
1237 839 1625 911 πνευματικῶν
1673 835 2012 908 πραγμάτων

429 921 685 993 αἰσθηταὶ
739 922 1020 991 φαίνονται
1057 923 1218 992 ,ὄψεις
1257 924 1352 977 καὶ
1391 925 1594 994 σημεῖα
1637 919 1884 984 τοιαῦτα,
1923 916 2014 971 διὰ

428 1004 554 1068 τοὺς
585 1006 940 1077 ἀνοητότερον
966 1006 1345 1076 διακειμένους
1376 1006 1469 1058 καὶ
1504 1003 1806 1076 χρῄζοντος
1836 1001 2012 1070 ὅψεως

427 1087 712 1158 αἰσθητῆς,
752 1088 848 1142 καὶ
895 1088 1165 1160 μηδεμίαν
1203 1089 1409 1142 ἔννοιαν
1452 1088 1746 1156 ἀσωμάτου
1796 1084 2016 1154 φύσεως

427 1169 612 1225 λαϐεῖν
640 1171 990 1243 δυναμένους,
1025 1172 1162 1244 πρὸς
1179 1172 1237 1226 δέ
1258 1173 1326 1227 τά
1355 1173 1526 1244 ὁρατά
1557 1171 1715 1242 μόνον
1742 1166 2006 1239 ἐπτοημέ-

427 1271 554 1319 νους
577 1271 590 1286 ·
619 1255 706 1309 ἵνα
743 1256 848 1310 κᾶν
882 1258 1020 1329 μετά
1071 1256 1242 1311 ταῦτα
1278 1257 1352 1329 μὴ
1401 1257 1624 1328 γένηται
1655 1255 1824 1309 ταῦτα
1853 1253 1920 1306 τά
1951 1251 2011 1319 ἐξ

427 1338 608 1393 αὐτῶν
638 1339 948 1410 δηλωθέντα
980 1342 1127 1406 άπαξ
1161 1342 1254 1395 καὶ
1288 1345 1344 1396 ἐν
1379 1343 1522 1414 ἀρχῇ
1561 1340 1838 1414 παραδέξῃ
1865 1339 1912 1370 ⁸⁸
1943 1339 2008 1408 τῇ

429 1422 629 1478 πίστει.
691 1423 803 1478 Καὶ
844 1425 956 1496 γὰρ
999 1426 1091 1478 ἐπὶ
1118 1425 1225 1479 τῶν
1266 1427 1577 1480 ἀποστόλων
1623 1421 1754 1497 ἦχος
1799 1423 2012 1493 ἐγένετο

429 1508 598 1578 πνοῆς
625 1507 826 1578 βιαίας,
854 1513 947 1565 καὶ
978 1510 1129 1580 ὄψεις
1153 1511 1412 1580 γλωσσῶν
1435 1511 1674 1582 πυρίνων
1699 1508 1974 1578 ἐφάνησαν
1992 1524 2006 1538 ·

427 1590 543 1644 ἀλλ’
570 1594 629 1646 οὐ
655 1593 742 1647 διὰ
776 1595 902 1658 τοὺς
922 1594 1272 1660 ἀποστόλους,
1313 1594 1449 1649 ἀλλὰ
1471 1595 1558 1649 διά
1579 1595 1704 1656 τοὺς
1740 1592 2010 1662 παρόντας

427 1674 548 1728 τότε
594 1676 896 1740 Ἰουδαίους.
943 1677 1083 1730 Ἀλλ’
1118 1679 1267 1750 ὅμως
1297 1680 1344 1732 εί
1373 1679 1466 1732 καὶ
1492 1678 1566 1748 μὴ
1601 1675 1834 1745 αἰσθητά
1861 1674 2010 1742 γίνε-

426 1776 517 1812 ται
543 1762 763 1831 σημεῖα,
796 1762 865 1816 τά
891 1761 949 1829 ἐξ
981 1762 1160 1815 αὐτῶν
1198 1761 1507 1833 δηλωθέντα
1536 1759 1681 1824 ἅπαξ
1717 1757 2011 1828 καταδεχό-

430 1841 587 1911 μεθα.
631 1842 783 1896 Ἐπεὶ
812 1845 906 1897 καὶ
932 1845 966 1914 ή
999 1843 1299 1916 περιστερά
1327 1844 1416 1898 διά
1462 1843 1621 1897 τοῦτο
1658 1842 1780 1895 τότε
1811 1841 2008 1910 ἐφάνη,

428 1925 494 1978 ἵν’
531 1924 717 1997 ὥσπερ
765 1926 887 1980 ἀντὶ⁹
923 1926 1190 1981 δακτύλου
1240 1928 1387 1991 τινὸς
1423 1927 1573 1999 δείξῃ
1615 1927 1726 1988 τοῖς
1774 1921 2010 1994 παροῦσι

427 2008 620 2078 καὶτῷ
661 2009 881 2080 Ἰωάννῃ
909 2009 1001 2064 τὸν
1033 2011 1161 2065 Υἱὸν
1190 2010 1285 2064 τοῦ
1314 2009 1471 2064 Θεοῦ.
1503 2011 1577 2064 Οὐ
1621 2009 1778 2079 μόνον
1815 2007 1873 2061 δὲ
1921 2004 2011 2062 διά

425 2090 603 2157 τοῦτο,
638 2092 752 2146 ἀλλ’
779 2093 867 2146 ἵνα
900 2093 994 2146 καὶ
1025 2093 1089 2147 σὺ
1116 2094 1317 2166 μάθῃς,
1352 2096 1435 2149 ότι
1474 2094 1571 2149 καὶ
1600 2093 1692 2147 ἐπὶ
1722 2092 1782 2146 σέ
1812 2090 2009 2162 βαπτι-

425 2173 651 2244 ζόμενον
682 2173 742 2228 τδ
774 2174 998 2244 Πνεῦμα
1028 2175 1266 2247 ἔρχεται.

496 2254 565 2325 γ’.
585 2257 785 2312 Λοιπὸν
801 2257 858 2311 δὲ
883 2259 1012 2329 ἡμῖν
1039 2259 1303 2331 αίσθητῆς
1321 2259 1382 2313 οὐ
1407 2259 1564 2334 χρεία
1581 2259 1777 2330 ὅψεως,
1793 2258 1895 2329 τῆς
1921 2258 2010 2314 πί-

429 2357 597 2404 στεως
618 2341 738 2394 ἀντὶ
768 2340 986 2395 πάντων
1015 2342 1289 2415 ἀρκούσης
1307 2361 1321 2375 ·
1350 2342 1421 2397 τά
1447 2343 1556 2414 γὰρ
1578 2345 1776 2413 σημεῖα
1803 2342 1864 2396 οὐ
1895 2343 2009 2406 τοῖς

427 2425 791 2491 πιστεύουσιν,
823 2425 956 2479 ἀλλά
984 2429 1096 2492 τοῖς
1123 2426 1374 2492 ἀπίστοις
1399 2428 1465 2481 ⁸⁷.
1501 2427 1654 2480 Διατί
1687 2426 1745 2480 δέ
1783 2427 1844 2480 ἐν
1874 2425 2008 2479 εῖδει

413 2503 795 2581 ⁴περιστερᾶς;
835 2512 1076 2583 Ἥμερον
1109 2511 1170 2564 τὸ
1213 2511 1351 2577 ζῶον
1404 2512 1498 2566 καὶ
1530 2510 1790 2583 καθαρόν.
1855 2509 2009 2564 Ἐπεὶ

423 2586 516 2646 οῦν
539 2593 629 2644 καὶ
653 2593 714 2646 τὸ
745 2593 970 2664 Πνεῦμα
996 2594 1302 2667 πραότητός
1332 2596 1450 2648 ἐστι
1472 2593 1712 2665 πνεῦμα,
1741 2592 1828 2646 διὰ
1850 2591 2008 2646 τοῦτο

423 2677 484 2731 ἐν
526 2677 701 2748 τούτῳ
760 2678 1028 2748 φαίνεται.
1088 2678 1296 2743 Ἄλλως
1339 2679 1396 2732 δὲ
1448 2679 1543 2733 καὶ
1587 2677 1824 2739 παλαιᾶς
1858 2677 2008 2748 ἡμᾶς

421 2761 830 2832 ἀναμιμνήσκει
857 2763 1118 2833 ἱστορίας.
1151 2763 1262 2816 Καὶ
1302 2762 1412 2835 γὰρ
1449 2763 1711 2831 ναυαγίου
1735 2760 1864 2814 ποτέ
1893 2777 2008 2814 κοι-

423 2845 516 2898 νοῦ
547 2845 645 2916 τὴν
670 2844 996 2916 οἰκουμένην
1046 2845 1442 2909 καταλαϐόντος
1485 2845 1724 2906 ἅπασαν,
1777 2842 1869 2898 καί
1908 2841 2004 2896 τοῦ

423 2927 615 2995 γένους
637 2928 796 3000 ἡμῶν
826 2929 1222 2994 κινδυνεύοντος
1241 2929 1621 3000 ἀφανισθῆναι,
1640 2927 1799 2982 τοῦτο
1833 2927 2005 2997 ἐφάνη

421 3012 484 3066 τὸ
505 3010 664 3076 ζῶον,
699 3015 794 3064 καὶ
819 3012 915 3083 τὴν
941 3012 1089 3085 [164]
1116 3012 1270 3066 λύσιν
1297 3011 1390 3066 τοῦ
1413 3011 1677 3082 χειμῶνος
1705 3009 1890 3076 ἔδειξε,
1913 3009 2010 3064 καὶ

424 3094 617 3150 κλάδον
637 3095 800 3166 φέρον
821 3096 1026 3160 ἐλαίας,
1056 3096 1156 3166 τὴν
1172 3096 1354 3168 κοινὴν
1369 3096 1467 3166 τῆς
1497 3095 1817 3165 οἰκουμένης
1838 3094 2008 3167 γαλή-

421 3195 522 3249 νην
553 3178 971 3248 εὐηγγελίσατο·
998 3179 1140 3248 ὅιπερ
1159 3178 1336 3232 πάντα
1366 3179 1534 3242 τύπος
1569 3177 1678 3232 τῶν
1709 3178 2007 3249 μελλόντων

419 3258 508 3332 ἦν.
540 3263 649 3315 Καὶ
685 3260 792 3333 γὰρ
840 3263 960 3315 τότε
1002 3261 1183 3333 πολλῷ
1232 3264 1412 3334 χεῖρον
1459 3261 1527 3316 τά
1558 3261 1665 3316 τῶν
1702 3260 2006 3334 ἀνθρώπων

420 3345 672 3412 διέκειτο,
704 3346 798 3399 καὶ
845 3344 1025 3416 πολλῷ
1063 3344 1307 3417 μείζονος
1350 3344 1490 3411 ἄξιοι
1539 3345 1810 3416 τιμωρίας
1845 3340 2005 3418 ἦσαν.

422 3429 524 3482 Ἰν*
551 3424 644 3483 οὖν
674 3429 748 3500 μὴ
775 3428 1047 3500 ἀπογνῷς,
1078 3431 1485 3502 ἀναμιμνήσκει
1533 3447 1593 3483 σε
1634 3430 1733 3501 τῆς
1768 3430 2008 3501 ἱστορίας

421 3513 657 3584 ἐκείνης.
691 3514 800 3567 Καὶ
828 3515 938 3585 γὰρ
961 3514 1080 3568 τότε
1119 3515 1228 3568 τῶν
1261 3514 1604 3586 πραγμάτων
1634 3513 2008 3582 ἀπογνωσθέν-

419 3615 548 3665 των,
572 3597 763 3668 γέγονε
798 3597 950 3662 λύσις
978 3615 1062 3663 τις
1095 3598 1190 3652 καὶ
1217 3599 1501 3672 διόρθωσις
1526 3614 1539 3628 ·
1590 3598 1726 3652 ἀλλά
1767 3599 1887 3652 τότε
1918 3597 2009 3652 διά

420 3683 712 3755 τιμωρίας,
736 3681 833 3737 νῦν
861 3683 919 3735 δέ
945 3682 1035 3736 διὰ
1069 3684 1288 3755 χάριτος
1334 3684 1429 3738 καὶ
1457 3683 1666 3754 δωρεᾶς
1693 3682 1902 3752 ἀφάτου
1935 3681 2004 3736 ⁸⁸.

420 3765 521 3819 Διά
548 3766 706 3820 τοῦτο
735 3766 828 3820 καὶ
852 3766 884 3836 ἡ
913 3765 1212 3838 περιστερά
1241 3767 1509 3836 φαίνεται,
1527 3767 1586 3819 οὐ
1615 3765 1806 3819 κλάδον
1821 3765 2006 3830 ἐλαίας

421 3849 680 3920 φέρουσα,
715 3848 852 3902 ἀλλά
883 3847 973 3902 τὸν
1006 3849 1224 3903 πάντων
1260 3849 1369 3903 τῶν
1411 3849 1597 3903 κακῶν
1640 3847 2006 3920 ἐλευθερωτὴν

419 3933 555 4001 ἡμῖν
581 3930 916 3996 δεικνύουσα,
945 3931 1039 3985 καὶ
1067 3931 1310 4003 χρηστάς
1341 3932 1696 3986 ὑποτείνουσα
1723 3931 1823 3995 τὰς
1854 3930 2007 3984 ἐλπί-

422 4013 539 4076 δας.
571 4012 706 4066 Οὐδὲ
739 4011 850 4083 γὰρ
896 4013 1005 4066 ἀπὸ
1047 4013 1282 4067 κιϐωτοῦ
1335 4014 1620 4088 ἄνθρωπον
1663 4013 1846 4083 ἐξάγει
1883 4013 2001 4078 ἕνα,

421 4095 559 4151 ἀλλά
586 4094 684 4167 τὴν
709 4096 1035 4167 οἰκουμένην
1068 4097 1286 4152 ἃπασαν
1328 4099 1409 4161 εἱς
1438 4097 1531 4151 τὸν
1559 4097 1788 4169 οὐρανὸν
1811 4097 2002 4165 ἀνάγει

422 4180 672 4249 φανεῖσα.
698 4178 791 4233 καὶ
819 4179 938 4234 ἀντὶ¹
967 4179 1161 4234 θαλλοῦ
1193 4179 1238 4210 ³⁸
1269 4178 1456 4244 ἐλαίας
1484 4180 1584 4253 τὴν
1626 4179 1898 4234 υἱοθεσίαν
1923 4177 2002 4250 τῷ

422 4263 588 4334 κοινῷ
611 4263 709 4334 τῆς
741 4263 1066 4334 οἰκουμένης
1101 4263 1316 4333 κομίζει
1351 4263 1517 4332 γένει.
1561 4265 1851 4334 Ἐννοήσας
1886 4261 2001 4316 τοί-

420 4363 516 4399 νυν
541 4347 603 4400 τδ
643 4346 874 4417 μέγεθος
898 4347 998 4417 τῆς
1031 4347 1258 4419 δωρεᾶς,
1299 4347 1433 4418 μηδέ
1460 4349 1506 4380 ⁹⁰
1546 4348 1804 4402 ἐλάττονα
1837 4347 2002 4402 αὐτοῦ

420 4429 521 4500 τὴν
547 4428 704 4495 ἀξίαν
731 4429 959 4502 νομίσῃς
999 4425 1159 4496 εἶναι,
1193 4430 1297 4485 ’διὰ
1327 4431 1389 4484 τὸ
1422 4433 1480 4484 ἐν
1523 4430 1742 4503 τοιαύτῃ
1771 4432 2004 4502 φανῆναι

423 4512 565 4582 δψει.
592 4513 699 4566 Καὶ
719 4512 826 4584 γὰρ
848 4513 1031 4568 ἀκούω
1052 4513 1214 4569 τινῶν
1233 4514 1516 4585 λεγόντων,
1544 4517 1626 4569 ὅτι
1647 4517 1770 4570 ὅσον
1798 4515 2006 4590 ἀνθρώ-

424 4612 528 4648 που
563 4595 659 4649 καὶ
693 4598 1020 4668 περιστερᾶς
1043 4597 1106 4651 τὸ
1134 4597 1317 4669 μέσον,
1356 4597 1610 4652 τοσοῦτον
1641 4598 1735 4652 τοῦ
1766 4600 2004 4672 Χριστοῦ

424 4678 518 4731 καὶ
541 4677 633 4732 τοῦ
665 4677 1000 4750 Πνεύματος,
1022 4680 1210 4753 ἐπειδὴ
1230 4683 1259 4734 6
1278 4681 1377 4751 μὲν
1391 4683 1448 4735 ἐν
1470 4685 1536 4753 τῇ
1559 4683 1803 4755 ἡμετέρα
1823 4684 2005 4754 φύσει.

421 4762 485 4815 τὸ
521 4762 578 4816 δέ
599 4763 656 4815 ἐν
684 4761 804 4828 δψει
839 4766 1164 4833 περιστερᾶς
1199 4765 1394 4836 ἐφάνη.
1435 4765 1502 4818 Τί
1531 4761 1626 4820 οὖν
1662 4768 1798 4838 πρὸς
1835 4767 2007 4823 ταῦτα

423 4844 571 4900 ἐστιν
595 4847 800 4914 εἰπεῖν;
834 4847 1003 4900 Ὅτιό
1027 4847 1124 4918 μέν
1146 4847 1275 4912 Υίδς
1297 4847 1391 4902 τοῦ
1415 4848 1575 4915 Θεοῦ,
1607 4850 1769 4919 φύσιν
1795 4850 2008 4923 ἀνθρώ-

423 4946 526 4984 που
556 4930 810 4985 ἀνέλαϐε·
839 4929 901 4984 τὸ
928 4930 986 4984 δέ
1021 4931 1270 5002 Πνεῦμα,
1295 4932 1356 4986 οὐ
1395 4933 1558 5001 φύσιν
1585 4934 1815 4989 ἀνέλαϐε
1847 4954 2006 5008 περι-

424 5015 640 5085 στερᾶς.
676 5013 776 5068 Διά
801 5014 958 5068 τοῦτο
984 5015 1078 5068 καὶ
1105 5016 1134 5068 6
1175 5014 1566 5088 εὐαγγελιστὴς
1597 5019 1698 5072 οὐκ
1725 5015 1898 5085 εἶπεν,
1924 5021 2006 5074 ὅτι

421 5101 481 5152 ἐν
507 5099 665 5168 φύσει
689 5102 1037 5171 περιστερᾶς,
1055 5099 1170 5154 ἀλλ’
1191 5102 1248 5154 ἐν
1275 5101 1405 5154 εῖδει
1427 5105 1757 5176 περιστερᾶς
1776 5122 1789 5134 ·
1812 5105 2007 5159 οὐκοῦν

420 5183 541 5236 οὐδέ
571 5183 705 5254 μετά
733 5184 906 5238 ταῦτα
941 5185 998 5237 ἐν
1038 5183 1213 5256 τούτῳ
1246 5182 1402 5254 ὤφθη
1436 5183 1514 5256 τῷ
1557 5187 1816 5258 σχήματι,
1871 5189 2007 5243 ἀλλά

420 5266 542 5319 τότε
577 5268 755 5336 μόνον.
783 5267 919 5320 Εἱδέ
951 5266 1038 5321 διά
1066 5266 1223 5322 τοῦτο
1239 5267 1501 5322 ἐλάττονα
1533 5269 1698 5324 αὐτοῦ
1722 5272 1822 5343 τὴν
1850 5272 2006 5338 ἀξίαν

420 5348 528 5419 φῂς
567 5343 725 5412 εἶναι,
765 5350 1118 5422 εὑρεθήσεται
1164 5351 1259 5405 καὶ
1302 5353 1369 5407 τά
1402 5354 1683 5426 Χερουϐὶμ
1729 5358 1870 5411 κατὰ
1915 5358 2007 5412 τὸν

421 5430 577 5500 λόγον
597 5431 784 5484 τοῦτον
819 5433 1026 5503 ἀμείνω
1054 5435 1250 5506 πολλῷ,
1285 5437 1380 5491 καὶ
1415 5437 1667 5492 τοσοῦτον
1695 5439 1820 5494 ὅσον
1853 5457 2006 5512 περι-

1123 307 1181 364 S.
1223 308 1508 366 JOANNIS
1545 300 2039 366 CHRYSOSTOMI
2082 296 2399 359 ARCHIEP.
2439 299 2988 360 CONSTANTINOP.

3583 306 3728 360 ‘20":

2117 403 2311 489 στερᾶς
2335 418 2492 482 ἀετός
2513 433 2528 448 ·
2565 417 2658 470 καὶ
2685 414 2792 487 γὰρ
2824 418 2904 479 εἰς
2931 415 3133 486 ταύτην
3179 417 3402 469 κάκεῖνα
3447 420 3687 489 ὲσχημα
3709 455 3727 460 -

2114 499 2270 572 τίσθη
2308 501 2406 572 τὴν
2434 501 2559 570 ὄψιν
2581 515 2596 532 ·
2636 501 2730 554 καὶ
2770 501 2820 552 οἱ
2867 499 3086 567 ἄγγελοι
3121 499 3176 552 δὲ
3210 500 3466 569 ἀμείνους
3492 504 3679 556 πάλιν

2115 584 2208 635 καὶ
2227 584 2337 655 γάρ
2367 586 2425 637 ἐν
2456 585 2694 654 σχήματι
2741 583 3044 653 ἀνθρώπων
3084 582 3343 646 πολλάκις
3390 585 3730 656 ἐφάνησαν.

2127 666 2266 719 Ἀλλ’
2293 667 2394 720 οὐκ
2419 667 2534 720 ἐστι
2561 665 2756 730 ταῦτα,
2782 666 2880 719 οὐκ
2915 665 3048 719 ἐστι.
3073 667 3181 720 Καὶ
3205 668 3314 738 γὰρ
3337 669 3523 740 ἓτερον
3551 673 3727 724 οἱκο-

2113 749 2305 820 νομίας
2325 749 2570 822 ἀλήθεια,
2604 751 2697 804 καὶ
2715 749 2890 820 ὅψεως
2913 751 3243 822 προσκαίρου
3269 755 3701 820 συγκατάϐασις
3716 795 3733 807 .

2113 835 2206 905 Μὴ
2234 835 2412 889 τοίνυν
2440 836 2731 907 ἀχάριστος
2754 834 2905 903 γίνου
2945 836 3073 906 περὶ
3097 836 3186 889 τὸν
3215 835 3528 908 εὐεργέτην,
3558 840 3730 910 μηδὲ

2112 919 2225 980 τοῖς
2252 918 2513 981 ἐναντίοις
2536 919 2766 989 ἀμείϐου
2794 918 2890 972 τὸν
2927 919 3026 990 τὴν
3067 920 3250 991 πηγήν
3279 938 3359 974 σοι
3387 921 3486 992 τῆς
3518 941 3728 992 μακαο

2118 1000 2362 1072 ριότητος
2387 1001 2793 1073 δωρησάμενον.
2819 1002 2993 1055 Ὅπου
3023 1003 3131 1074 γάρ
3154 1005 3425 1068 υἱοθεσίας
3454 1004 3725 1077 ἀξίωμα,

2113 1088 2228 1139 ἐκεῖ
2257 1088 2352 1140 καὶ
2374 1089 2407 1157 ἠ
2437 1086 2547 1140 τῶν
2586 1087 3102 1160 κακῶνάναίρεσις,
3146 1091 3241 1142 καὶ
3269 1090 3300 1158 ἡ
3334 1089 3440 1142 τῶν
3471 1089 3730 1158 ἀγαθῶν

2112 1170 2367 1225 ἁπάντων
2398 1171 2564 1236 δόσις.
2591 1171 2688 1225 Διά
2716 1171 2780 1243 δὴ
2804 1170 2960 1225 τοῦτο
2981 1171 3041 1225 τὸ
3064 1171 3164 1243 μέν
3209 1172 3494 1225 Ἰουδαῖκδν
3525 1174 3727 1227 παύεο

2113 1273 2201 1310 ται
2232 1256 2534 1327 βάπτισμα,
2569 1255 2631 1310 τὸ
2668 1256 2726 1310 δὲ
2759 1256 3026 1327 ἡμέτερον
3059 1256 3234 1328 ἀρχὴν
3267 1256 3553 1325 λαμϐάνει.
3587 1256 3723 1310 Καὶ

2112 1340 2250 1410 ὅπερ
2279 1340 2372 1393 ἐπὶ
2400 1339 2494 1393 τοῦ
2517 1339 2709 1410 Πάσχα
2731 1341 2940 1409 γέγονε,
2971 1339 3130 1394 τοῦτο
3151 1341 3246 1393 καὶ
3269 1340 3362 1392 ἐπὶ
3385 1340 3476 1393 τοῦ
3499 1339 3727 1410 βαπτί-

2114 1440 2318 1495 σματος
2348 1423 2656 1494 συμϐαίνει.
2685 1424 2797 1477 Καὶ
2829 1421 2938 1494 γὰρ
2966 1423 3061 1476 καὶ
3098 1425 3215 1476 ἐκεῖ
3248 1423 3531 1494 ἀμφότερα
3558 1440 3678 1493 μετ
3701 1453 3719 1462 -

2111 1507 2303 1571 ελθὼν,
2343 1508 2404 1562 τὸ
2436 1508 2534 1577 μὲν
2567 1508 2771 1561 ἔπαυσε
2804 1508 2871 1573 ⁸⁸,
2918 1506 2998 1578 τῷ
3028 1507 3085 1560 δὲ
3116 1507 3290 1578 ἀρχὴν
3325 1507 3554 1561 δέδωκε·
3601 1509 3723 1560 καὶ

2070 1603 2072 1605 ’
2111 1591 2345 1646 ἐνταῦθα
2377 1592 2422 1623 ⁸⁸
2451 1589 2743 1661 πληρώσας
2785 1592 2845 1644 τὸ
2885 1590 3172 1645 Ἰουδαῖκὺν
3207 1591 3506 1661 βάπτισμα,
3558 1591 3720 1661 ἐμοῦ

2111 1678 2205 1731 καὶ
2231 1676 2325 1730 τοῦ
2355 1676 2456 1746 τῆς
2492 1675 2818 1748 Ἑκκλησίας
2848 1673 2944 1739 τάς
2970 1674 3139 1746 θύρας
3157 1674 3482 1743 άνοίγνυσιν,
3503 1673 3721 1744 ὥσπερ

2110 1761 2167 1814 ἐν
2204 1761 2302 1830 μιᾷ
2333 1757 2582 1831 τραπέζῃ
2602 1757 2744 1822 τότε,
2772 1758 2943 1822 οὕτως
2978 1757 3036 1811 ἐν
3069 1759 3150 1811 ἐνὶ
3188 1756 3415 1827 ποταμῷ
3446 1756 3561 1821 νῦν,
3596 1757 3718 1808 καὶ

2109 1841 2208 1913 τὴν
2239 1841 2397 1896 σκιὰν
2417 1841 2762 1912 ὑπογράψας,
2790 1842 2883 1896 καὶ
2905 1840 3002 1913 τὴν
3027 1840 3282 1912 ἀλήθειαν
3317 1841 3577 1911 προσθείς
3620 1841 3710 1893 ³³.

2112 1925 2426 1996 Πνεύματος
2448 1924 2557 1995 γὰρ
2586 1925 2746 1996 χάριν
2771 1923 2930 1979 τοῦτο
2960 1924 3073 1996 ἔχει
3104 1925 3166 1978 τὸ
3189 1924 3470 1995 βάπτισμα
3495 1925 3669 1995 μόνον
3697 1943 3717 1956 ·

2109 2009 2171 2062 τὸ
2195 2009 2252 2062 δέ
2280 2008 2548 2074 Ἰωάννου,
2570 2007 2776 2079 ταύτης
2797 2007 3004 2079 ἔρημον
3031 2007 3130 2078 τῆς
3158 2008 3366 2077 δωρεᾶς
3387 2004 3474 2078 ἦν.
3499 2007 3599 2062 Διά
3631 2008 3718 2079 δὴ

2109 2092 2267 2147 τοῦτο
2299 2093 2391 2145 ἐπὶ
2414 2093 2512 2162 μὲν
2539 2092 2648 2146 τῶν
2672 2093 2848 2147 ἄλλων
2877 2090 2987 2145 τῶν
3019 2091 3067 2123 ⁸⁸
3103 2091 3510 2162 βαπτιζομένων
3539 2090 3718 2164 [165]

2109 2175 2262 2230 οὐδὲν
2289 2175 2527 2229 τοιοῦτον
2555 2175 2780 2246 συνέϐη,
2806 2176 2899 2229 ἐπὶ
2936 2175 2993 2228 δὲ
3036 2174 3202 2228 αὐτοῦ
3238 2175 3397 2245 μόνου
3431 2174 3522 2228 τοῦ
3566 2175 3716 2246 μέλ-

2109 2261 2292 2324 λοντος
2326 2257 2482 2313 τοῦτο
2514 2259 2902 2331 παραδιδόναι·
2943 2260 3031 2314 ἵνα
3068 2258 3207 2328 μετὰ
3241 2258 3350 2312 τῶν
3389 2259 3716 2328 εἰρημένων

2110 2347 2206 2400 καὶ
2237 2341 2395 2397 τοῦτο
2427 2342 2627 2414 μάθῃς,
2675 2345 2760 2397 ὅτι
2793 2343 2891 2414 οὐχ
2942 2345 2975 2413 ἡ
3024 2342 3330 2413 καθαρότης
3367 2340 3462 2396 τοῦ
3499 2341 3715 2413 βαπτί-

2110 2427 2293 2492 ζοντος
2337 2426 2404 2492 ⁸⁸,
2463 2425 2640 2496 ἀλλ’ἢ
2680 2425 2906 2497 δύναμις
2956 2424 3048 2478 τοῦ
3099 2424 3489 2496 βαπτιζομένου
3533 2424 3714 2478 τοῦτο

2108 2511 2351 2581 ἐποίησε.
2384 2509 2517 2563 Τότε
2550 2509 2680 2578 γοῦν
2715 2509 2810 2564 καὶ
2852 2511 2901 2562 οἱ
2934 2508 3153 2581 ούρανοὶ
3185 2508 3552 2580 ἀνεῴχθησαν,
3596 2511 3715 2564 καὶ

2108 2595 2169 2648 τὸ
2197 2592 2420 2665 Πνεῦμα
2450 2593 2684 2665 ἐπῆλθεν
2714 2594 2782 2648 ⁸⁸.
2822 2591 2956 2646 Ἀπὸ
2977 2592 3087 2664 γὰρ
3111 2591 3213 2664 τῆς
3243 2592 3482 2656 παλαιᾶς
3504 2592 3712 2646 λοιπὸν

2110 2679 2203 2732 ἐπὶ
2232 2679 2330 2749 τὴν
2361 2678 2554 2749 καινὴν
2581 2677 2766 2746 ἐξάγει
2797 2675 3074 2730 πολιτείαν
3104 2678 3270 2746 ἡμᾶς,
3302 2677 3401 2739 τάς
3429 2693 3489 2730 τε
3516 2677 3712 2742 πύλας

2110 2764 2240 2835 ἡμῖν
2259 2763 2512 2830 ἀνοιγνύς
2539 2761 2639 2826 τάς
2671 2763 2804 2826 ἀνω,
2829 2763 2921 2814 καὶ
2945 2761 3170 2830 Πνεῦμα
3197 2760 3430 2830 πέμπων
3461 2761 3711 2830 ἐκεῖθεν,

2110 2844 2309 2900 καλοῦν
2338 2847 2418 2908 εἰς
2453 2844 2551 2917 τὴν
2573 2846 2690 2899 ἐκεῖ
2713 2843 2977 2916 πατρίδα·
3009 2844 3104 2896 καὶ
3127 2843 3224 2913 οὐχ
3254 2842 3441 2907 ἁπλῶς
3467 2845 3710 2910 καλοῦν,

2111 2929 2249 2984 ἀ).λά
2304 2929 2400 2982 καὶ
2451 2928 2588 3000 μετά
2644 2926 2954 2998 ἀξιώματος
2997 2925 3090 2981 τοῦ
3141 2927 3418 2996 μεγίστου.
3477 2929 3552 2982 Οὐ
3586 2930 3714 3001 γὰρ

2109 3011 2378 3081 ἀγγέλους
2398 3012 2491 3064 καὶ
2511 3010 2882 3084 ἀρχαγγέλους
2915 3010 3190 3081 ἐποίησεν,
3226 3009 3360 3064 ἀλλά
3383 3012 3532 3076 υἱοὺς
3557 3011 3712 3066 Θεοῦ

2110 3095 2524 3160 κατασκευάσας
2559 3097 2652 3150 καὶ
2673 3096 3011 3167 ἀγαπητούς,
3035 3093 3208 3161 οὕτως
3229 3095 3376 3148 ἕλκει
3401 3095 3537 3159 πρὸς
3561 3097 3714 3151 ἐκεί-

2110 3195 2209 3250 νην
2236 3178 2334 3251 τὴν
2365 3179 2520 3249 λῆξιν
2557 3180 2728 3250 ἡμᾶς.

2179 3263 2241 3319 δ’.
2256 3264 2299 3296 ⁸⁷
2314 3260 2478 3318 Ταῦτ’
2491 3257 2584 3317 οὖν
2607 3263 2866 3335 ἐννοήσας
2884 3265 3117 3325 ἅπαντα,
3138 3263 3348 3333 καὶτῆς
3367 3263 3585 3333 ἀγάπης
3600 3263 3710 3318 τοῦ

2109 3347 2421 3414 καλοῦντος,
2453 3346 2545 3402 καί
2579 3347 2678 3418 τῆς
2703 3347 2978 3411 πολιτείας
3005 3347 3104 3418 τῆς
3133 3348 3269 3413 ἐκεῖ,
3297 3348 3392 3400 καὶ
3415 3347 3514 3418 τῆς
3531 3349 3711 3419 τιμῆς

2106 3433 2207 3504 τῆς
2241 3431 2486 3504 δοθείσης
2515 3428 2664 3497 ἄξιον
2695 3429 2960 3496 ἐπίδειξαι
2996 3430 3109 3502 βίον
3135 3445 3150 3460 ·
3190 3431 3269 3503 τῷ
3313 3430 3501 3502 κόσμῳ
3529 3447 3710 3486 σταυ-

2111 3515 2327 3587 ρωθεὶς,
2357 3515 2454 3568 καὶ
2481 3512 2805 3586 σταυρώσας
2831 3514 2993 3568 αὐτὸν
3018 3513 3250 3586 σεαυτῷ,
3279 3515 3379 3586 τὴν
3397 3514 3506 3569 τῶν
3532 3514 3712 3586 οὐρα-

2108 3599 2215 3654 νῶν
2253 3598 2534 3654 πολιτεύου
2582 3597 2860 3653 πολιτείαν
2917 3599 3057 3668 μετά
3109 3597 3396 3670 ἀκριϐείας
3442 3598 3663 3668 ἀπάσης
3690 3618 3703 3631 ·

2110 3681 2246 3755 μηδέ
2281 3682 2466 3753 ἐπειδὴ
2495 3681 2556 3735 τὸ
2589 3679 2750 3752 σῶμά
2776 3696 2871 3733 σου
2904 3679 2979 3751 μὴ
3001 3679 3232 3752 μετέστη
3254 3681 3390 3754 πρὸς
3416 3680 3508 3735 τὸν
3532 3681 3708 3753 οὐρα-

2106 3767 2216 3831 νὺν,
2247 3766 2475 3839 νομίσῃς
2506 3764 2651 3835 ἔχειν
2682 3782 2735 3818 τι
2768 3763 2948 3818 κοινὸν
2981 3763 3119 3835 πρὸς
3147 3765 3246 3834 τὴν
3281 3765 3387 3833 γῆν
3407 3781 3422 3796 ·
3457 3765 3557 3834 τὴν
3584 3763 3708 3836 γὰρ

2106 3849 2350 3920 κεφαλὴν
2381 3849 2492 3904 ἀνω
2511 3849 2830 3919 καθημένην
2851 3846 3016 3919 ἔχεις.
3041 3845 3150 3900 Καὶ
3171 3847 3258 3902 διά
3284 3847 3442 3902 τοῦτο
3467 3849 3524 3903 δέ
3555 3849 3705 3920 πρό-

2104 3948 2264 4004 τερον
2300 3929 2534 3985 ἐνταῦθα
2560 3930 3004 4002 παραγενόμενος
3032 3930 3062 3983 6
3098 3930 3394 4001 Δεσπότης,
3435 3931 3529 3990 καὶ
3567 3932 3704 3996 τοὺς

2105 4013 2372 4084 ἀγγέλους
2401 4013 2646 4083 ἀγαγὼν,
2679 4014 2801 4068 τότε
2841 4031 2902 4068 σε
2943 4013 3228 4069 ἀναλαϐὼν
3265 4014 3509 4085 ἀπῆλθεν
3556 4014 3701 4080 ἐκεῖ,

2107 4100 2197 4153 ίνα
2224 4099 2320 4152 καὶ
2360 4098 2467 4169 πρὸ
2497 4097 2597 4169 τῆς
2624 4097 2815 4152 ἀνόδου
2843 4101 2942 4170 τῆς
2969 4099 3152 4152 ἐκεῖσε
3188 4097 3387 4170 μάθῃς,
3418 4099 3500 4152 ὅτι
3533 4097 3699 4152 δυνα-

2103 4183 2196 4237 τόν
2228 4197 2311 4235 σοι
2339 4181 2436 4252 τὴν
2459 4182 2561 4253 γῆν
2590 4181 2668 4246 ὠς
2693 4181 2786 4236 τὸν
2813 4181 3044 4255 οὐρανὸν
3075 4183 3265 4237 οἰκεῖν.
3293 4182 3558 4253 Μένωμεν
3591 4183 3702 4236 τοί-

2101 4285 2202 4322 νυν
2218 4265 2316 4337 τὴν
2342 4265 2625 4335 εὐγένειαν
2651 4267 2968 4340 τηροῦντες,
2992 4267 3058 4338 ἣν
3081 4266 3383 4339 ἐδεξάμεθα
3405 4267 3464 4331 ἐξ
3491 4267 3695 4338 ἀρχῆς,

2105 4351 2200 4407 καὶ
2232 4350 2301 4403 τὰ
2332 4351 2450 4403 ἐκεῖ
2479 4350 2724 4420 βασίλεια
2752 4351 2874 4405 καθ’
2923 4351 3165 4422 ἑκάστην
3209 4349 3556 4420 ἐπιζητῶμεν
3592 4351 3699 4420 τὴν

2105 4434 2343 4506 ἡμέραν,
2377 4433 2473 4486 καὶ
2511 4435 2690 4488 πάντα
2713 4434 2781 4488 τά
2807 4432 3046 4488 ἐνταῦθα
3081 4433 3239 4488 σκιὰν
3271 4434 3366 4488 καὶ
3395 4434 3529 4506 δναρ
3553 4429 3698 4488 εἷναι

2105 4514 2437 4586 νομίζωμεν.
2483 4515 2621 4571 Οὐδέ
2656 4517 2766 4588 γάρ
2811 4517 2860 4569 εί
2896 4515 3150 4587 βασιλεύς
3189 4533 3277 4580 τις
3314 4516 3423 4569 τῶν
3457 4517 3550 4568 ἐπὶ
3596 4516 3698 4586 τῆς

2104 4600 2210 4670 γῆς
2231 4599 2445 4670 πτωχὸν
2470 4599 2598 4653 ὅντα
2633 4618 2693 4654 σε
2719 4601 2765 4633 ⁸⁸
2796 4599 2889 4654 καὶ
2920 4601 3316 4670 προσαιτοῦντα
3345 4598 3544 4663 λαϐὼν,
3578 4600 3698 4654 υἱὸν

2106 4681 2365 4753 ἐξαίφνης
2402 4683 2717 4753 ἐποιήσατο,
2746 4684 2845 4755 τὴν
2881 4683 3122 4756 καλύβην
3167 4684 3264 4738 καὶ
3293 4684 3394 4756 τὴν
3417 4682 3696 4736 εὐτέλειαν

2105 4766 2205 4837 τῆς
2239 4765 2479 4838 καλύϐης
2505 4766 2606 4837 τῆς
2636 4767 2735 4839 σῆς
2766 4767 3054 4838 ἐνενόησας
3068 4767 3162 4822 ἀν·
3193 4767 3436 4836 καίτοιγε
3461 4767 3522 4821 οὐ
3554 4766 3694 4821 πολὺ

2105 4850 2168 4903 τὸ
2202 4849 2364 4920 μέσον
2394 4850 2528 4905 ἐκεῖ.
2575 4850 2667 4920 Μὴ
2697 4850 2876 4905 τοίνυν
2921 4851 3054 4921 μηδὲ
3094 4849 3330 4906 ἐνταῦθα
3383 4849 3600 4919 λογίζου
3640 4869 3696 4904 τι

2105 4934 2215 4988 τῶν
2241 4933 2524 5006 προτέρων
2543 4949 2558 4965 ·
2585 4933 2680 4988 καὶ
2696 4933 2804 5004 γὰρ
2829 4933 2924 4987 ἐπὶ
2957 4933 3137 5005 πολλῷ
3169 4933 3409 5005 μείζοσιν
3433 4932 3691 5003 ἐκλήθης.

2109 5018 2178 5071 '0
2205 5034 2264 5070 τε
2291 5015 2400 5087 γὰρ
2423 5015 2626 5082 καλῶν,
2665 5018 2694 5070 6
2721 5016 2830 5069 τῶν
2853 5016 3100 5086 ἀγγέλων
3128 5017 3410 5088 Δεσπότης
3443 5016 3558 5069 ἐστί
3583 5032 3599 5046 ·
3625 5017 3698 5072 τά

2106 5121 2167 5157 τε
2201 5105 2246 5136 θ’
2283 5102 2537 5173 διδόμενα
2567 5100 2769 5170 ἀγαθὰ,
2801 5102 2895 5155 καὶ⁵
2933 5102 3088 5171 λόγον
3126 5103 3221 5156 καὶ
3247 5102 3485 5157 διάνοιαν
3523 5101 3695 5172 ὑπερ-

2108 5187 2285 5242 ϐαίνει
2317 5188 2520 5241 πᾶσαν.
2549 5184 2624 5238 Οὐ
2650 5185 2760 5260 γάρ
2788 5185 2896 5239 ἀπὸ
2917 5186 3021 5256 γῆς
3049 5187 3130 5250 εἰς
3155 5187 3260 5257 γῆν
3289 5203 3349 5240 σε
3380 5186 3690 5256 μεθίστησι,

2107 5271 2363 5342 καθάπερ
2391 5272 2419 5324 6
2448 5268 2721 5340 βασιλεὺς,
2751 5269 2866 5324 ἀλλ’
2892 5270 3001 5324 ἀπὸ
3029 5271 3134 5342 γῆς
3173 5271 3254 5334 είς
3297 5269 3544 5342 οὐρανὸν,
3597 5270 3694 5322 καὶ

2107 5357 2216 5411 ἀπὸ
2239 5356 2454 5426 φύσεως
2468 5354 2670 5426 θνητῆς
2697 5355 2775 5419 είς
2796 5354 3062 5409 ἀθάνατον
3085 5354 3180 5408 καὶ
3195 5353 3355 5421 δόξαν
3387 5354 3404 5385 ¹
3427 5355 3688 5426 ἄρρητον,

2108 5441 2228 5494 τότε
2271 5439 2578 5509 δυναμένην
2627 5439 2785 5510 μόνον
2834 5438 3068 5508 φανῆναι
3112 5437 3310 5505 καλῶς,
3352 5438 3478 5491 ὅταν
3524 5435 3693 5506 αὐτῆς

488 5521 1380 5614 '?;'£§V2?_1.“€‘,“;£666,036!-
1404 5526 1647 5614 εὖγεειάο
1684 5532 1730 5564 ⁸⁸
1753 5531 1845 5614 δίς
1868 5531 1930 5588 ο·
1964 5533 2007 5614 Ξῖ

2109 5533 2251 5614 περι
2267 5531 2455 5614 φθερετὲ
2491 5528 3324 5614 aramééwxwezi'61393059:
3357 5528 3512 5614 Εάέιλ.
3532 5526 3693 5614 "39?-

417 5594 626 5674 δωρεᾶς
653 5593 884 5674 ἀφάτού]
909 5594 1006 5674 _Sip
1034 5595 1096 5650 E.
1125 5598 1231 5674 Ge;
1260 5603 1440 5674 c._'ele_ri
1462 5602 1672 5674 ἀφάτου
1703 5603 2045 5674 καὶ-δωρεᾶς.

539 5663 579 5745 ξ.
604 5665 676 5735 μή
697 5663 772 5745 Β.Δ
828 5663 883 5745 ’ξ
897 5665 1260 5745 ἀνέπαυσεῐ).
1286 5669 1433 5745 E_._F.
1505 5663 1548 5745 5f
1567 5672 1824 5745 ἐνταῦθα]
1869 5663 2007 5730 έύύ.

2109 5675 2183 5730 λιν
2216 5674 2273 5727 Β·
2411 5688 2463 5742 ιι·
2495 5689 2552 5742 ρο
2578 5672 2859 5745 βάπεισμα
2887 5689 3004 5745 ραις
3025 5669 3296 5745 DIE-ﬁ-
3323 5663 3370 5745 ’Ξ
3391 5663 3612 5745 τέροῖὲέίέ
3629 5663 3683 5720 FQ

419 5664 579 5735 Azc.
604 5665 676 5735 μή

2103 5605 2149 5636 ιο
2166 5601 2388 5673 θαλλοῦ]
2423 5597 2670 5673 θαλοῦνΑ.
2690 5597 2749 5657 Β.
2764 5602 2828 5657 c.
2861 5602 3055 5673 κλάδου
3073 5601 3244 5673 Egd._
3273 5601 3340 5673 °°_
3357 5597 3516 5673 μηδέι
3531 5599 3604 5673 μὴ
3626 5597 3688 5673 ἐή

419 5734 590 5787 ’δτῶν
609 5734 717 5788 om.
746 5736 810 5789 Α.
845 5735 904 5791 Β.
938 5735 1001 5791 C.
1073 5737 1120 5772 "
1166 5738 1540 5813 βαπτίζοντος]
1571 5734 1947 5866 ἓαπτίσμάτος
1975 5745 2039 5798 D.
2075 5755 2128 5800 el
2177 5761 2258 5814 βυ.
2305 5743 2362 5797 Ε.
2412 5734 2858 5814 ἠ’καῖτῆλθενῖἶ.
2893 5741 2900 5747 ’
2960 5744 3006 5775 ³⁷
3031 5741 3318 5795 ΗΘΙΚΟΝ.
3345 5734 3470 5792 ’Ότι
3505 5741 3534 5791 ό
3559 5739 3690 5808 Χρι-

419 5804 654 5866 στιανὸς,
671 5805 745 5866 μὴ
778 5806 1221 5866 ἐπιδεικνύμενος
1245 5811 1476 5866 ἀρίστην
1503 5830 1571 5864 πο
1609 5814 1797 5866 ιτείαν.
1824 5813 1986 5866 πλέον
2009 5818 2351 5866 τιμωρεῖται.
2397 5815 2442 5847 ’⁸
2466 5832 2523 5866 σε
2559 5830 2670 5866 om.
2693 5812 2753 5866 F.
2782 5813 2919 5866 Mor.
2947 5823 3069 5866 nosl.
3092 5813 3388 5866 ἐποιήσατο
3417 5809 3687 5864 collocant

419 5804 654 5879 στιανὲς,
671 5805 745 5878 μὴ
778 5804 1221 5879 ἐπιδεικνύμενος
1245 5804 1476 5879 ἀρίστην
1499 5804 1571 5864 πο

781 5878 825 5908 ¹⁹⁹
857 5878 924 5930 Ὅ
954 5894 1015 5931 τε
1041 5879 1112 5944 γά

1609 5831 1685 5887 ιτε
1695 5809 1800 5887 ίαν,
1824 5813 1986 5887 πλέον

2111 5809 2351 5887 ωρεῖται.
2377 5815 2442 5887 η⁹⁸
2466 5832 2523 5867 σε
2559 5809 2670 5868 oni.
2693 5812 2753 5887 Ε.
2782 5813 2919 5869 Mor.
2947 5823 3069 5887 ροσε,
3088 5813 3398 5887 ἐποιήσατο.
3417 5809 3687 5887 ςοὶίοωιιι

879 5878 1015 5957 ραι
1041 5877 1217 5957 γάρ...
1242 5877 1312 5957 τά
1339 5877 1612 5957 τεῖξρταν
1643 5885 1814 5957 δεκαὶ
1833 5886 1927 5957 ό...
1947 5888 2049 5957 καὶ.
2071 5877 2241 5941 ’τά’Λ.
2273 5885 2329 5941 Β.
2365 5886 2425 5945 Ω.
2451 5887 2620 5940 Ὅταν
2651 5884 2756 5955 γάρ
2782 5887 2874 5940 6...
2901 5877 2970 5939 τά
2995 5884 3051 5938 δέ
3088 5882 3149 5937 ἰ).
3169 5877 3452 5957 [ἱστίη]
3478 5889 3532 5935 el.
3559 5893 3686 5934 mox

416 5943 718 6020 ὐπ-ερϐαίνῃ
757 5947 814 6002 Β.
850 5947 968 6004 Vid.
1007 5943 1193 6006 οέιηὸι.
1278 5943 1612 6024 ’καὶδόξαη
1637 5954 1789 6020 δόξαν
1818 5955 1907 6009 καί
1941 5955 2007 6012 {id
