3856 6180
167 205 246 261 2ίό
1235 200 1300 256 ΙΝ
1335 195 1742 257 MATTHIEUM
1781 192 2006 253 llOMlL.
2051 199 2163 258 ΧΗ.

164 355 304 397 tamen
333 339 496 395 ﬁdem
528 355 715 413 neges.
743 337 876 397 Nam
907 340 958 396 in
985 339 1257 412 principiis
1306 353 1520 410 semper
1554 340 1725 396 admi-

156 433 413 490 randarum
461 433 932 502 spiritualiumque
981 447 1160 487 rerum
1209 431 1444 487 visiones
1474 439 1729 501 apparent

153 540 337 580 sensum
371 534 661 580 moventes
689 534 745 580 et
769 525 918 596 signa
943 523 1268 595 bujnsmodi,
1294 523 1450 594 idque
1481 525 1724 593 Stuptdo-

150 633 240 671 tum
271 615 558 670 hominum
584 632 768 682 causa,
799 617 887 685 qui
908 617 1090 671 sensili
1117 616 1319 671 visione
1346 629 1480 686 Opus
1505 615 1723 684 habent,

148 722 296 774 neque
318 718 555 776 possunt
575 709 806 778 aliquam
835 709 1169 778 incorporea:
1193 718 1396 764 naturae
1426 709 1599 765 idenm
1629 709 1726 764 ad-

145 802 360 864 mittere,
414 801 513 854 sed
560 800 628 854 ad
679 799 908 855 visibilia
959 810 1162 854 tantum
1211 800 1615 871 obstupescunt,
1666 811 1724 858 ut

142 892 326 948 etiamsi
360 901 558 960 postea
604 892 726 946 talia
758 907 864 946 non
895 892 1162 958 eveniant,
1193 907 1256 947 ea
1297 903 1417 962 qna:
1461 893 1626 948 semel
1668 902 1724 950 et

139 987 180 1037 in
204 981 469 1052 principio
497 981 638 1038 facta
666 995 792 1038 sunt
818 983 1034 1048 similia,
1057 984 1123 1038 ad
1141 983 1298 1040 ﬁdem
1331 985 1395 1039 iis
1422 984 1719 1040 habendam

138 1077 407 1131 deducant.
468 1076 606 1131 Nam
636 1086 690 1132 et
733 1091 895 1145 super
935 1078 1207 1147 apostolos
1235 1093 1399 1133 sonus
1427 1078 1598 1134 factus
1639 1087 1722 1136 est

137 1169 332 1238 spiritus
361 1169 742 1236 vehementis,
771 1177 828 1224 ct
869 1170 1164 1240 linguarum
1203 1170 1477 1241 ignearum
1513 1171 1720 1241 species

134 1276 439 1330 apparuere,
469 1278 580 1316 non
627 1271 847 1332 propter
897 1261 1189 1330 apostolos,
1237 1262 1330 1316 sed
1361 1271 1580 1332 propter
1625 1277 1719 1320 eos

131 1356 202 1423 qui
231 1365 359 1409 tunc
392 1365 694 1424 praesentes
715 1363 868 1410 erant
891 1353 1124 1410 Iudaeos.
1157 1355 1405 1408 Attamen
1440 1353 1563 1410 licet
1589 1369 1718 1409 sen-

125 1447 227 1500 silia
254 1446 415 1516 signa
448 1463 558 1502 non
601 1447 751 1512 ﬁant,
781 1462 900 1518 quae
926 1461 1023 1516 per
1047 1446 1133 1500 illa
1161 1447 1328 1503 semel
1354 1446 1716 1503 demonstrata

122 1545 235 1592 sunt
249 1537 622 1593 admittimus.
651 1538 782 1593 Nam
809 1536 1130 1594 etcolumba
1161 1537 1282 1594 ideo
1305 1546 1431 1593 tunc
1459 1539 1574 1593 visa
1611 1547 1714 1606 est,

123 1641 170 1684 ut
194 1631 346 1700 quasi
376 1631 556 1702 digito
578 1631 809 1702 quodam
842 1630 1194 1702 praesentibus
1219 1640 1269 1686 et
1298 1630 1492 1686 Joanni
1521 1630 1714 1685 Filium

121 1724 203 1779 Dei
223 1734 591 1782 monstraret.
614 1725 800 1796 Neque
830 1725 951 1781 ideo
972 1733 1175 1780 tantum
1197 1763 1212 1790 ,
1249 1725 1344 1780 sed
1390 1725 1550 1780 etiam
1578 1732 1632 1779 ut
1659 1733 1715 1778 tu

119 1817 382 1884 disceres,
418 1820 586 1874 etiam
638 1833 801 1890 super
844 1827 896 1874 te
944 1817 1289 1890 baptizatum,
1319 1817 1574 1889 Spiritum
1621 1817 1717 1874 de-

117 1908 390 1965 accudere.

176 2003 228 2055 3.
251 2002 421 2057 Fides
449 2020 556 2057 non
584 2020 711 2075 Opus
728 2003 875 2059 habet
901 2003 1106 2058 visione.
1126 2002 1350 2074 Spiritus
1378 2011 1582 2058 sanctus
1611 2018 1715 2058 non

118 2094 270 2147 minor
318 2093 558 2149 Christo.
624 2096 856 2151 Christus
905 2095 1205 2150 Judworum
1257 2101 1303 2152 et
1357 2096 1606 2166 baptisma
1666 2106 1714 2153 et

119 2183 312 2239 Pascha
343 2188 895 2258 abragat.—Demum
927 2202 1031 2242 non
1057 2203 1192 2258 opus
1234 2187 1391 2244 nobis
1418 2198 1500 2245 est
1525 2189 1710 2245 sensili

117 2281 330 2345 visione,
385 2298 516 2336 cum
570 2283 702 2338 ﬁdes
748 2284 866 2340 vice
911 2286 1147 2339 omnium
1198 2285 1330 2340 satis
1375 2285 1444 2340 sit
1493 2304 1507 2341 ε
1559 2287 1709 2357 signa

117 2375 299 2443 quippe
333 2390 450 2430 non
481 2377 831 2432 credentibus
853 2419 868 2442 ,
900 2377 992 2434 sed
1024 2378 1312 2434 incredulis
1341 2378 1554 2434 dantur.
1604 2378 1711 2436 Cur

114 2477 278 2520 autem
310 2467 366 2520 in
399 2467 673 2523 columba:
712 2468 932 2538 specie?
957 2469 1288 2525 Mansuetum
1317 2480 1400 2526 est
1428 2471 1624 2526 animal
1655 2480 1710 2527 et

113 2556 386 2610 mundum.
441 2556 580 2626 Quia
643 2558 806 2629 igitur
846 2558 1113 2629 Spiritus,
1160 2561 1582 2616 mansuetudinis
1626 2570 1709 2617 est

113 2648 329 2718 Spiritus
356 2689 375 2715 ,
423 2649 550 2706 ideo
597 2650 686 2706 illa
732 2650 902 2706 forma
944 2652 1210 2722 apparuit.
1244 2653 1491 2723 Alioquin
1527 2664 1705 2709 autem

113 2751 340 2797 veterem
377 2743 670 2797 historiam
696 2742 853 2798 nobis
883 2744 936 2798 in
963 2744 1274 2800 memoriam
1305 2754 1541 2801 revocat.
1569 2745 1703 2802 Nam

115 2847 221 2887 cum
269 2834 404 2888 olim
453 2837 730 2890 communi
778 2835 1054 2906 naufragio
1100 2847 1266 2894 totum
1320 2838 1504 2894 orbem
1559 2839 1708 2894 inva-

114 2926 277 2991 dente,
315 2937 493 2981 totum
526 2942 747 2998 prorsus
774 2927 1044 2984 hominum
1077 2945 1244 3001 genus
1270 2930 1662 2999 periclitaretur
1684 2971 1700 2996 ,

116 3017 203 3073 hoc
227 3019 438 3072 animal
470 3019 759 3088 apparuit,
787 3029 844 3076 et
873 3022 1204 3090 tempestatis
1245 3022 1403 3077 linem
1434 3023 1700 3090 ostendit,

116 3124 167 3164 ac
209 3126 428 3165 ramum
479 3111 638 3167 olivae
679 3122 855 3168 rostro
900 3122 1085 3170 tenens
1112 3155 1127 3180 ,
1176 3129 1510 3171 communem
1558 3117 1704 3172 orbis

117 3205 549 3274 tranquillitatem
597 3207 858 3263 nuntiavit
891 3225 904 3262 :
936 3224 1057 3280 quas
1082 3210 1260 3266 omnia
1305 3209 1470 3281 ﬁgura
1499 3210 1703 3266 futuro-

116 3309 216 3348 rum
257 3304 445 3350 erant.
497 3295 651 3353 Tunc
693 3299 837 3354 enim
882 3301 1049 3355 multo
1090 3300 1356 3358 deteriore
1396 3303 1703 3361 conditione

118 3401 189 3441 res
212 3387 499 3444 hominum
531 3398 721 3458 erant,
750 3406 813 3446 ac
838 3392 1004 3448 multo
1040 3394 1244 3464 majore
1285 3395 1357 3450 illi
1383 3404 1536 3451 erant
1576 3411 1702 3467 sup-

117 3481 258 3550 plicio
286 3481 466 3553 digni.
513 3481 594 3538 Ne
620 3482 873 3554 desperes
903 3485 1062 3556 igitur
1086 3527 1102 3553 ,
1137 3487 1274 3542 hanc
1301 3487 1393 3542 tibi
1422 3487 1698 3544 historiam

117 3572 158 3626 in
196 3574 524 3628 memoriam
559 3584 791 3629 revocat.
839 3574 966 3630 Nam
998 3585 1122 3632 tunc
1164 3575 1457 3648 desperatis
1499 3580 1694 3646 rebus,

116 3665 270 3720 exitus
323 3675 512 3721 tamen
557 3667 772 3738 quidam
814 3677 868 3724 et
909 3669 1212 3726 emendatio
1256 3670 1356 3726 fuit
1385 3693 1399 3727 :
1431 3673 1526 3728 sed
1575 3681 1700 3728 tunc

116 3775 196 3831 per
233 3761 564 3831 supplicium
590 3802 605 3825 ,
639 3777 780 3817 nunc
820 3779 947 3818 vero
989 3779 1086 3834 per
1128 3765 1351 3836 gratiam
1399 3774 1454 3822 et
1495 3765 1694 3822 donum

117 3854 391 3909 ineﬂ'abile.
447 3853 680 3924 ideoque
723 3855 969 3911 columba
1016 3866 1283 3927 apparet,
1332 3872 1438 3912 non
1485 3872 1694 3914 ramum

114 3945 247 3999 oliva:
268 3945 478 4012 ferens,
503 3945 599 4000 sed
626 3947 862 4002 omnium
881 3942 1151 4004 malorum
1179 3949 1515 4006 liberatorem
1543 3951 1696 4006 nobis

114 4039 410 4105 ostendens,
436 4040 740 4110 bonamque
767 4056 918 4111 spem
944 4041 1223 4098 exhibens.
1253 4042 1435 4113 Neque
1461 4044 1602 4100 enim
1623 4059 1694 4100 ex

115 4147 216 4187 arca
254 4148 429 4188 unum
455 4132 639 4188 educit
667 4132 958 4199 hominem,
983 4134 1077 4190 sed
1106 4150 1226 4191 cum
1256 4144 1496 4207 apparet,
1525 4146 1691 4193 totum

115 4225 278 4280 orbem
307 4225 514 4280 attollit
539 4225 590 4280 in
621 4227 811 4281 caelum
833 4267 848 4291 ,
880 4235 932 4282 et
963 4241 1059 4297 pro
1087 4227 1243 4284 olivae
1267 4244 1417 4285 ramo
1446 4229 1694 4300 adoptio-

117 4332 216 4369 nem
247 4317 486 4370 ﬁliorum
522 4317 790 4371 communi
821 4317 966 4373 orbis
992 4320 1177 4389 generi
1216 4319 1389 4375 affert.
1431 4320 1692 4392 Magnitu-

114 4407 270 4462 dinem
310 4422 449 4477 ergo
476 4406 605 4461 doni
647 4416 823 4463 tecum
854 4418 1107 4480 reputans
1132 4449 1148 4474 ,
1188 4426 1255 4467 ne
1282 4411 1544 4467 minorem
1575 4412 1694 4480 ejus

114 4502 410 4569 dignitatem
438 4501 751 4565 existimes,
797 4501 938 4571 quod
968 4502 1022 4558 in
1061 4502 1152 4557 tali
1199 4504 1378 4574 specie
1414 4514 1690 4575 appareat.

115 4592 223 4646 Nam
251 4593 525 4663 quosdam
550 4593 711 4648 audio
736 4593 995 4659 dicentes,
1029 4603 1232 4650 tantum
1273 4611 1394 4652 esse
1421 4597 1691 4653 hominem

116 4685 232 4740 inter
261 4693 319 4741 et
360 4685 674 4740 columbam
703 4685 987 4742 discrimen
1009 4726 1025 4752 ,
1071 4695 1327 4757 quantum
1371 4687 1510 4744 inter
1537 4687 1693 4744 Chri-

114 4786 236 4830 stum
267 4784 324 4833 et
349 4775 617 4845 Spiritum
646 4818 658 4840 ,
700 4776 822 4845 quia
848 4777 937 4832 ille
961 4778 1013 4831 in
1041 4787 1228 4832 natura
1255 4787 1434 4834 nostra
1457 4821 1472 4844 ,
1524 4779 1612 4835 hic
1637 4780 1690 4836 in

116 4867 272 4932 specie
310 4865 586 4921 columba:
627 4867 892 4936 apparuit.
957 4867 1094 4935 Quid
1142 4867 1209 4922 ad
1257 4869 1370 4924 hare
1410 4869 1692 4926 dicendum

114 4959 214 5008 est?
260 4955 492 5012 Scilicet
536 4955 728 5010 Filium
777 4957 870 5012 Dei
921 4969 1162 5012 naturam
1215 4959 1444 5015 hominis
1488 4975 1694 5017 assum-

117 5048 300 5114 psisse;
329 5047 601 5118 Spiritum
629 5064 757 5103 vero
779 5063 883 5104 non
915 5059 1158 5105 naturam
1183 5053 1460 5122 accepisse
1487 5053 1694 5108 colum-

121 5139 201 5194 bae.
227 5139 356 5196 Ideo
382 5139 712 5210 evangelista
742 5155 848 5195 non
880 5141 930 5195 in
959 5152 1166 5209 natura,
1193 5143 1288 5199 sed
1317 5143 1369 5197 in
1395 5145 1571 5215 specie
1595 5159 1692 5201 co-

119 5229 288 5286 lumbae
311 5230 453 5286 dixit
483 5248 498 5284 :
533 5247 705 5300 neque
733 5242 916 5301 postea
942 5248 1191 5304 umquam
1226 5235 1322 5288 hac
1354 5234 1520 5305 ﬁgura
1550 5237 1693 5292 visus

122 5331 188 5374 est
209 5364 224 5388 ,
247 5323 344 5379 sed
377 5334 510 5379 tunc
540 5331 766 5378 tantum.
801 5322 857 5379 Si
885 5339 1045 5392 porro
1073 5324 1189 5394 ejus
1219 5324 1339 5381 idco
1383 5326 1691 5399 dignitatem

125 5415 364 5471 minorem
393 5413 565 5484 dicas,
599 5416 702 5472 hoc
727 5417 1075 5473 ratiocinandi
1103 5422 1263 5478 modo
1292 5422 1578 5480 Cherubiui
1604 5425 1694 5482 illo

128 5506 335 5576 majores
362 5511 704 5579 reperientur
733 5552 746 5575 ,
795 5519 850 5566 ct
877 5523 1135 5582 quantum
1171 5516 1345 5587 aquila
1394 5519 1564 5590 major
1613 5529 1697 5576 est

125 5600 345 5662 columba
380 5617 548 5660 :nam
576 5603 654 5660 illi
701 5603 838 5662 hanc
870 5620 1158 5678 suscepere
1198 5609 1464 5680 speciem;
1495 5615 1550 5670 ct
1591 5627 1688 5667 an-

3318 223 3424 283 206

1841 318 1944 388 geli
1971 334 2184 392 quoque
2207 327 2626 394 prmstantiores,
2653 331 2744 401 qui
2771 331 3044 390 hominum
3069 337 3246 406 specie
3277 355 3420 410 sa-pe

1835 422 2211 482 apparuerunt.
2245 418 2314 470 At
2342 433 2448 473 non
2480 421 2572 488 ita,
2601 436 2709 478 non
2730 424 2800 479 ita
2830 427 3010 497 utique
3035 445 3122 484 res
3148 445 3206 486 sc
3238 431 3416 487 habet.

1831 503 1964 559 Nam
2003 505 2146 562 aliud
2175 517 2257 563 est
2285 511 2482 568 veritas
2506 516 2820 572 oeconomia:
2842 559 2857 583 ,
2889 519 3031 575 aliud
3059 529 3416 592 temporanezn

1832 596 2052 652 visionis
2083 601 2379 658 concessio.
2427 603 2505 659 Ne
2524 605 2702 676 itaque
2732 608 2969 679 ingratus
2998 613 3072 666 sis
3096 629 3220 684 erga
3248 616 3416 672 bene-

1830 685 2085 744 factorem
2110 731 2126 757 ,
2172 707 2344 763 neque
2387 700 2710 753 contrariam
2762 702 2993 770 repende
3025 705 3193 760 vicem
3234 707 3282 762 ei
3323 711 3412 779 qui

1829 779 1925 834 tibi
1952 781 2296 841 beatitudinis
2325 788 2523 845 fontem
2563 791 2798 848 donavit.
2853 794 2951 851 Ubi
2996 798 3137 852 enim
3167 809 3247 855 est
3285 803 3415 858 ado-

1827 871 2026 940 ptionis
2054 875 2284 947 dignitas
2307 920 2323 946 ,
2367 880 2441 936 ibi
2470 892 2524 937 et
2552 885 2815 940 malorum
2843 887 3085 958 depulsio
3108 932 3123 956 ,
3165 902 3219 947 et
3245 894 3413 949 bono-

1826 979 1946 1021 rum
1990 968 2228 1026 omnium
2288 989 2499 1032 munus.
2567 975 2693 1032 Ideo
2741 977 3018 1035 Judaicum
3057 983 3270 1052 quidem
3320 987 3414 1042 ba-

1826 1058 2020 1129 ptisma
2048 1062 2335 1135 abrogatur
2357 1108 2374 1133 ,
2421 1082 2660 1124 nostrum
2688 1078 2862 1126 autem
2894 1075 3172 1130 exordium
3203 1076 3362 1133 habet
3390 1095 3405 1132 :

1824 1162 1985 1225 atque
2028 1156 2258 1227 idipsum
2289 1161 2428 1230 quod
2459 1161 2512 1216 in
2543 1163 2823 1232 Paschate,
2852 1166 2904 1220 in
2932 1167 3247 1236 baptismate
3273 1186 3380 1240 quo

1825 1261 1929 1318 que
1954 1250 2194 1322 contigit.
2234 1251 2366 1308 Nam
2393 1269 2514 1310 cum
2542 1266 2829 1327 utrumque
2872 1261 3066 1328 pascha
3097 1262 3408 1320 celebrave-

1825 1341 1914 1408 rit,
1945 1343 2173 1399 altcrum
2203 1345 2502 1418 abrogavit,
2531 1349 2687 1405 alteri
2716 1367 2844 1407 vero
2873 1355 3187 1426 principium
3215 1356 3360 1412 dedit
3390 1375 3406 1415 ε

1824 1441 1879 1487 et
1927 1433 2013 1489 hic
2050 1451 2261 1491 rursum
2287 1479 2303 1505 ,
2347 1453 2466 1494 cum
2494 1440 2770 1497 Judaicnm
2824 1444 3080 1514 baptisma
3128 1448 3404 1517 implevit,

1824 1534 1950 1580 tunc
2007 1536 2062 1582 et
2103 1528 2357 1585 Ecclesia:
2410 1531 2740 1602 baptismatis
2789 1534 2980 1606 januas
3021 1540 3224 1607 aperit;
3269 1543 3407 1596 sicut

1825 1624 1949 1672 tunc
1973 1617 2024 1673 in
2053 1634 2154 1673 una
2183 1635 2366 1676 mensa
2392 1663 2406 1686 ,
2438 1623 2515 1678 sic
2538 1640 2680 1680 nunc
2717 1626 2769 1680 in
2799 1643 2906 1681 uno
2927 1627 3145 1686 ﬂumine
3168 1671 3184 1698 ,
3215 1640 3270 1686 et
3291 1648 3406 1687 um-

1819 1707 1969 1763 bram
2000 1710 2297 1778 delineans,
2328 1724 2381 1769 et
2401 1716 2680 1771 veritatem
2709 1717 2930 1774 addens.
2957 1720 3189 1790 Spiritus
3208 1724 3405 1794 quippe

1818 1801 2040 1870 gratiam
2068 1801 2170 1859 hoc
2197 1805 2369 1860 solum
2399 1807 2659 1877 baptisma
2690 1809 2884 1876 habet;
2913 1811 3135 1867 Joannis
3161 1830 3287 1870 vero
3310 1816 3403 1870 ha-

1817 1891 2010 1961 ptisma
2038 1892 2139 1949 hoc
2168 1894 2312 1950 dono
2337 1912 2561 1952 vacuum
2605 1910 2742 1954 erat.
2773 1900 2999 1971 Ideoque
3027 1902 3153 1958 dum
3177 1905 3264 1959 alii
3287 1919 3402 1960 om-

1817 1996 1915 2038 nes
1941 1982 2361 2055 baptizarentur,
2387 1987 2518 2043 nihil
2549 1990 2652 2045 tale
2673 1993 2926 2062 contigit;
2955 1994 3049 2048 sed
3085 1994 3137 2048 in
3167 1995 3256 2050 illo
3283 2005 3400 2050 tan-

1817 2083 1930 2132 tum
1959 2078 2048 2147 qui
2072 2079 2198 2135 illud
2227 2081 2516 2136 traditurus
2542 2091 2687 2150 erat;
2712 2092 2769 2138 ut
2797 2099 2917 2140 cum
2942 2086 3267 2156 supradictis
3298 2088 3401 2145 hoc

1815 2185 2030 2242 quoque
2055 2172 2252 2239 discas,
2278 2189 2382 2229 non
2410 2175 2692 2244 puritatem
2720 2177 3039 2249 baptizantis
3057 2180 3096 2244 ⁸,
3116 2180 3210 2236 sed
3231 2181 3403 2251 bapti-

1815 2263 1919 2318 zati
1945 2263 2196 2319 virtutem
2237 2265 2290 2320 id
2321 2265 2529 2323 fecisse.
2583 2267 2733 2324 Tunc
2776 2270 2955 2341 itaque
2984 2279 3038 2327 et
3064 2273 3183 2328 οξειί
3228 2276 3396 2340 aperti

1814 2363 1960 2422 sunt,
1989 2367 2042 2411 et
2069 2355 2298 2427 Spiritus
2319 2359 2644 2427 supervenit.
2666 2359 2797 2415 Nam
2818 2375 2848 2415 a
2879 2363 3045 2418 veteri
3075 2361 3283 2420 vivendi
3306 2381 3399 2436 ge-

1813 2464 1943 2504 nere
1971 2465 2071 2505 nos
2090 2450 2202 2520 jam
2250 2451 2477 2506 traducit
2515 2452 2581 2507 ad
2610 2455 2804 2509 novum
2835 2495 2852 2522 ,
2900 2455 3091 2525 januas
3138 2472 3399 2529 supernas

1812 2540 2088 2611 aperiens,
2120 2551 2176 2599 et
2201 2541 2456 2612 Spiritum
2493 2544 2617 2601 inde
2647 2546 2865 2602 mittens
2907 2548 2973 2603 ad
3005 2549 3147 2604 illam
3171 2551 3395 2620 patriam

1812 2641 2091 2688 vocantem
2111 2652 2125 2700 ;
2147 2649 2246 2690 nec
2266 2643 2469 2690 tantum
2488 2646 2788 2706 vocantem,
2807 2638 2904 2694 sed
2924 2649 2978 2696 et
2999 2655 3119 2696 cum
3138 2642 3396 2713 dignitate

1811 2726 2061 2781 maxima.
2112 2726 2227 2782 Non
2257 2729 2401 2784 enim
2429 2729 2649 2800 angelos
2676 2740 2731 2787 et
2757 2731 3105 2804 archangelos
3122 2735 3264 2801 fecit,
3297 2737 3395 2793 sed

1809 2815 1948 2872 ﬁlios
1974 2817 2067 2874 Dei
2097 2828 2152 2874 et
2170 2819 2395 2877 dilectos
2422 2839 2436 2878 ε
2460 2822 2539 2878 sic
2567 2836 2666 2878 nos
2689 2823 2758 2878 ad
2779 2823 2922 2880 illam
2941 2835 3138 2882 sortem
3154 2828 3393 2883 attrahit.

1879 2909 1934 2965 4.
1977 2909 2103 2965 llaec
2131 2913 2370 2983 cogitans
2389 2915 2566 2969 omnia
2591 2955 2607 2980 ,
2636 2925 2692 2971 et
2718 2915 3006 2973 dilectione
3033 2919 3273 2974 vocantis
3293 2960 3307 2983 ,
3339 2927 3396 2975 et

1809 3001 2082 3056 consortio
2108 3001 2200 3059 illo
2228 3004 2428 3059 caelesti
2453 3012 2509 3061 et
2536 3006 2730 3061 collato
2751 3005 2955 3064 honore
2983 3009 3196 3080 dignam
3228 3011 3394 3066 ducas

1807 3092 1970 3147 vitam
1995 3102 2235 3163 oportet;
2267 3095 2468 3152 mundo
2506 3098 2821 3166 cruciﬁxus,
2863 3110 2916 3156 et
2957 3102 3214 3158 mundum
3244 3104 3295 3158 in
3340 3115 3392 3159 te

1806 3185 2146 3257 cruciﬁgens,
2196 3202 2317 3243 cum
2347 3189 2493 3244 omni
2533 3189 2806 3262 diligentia
2834 3192 3046 3249 cmleste
3090 3195 3389 3250 institutum

1805 3277 2030 3334 exhibe:
2057 3295 2230 3350 neque
2254 3281 2376 3352 quia
2417 3296 2613 3354 corpus
2638 3291 2784 3339 tuum
2811 3285 3045 3341 nondum
3077 3287 3388 3342 translatum

1805 3378 1887 3425 est
1925 3370 1978 3424 in
2016 3371 2230 3440 caelum,
2274 3382 2429 3443 putes
2473 3383 2525 3430 te
2549 3375 2746 3446 aliquid
2769 3391 2889 3432 cum
2921 3385 3060 3434 terra
3101 3394 3389 3437 commune

1806 3459 2020 3517 habere.
2043 3461 2216 3533 Caput
2237 3467 2378 3520 enim
2405 3475 2551 3521 tuum
2574 3466 2739 3523 habes
2761 3468 2812 3524 in
2837 3469 2970 3525 caalo
2994 3469 3208 3526 sedens.
3237 3472 3390 3527 Ideo-

1803 3569 1906 3625 que
1932 3554 2187 3610 Dominus
2210 3571 2330 3612 cum
2361 3558 2508 3628 prius
2539 3559 2641 3615 huc
2665 3560 2922 3625 venisset,
2949 3563 3275 3635 angelusque
3295 3580 3385 3622 se-

1803 3659 1924 3700 cum
1945 3646 2289 3714 adduxisset,
2329 3658 2454 3704 tunc
2481 3659 2532 3705 te
2554 3661 2830 3722 assumpto
2869 3651 2992 3708 illuc
3018 3653 3182 3720 abiit,
3224 3664 3283 3710 ut
3327 3666 3381 3712 tu

1801 3745 2086 3808 antequam
2113 3739 2239 3794 illuc
2263 3741 2558 3806 ascendas,
2602 3741 2808 3798 ediscas
2837 3758 2994 3813 posse
3021 3753 3072 3801 te
3102 3755 3298 3801 terram
3325 3757 3381 3803 ut

1801 3831 1991 3886 caelum
2059 3831 2317 3889 incolere.
2366 3833 2780 3891 Perseveremus
2823 3837 3003 3908 itaque
3048 3839 3381 3897 nobilitatem

1801 3936 2036 3989 servare,
2064 3940 2222 3995 quam
2250 3926 2318 3982 ab
2343 3926 2493 3983 initio
2521 3929 2873 3998 suscepimus,
2907 3931 3213 4002 regiamque
3239 3930 3384 3990 illam

1799 4015 2067 4071 ctelestem
2111 4017 2350 4088 quotidie
2386 4034 2727 4089 quaeramus,
2775 4037 2837 4077 ac
2875 4024 3156 4093 praesentia
3201 4027 3384 4082 omnia

1799 4106 2046 4162 umbram
2092 4117 2148 4162 et
2188 4110 2453 4165 somnium
2481 4125 2600 4166 esse
2631 4123 2897 4182 putemus.
2943 4114 3128 4186 Neque
3154 4118 3295 4172 enim
3334 4117 3384 4174 si

1798 4199 2061 4271 quispiam
2087 4217 2180 4258 rex
2209 4211 2452 4260 terrenus
2497 4213 2550 4261 te
2577 4208 2880 4263 mendicum
2905 4219 2959 4264 et
2983 4224 3273 4280 pauperem
3299 4227 3385 4268 re-

1797 4301 1958 4360 pente
1985 4292 2036 4347 in
2059 4292 2224 4348 ﬁlium
2250 4293 2554 4364 adoptaret,
2580 4297 2845 4366 tugurium
2874 4305 3020 4352 tuum
3046 4299 3271 4371 ejusque
3297 4303 3381 4356 vi-

1799 4381 2003 4439 litatem
2062 4384 2198 4439 ultra
2247 4386 2580 4456 respiceres,
2623 4387 2832 4443 etiamsi
2875 4388 2992 4445 lucc
3041 4405 3148 4446 non
3191 4393 3380 4463 grandi

1798 4474 2083 4533 intervallo
2133 4487 2468 4548 separantur.
2513 4477 2592 4533 Ne
2636 4479 2816 4550 itaque
2863 4481 2950 4537 hic
2996 4483 3271 4553 quidpiam
3315 4501 3375 4539 cx

1796 4567 2064 4636 prioribus
2109 4568 2161 4623 in
2202 4578 2380 4625 mente
2423 4583 2606 4627 verses
2637 4587 2651 4624 :
2681 4587 2804 4626 nam
2848 4571 2917 4628 ad
2959 4573 3118 4644 longe
3163 4576 3380 4631 meliora

1797 4667 2027 4715 vocatus
2075 4673 2155 4715 es.
2213 4657 2314 4724 Qui
2343 4658 2488 4714 enim
2528 4669 2708 4727 vocat,
2741 4661 3058 4732 angelorum
3113 4664 3382 4720 Dominus

1796 4761 1899 4818 est,
1961 4753 2212 4821 bonaque
2277 4751 2372 4806 tibi
2435 4753 2634 4808 collata
2703 4754 2969 4808 rationem
3048 4770 3263 4809 omnem
3331 4763 3387 4810 et

1799 4856 2030 4900 mentem
2066 4854 2345 4933 superant.
2403 4843 2523 4900 Non
2554 4845 2700 4901 enim
2729 4862 2757 4899 a
2793 4856 2935 4900 terra
2986 4846 3040 4900 in
3101 4855 3298 4900 terram
3333 4855 3384 4901 te

1797 4934 2087 5000 transfert,
2137 4942 2196 4988 ut
2231 4935 2320 4989 ille
2349 4949 2478 5002 rex;
2523 4934 2618 4991 sed
2662 4949 2692 4988 a
2739 4943 2876 4990 terra
2908 4935 2960 4990 in
2989 4934 3202 5002 caelum,
3247 4942 3304 4992 et
3347 4952 3378 4990 a

1797 5029 2007 5084 mortali
2039 5036 2223 5083 natura
2268 5029 2319 5083 in
2369 5030 2593 5100 gloriam
2640 5029 2991 5084 immortalem
3039 5039 3093 5085 et
3140 5030 3382 5087 ineﬂ'abi—

1798 5123 1926 5189 lem,
1959 5138 2076 5193 qua:
2103 5131 2226 5177 tunc
2252 5131 2453 5178 tantum
2481 5123 2622 5177 clare
2650 5125 2840 5191 poterit
2867 5123 3115 5192 perspici,
3143 5139 3262 5180 cum
3291 5126 3379 5182 illa

1799 5213 2056 5269 fruemur.
2099 5215 2247 5268 Talia
2280 5224 2456 5269 tamen
2483 5224 2904 5284 consequuturus
2933 5213 3091 5277 bona,
3126 5217 3381 5286 pecunias

1799 5304 1927 5359 mihi
1957 5319 2386 5371 commemoras,
2433 5313 2806 5374 terrenamque
2849 5319 3094 5374 pompam
3141 5307 3385 5363 retines?

1800 5411 1899 5450 nec
1951 5404 2104 5465 putas
2148 5396 2263 5451 haec
2300 5396 2476 5450 omnia
2521 5412 2638 5465 qua:
2679 5395 2778 5450 sub
2819 5406 3092 5467 aspectum
3145 5397 3377 5465 cadunt,

1801 5487 2167 5544 mendicorum
2199 5487 2388 5558 pannis
2413 5503 2533 5544 esse
2562 5487 2784 5544 viliora?
2819 5489 2890 5544 Et
2929 5489 3198 5560 quomodo
3235 5497 3382 5545 tanto

1869 5646 1884 5677 ⁸
1922 5651 2064 5705 Unus,
2090 5656 2182 5694 non
2202 5645 2456 5706 puritatem
2481 5641 2722 5706 baptismi;
2745 5645 2903 5694 minus
2918 5649 3073 5694 recte.
