3856 6180
558 260 664 316 9.07

555 379 762 432 honore
791 372 982 442 dignus
1010 369 1291 426 hahearis?
1315 385 1474 440 quam
1500 369 1866 427 defensionem
1908 371 2146 442 proferre

563 466 780 538 possis?
824 466 932 520 imo
960 464 1138 534 potius
1175 477 1308 532 quas
1335 477 1520 532 pmnas
1545 478 1651 517 non
1677 463 1794 519 lues
1814 505 1828 528 ,
1860 479 1980 520 cum
2027 475 2147 534 post

555 567 763 614 tantum
815 556 1014 610 donum
1058 554 1125 609 ad
1171 556 1404 625 priorem
1456 553 1714 609 vomitum
1760 556 1986 611 curras?
2028 555 2143 611 Non

556 647 702 703 enim
745 644 882 701 ultra
913 654 974 700 ut
1018 645 1179 701 homo
1204 687 1220 709 ,
1263 644 1358 700 sed
1403 653 1460 698 ut
1488 643 1626 699 filius
1675 644 1768 701 Dei
1800 655 2143 716 peccatorum

555 751 746 808 ptenas
773 735 924 792 dabis
947 777 965 803 ,
1016 735 1216 804 tibique
1247 733 1465 789 honoris
1507 732 1816 806 magnitudo
1856 735 1924 790 ad
1971 735 2145 806 majus

552 827 875 898 supplicium
903 825 1043 880 viam
1074 824 1302 895 parabit.
1348 823 1624 894 Siquidem
1670 839 1808 889 nos,
1862 835 2144 896 peccantes

552 933 764 987 servos,
796 927 851 974 et
871 918 1009 974 ﬁlios
1037 916 1408 988 delinquentes
1437 931 1544 971 non
1593 917 1705 987 pari
1749 918 2010 989 supplicio
2034 917 2147 988 ple-

549 1012 905 1076 ctimus,cum
933 1009 1166 1064 maxime
1189 1009 1263 1063 illi
1292 1023 1480 1078 magna
1503 1017 1623 1064 sunt
1649 1024 1681 1063 a
1709 1011 1863 1066 nobis
1886 1010 2143 1067 beneficia

551 1101 888 1172 consequuti.
916 1099 1050 1155 Nam
1076 1099 1122 1154 si
1149 1099 1194 1154 is
1215 1098 1306 1170 qui
1336 1097 1640 1169 paradisum
1665 1098 1717 1154 in
1745 1108 1944 1155 sortem
1984 1116 2142 1156 acce-

551 1201 723 1263 perat,
759 1191 905 1264 quod
929 1191 1095 1248 semel
1136 1199 1499 1262 transgressus
1521 1199 1665 1248 esset
1687 1233 1701 1257 ,
1728 1202 1869 1247 tanta
1895 1203 2015 1263 post
2043 1193 2142 1248 bo-

550 1301 739 1342 norem
767 1285 988 1357 pertulit
1016 1284 1192 1352 mala;
1225 1299 1322 1340 nos
1347 1284 1439 1355 qui
1465 1285 1654 1339 caelum
1681 1286 1988 1355 accepimus
2018 1327 2034 1353 ,
2061 1295 2144 1341 at-

550 1395 656 1449 que
684 1379 958 1450 Unigeniti
985 1376 1280 1434 coheredes
1308 1377 1430 1432 facti
1452 1392 1672 1444 sumus,
1701 1392 1858 1448 quam
1887 1378 2144 1448 impetra-

549 1469 728 1525 bimus
759 1470 965 1525 veniam
990 1509 1007 1536 ,
1033 1469 1080 1524 si
1099 1469 1169 1523 ad
1195 1475 1497 1538 serpentem
1539 1469 1724 1523 relicta
1742 1468 1988 1523 columba
2015 1483 2142 1523 cur-

550 1559 774 1614 ramus?
799 1558 914 1615 Non
942 1561 1084 1614 enim
1111 1557 1249 1614 ultra
1277 1558 1576 1614 audiemus.
1609 1557 1764 1612 Terra
1789 1575 1858 1624 es,
1885 1568 1932 1612 et
1957 1559 2010 1612 in
2031 1568 2137 1613 ter-

549 1667 665 1705 ram
686 1653 943 1708 reverteris
969 1651 1121 1724 (Gen.
1168 1651 1223 1708 5.
1258 1650 1370 1723 l9),
1401 1667 1573 1721 neque
1620 1651 1920 1720 Operaberis
1957 1661 2142 1706 terram

551 1745 706 1818 (Gen.
736 1747 791 1802 4.
825 1746 934 1818 12)
959 1787 976 1814 ,
1005 1745 1089 1802 vel
1113 1745 1216 1801 alia
1245 1745 1370 1801 olim
1396 1744 1558 1812 dicta,
1591 1745 1686 1800 sed
1713 1744 1872 1814 longe
1902 1744 1987 1798 his
2020 1759 2141 1815 gra-

552 1839 704 1894 viora
729 1879 745 1906 ,
775 1840 1020 1895 tenebras
1046 1839 1342 1894 exteriores
1365 1879 1382 1905 ,
1423 1836 1634 1892 vincula
1667 1836 1984 1901 iusolubilia,
2016 1851 2140 1890 ver-

547 1947 692 1986 mem
713 1946 1061 1996 venenosum,
1088 1929 1370 1985 stridorem
1390 1928 1656 1989 dentium;
1679 1937 1735 1981 et
1758 1927 1877 1996 jure
1898 1927 2137 1998 quidem.

549 2026 651 2095 Qui
677 2027 819 2082 enim
845 2041 945 2082 nec
976 2034 1096 2096 post
1124 2033 1328 2080 tantum
1353 2022 1673 2077 beneﬁcium
1701 2021 1894 2076 melior
1921 2019 2135 2087 evadit,

543 2118 666 2187 jure
691 2127 959 2174 extremas
1000 2125 1056 2172 et
1091 2116 1435 2187 gravissimas
1478 2127 1664 2184 pinnas
1703 2111 1869 2167 dabit.
1916 2112 2140 2181 Aperuit

548 2210 678 2266 olim
718 2219 773 2265 et
796 2209 989 2264 clausit
1017 2209 1206 2264 caelum
1236 2207 1398 2272 Elias,
1428 2205 1523 2260 sed
1557 2205 1628 2260 ita
1669 2213 1727 2259 ttt
1767 2205 1997 2274 pluviam
2040 2213 2133 2260 aut

546 2301 854 2358 demitteret
894 2311 988 2355 aut
1016 2300 1274 2355 retineret
1299 2296 1376 2370 (5.
1409 2296 1537 2368 Reg.
1571 2297 1662 2367 17)
1692 2313 1705 2350 :
1735 2295 1828 2352 tibi
1856 2310 1985 2351 vero
2028 2310 2136 2351 non

545 2394 619 2448 ita
649 2393 840 2448 caelum
881 2391 1121 2462 aperitur
1145 2432 1161 2458 ,
1192 2390 1286 2445 sed
1317 2397 1372 2444 ut
1401 2389 1526 2443 illuc
1553 2386 1842 2452 ascendas;
1887 2386 2138 2458 quodque

545 2485 718 2556 majus
755 2493 873 2553 est,
921 2499 1026 2539 non
1075 2493 1132 2538 ut
1173 2481 1436 2538 ascendas
1483 2490 1688 2535 tantum
1713 2523 1728 2547 ,
1761 2479 1858 2535 sed
1903 2488 1962 2535 ut
2001 2479 2136 2534 alios

545 2578 708 2633 etiam
739 2588 913 2632 tecum
939 2576 1126 2641 ducas,
1158 2575 1203 2631 si
1235 2574 1392 2639 velis,
1428 2581 1626 2628 tantam
1653 2571 1747 2626 tibi
1790 2571 1844 2625 in
1870 2572 1981 2626 suis
2012 2587 2138 2626 om~

544 2669 703 2724 nibus
727 2668 974 2724 ﬁduciam
1018 2675 1074 2724 et
1113 2673 1428 2738 potestatem
1471 2663 1636 2719 dedit.
1669 2662 1929 2730 Quoniam
1974 2662 2137 2732 igitur

543 2761 616 2816 ibi
645 2760 837 2816 domus
863 2768 1044 2814 nostra
1071 2769 1172 2823 est,
1204 2757 1312 2813 illic
1331 2756 1510 2812 omnia
1537 2755 1890 2824 deponamus,
1918 2763 1971 2809 et
2001 2752 2134 2808 nihil

546 2852 634 2909 hic
663 2853 1048 2922 relinquamus,
1083 2866 1150 2906 ne
1179 2850 1268 2905 illa
1288 2849 1596 2921 perdamus.
1627 2847 1724 2902 llic
1752 2849 1893 2902 enim
1923 2847 2134 2902 etiamsi

542 2945 752 3002 clavem
775 2943 1032 2998 adhibeas
1057 2984 1073 3010 ,
1103 2951 1158 2998 et
1184 2951 1366 3012 portas
1391 2950 1447 2998 et
1471 2951 1649 2996 vectes
1665 2982 1680 3008 ,
1710 2942 1755 2996 si
1781 2941 1927 2996 mille
1948 2954 2133 2996 servos

540 3036 700 3092 sistas
723 3077 739 3103 ,
785 3043 843 3090 et
876 3035 1212 3090 insidiatores
1240 3049 1430 3090 omnes
1457 3033 1694 3089 declines
1713 3075 1728 3100 ,
1758 3033 1966 3088 etiamsi
1998 3032 2134 3088 invi-

539 3127 732 3182 dorum
762 3127 947 3182 oculos
975 3126 1218 3196 effugias,
1246 3126 1346 3180 etsi
1376 3125 1566 3190 tineas.
1595 3125 1806 3180 etiamsi
1839 3125 2130 3194 perniciem

546 3234 705 3290 quam
733 3227 974 3273 vetustas
993 3216 1150 3272 affert
1177 3258 1194 3283 ,
1225 3215 1365 3287 quod
1395 3226 1570 3272 tamen
1603 3216 1717 3272 fieri
1749 3216 1953 3287 nequit,
1981 3231 2131 3271 mor-

539 3317 649 3366 tem
677 3317 823 3365 certe
853 3324 958 3364 non
989 3307 1210 3378 eﬁ'ugies
1234 3349 1250 3373 ,
1295 3324 1507 3379 unoque
1557 3308 1814 3378 temporis
1854 3316 2130 3364 momento

545 3401 664 3457 hate
691 3400 870 3456 omnia
915 3399 1224 3456 auferentur
1254 3417 1268 3454 :
1315 3414 1415 3454 nec
1445 3399 1604 3455 modo
1633 3397 1980 3464 auferentur,
2032 3399 2128 3455 sed

536 3495 700 3551 etiam
745 3510 888 3565 saepe
919 3495 970 3550 in
1001 3509 1190 3550 manus
1218 3494 1558 3550 inimicorum
1590 3493 1885 3548 tradentur.
1913 3491 1970 3548 Si
1997 3507 2128 3548 vero

536 3589 590 3642 in
618 3587 835 3643 domum
875 3585 1019 3641 illam
1061 3586 1425 3650 transmittas,
1460 3584 1709 3639 omnibus
1757 3582 1840 3638 bis
1879 3583 2126 3654 superior

533 3680 664 3736 eris.
704 3678 887 3749 Neque
911 3678 1053 3733 enim
1083 3677 1264 3732 claves
1287 3716 1302 3740 ,
1343 3675 1430 3731 vel
1470 3685 1672 3745 portas,
1705 3675 1788 3730 vel
1816 3685 1996 3731 vectes
2022 3673 2123 3730 ad-

534 3770 724 3826 hibere
750 3779 1002 3840 oportet;
1045 3784 1213 3838 usque
1254 3767 1390 3822 adeo
1415 3767 1617 3823 munita
1655 3777 1740 3822 est
1781 3767 1869 3822 illa
1897 3767 2084 3823 civitas
2104 3808 2120 3835 ,

535 3871 645 3918 tam
676 3861 1111 3931 inexpugnabilis
1137 3860 1306 3925 locus,
1331 3868 1436 3914 tam
1464 3858 1770 3915 inaccessus
1793 3858 2121 3929 corruptioni

531 3965 588 4010 et
614 3953 952 4023 malignitati.

599 4043 656 4099 5.
700 4047 889 4096 Annon
935 4051 1188 4097 extremae
1228 4039 1511 4094 dementia:
1536 4049 1654 4103 est,
1687 4039 1760 4095 ibi
1803 4041 1981 4095 omnia
2022 4055 2112 4097 ac-

527 4135 805 4190 cumulare
828 4133 918 4189 ubi
947 4133 1191 4202 deposita
1219 4139 1443 4202 pereunt
1480 4139 1534 4187 et
1554 4141 1992 4203 corrumpuntur,
2025 4133 2116 4188 ubi

527 4243 660 4284 vero
707 4229 907 4283 intacta
956 4235 1176 4281 manent
1221 4234 1276 4280 et
1300 4235 1596 4295 augentur,
1629 4225 1699 4280 ibi
1732 4241 1799 4281 ne
1841 4225 2115 4282 minimam

524 4336 713 4376 eorum
747 4329 957 4392 partem
983 4320 1254 4390 deponere
1273 4360 1288 4385 ,
1318 4334 1438 4373 cum
1467 4317 1700 4374 maxime
1744 4319 1814 4375 ibi
1844 4319 1962 4375 sine
2006 4319 2113 4376 ﬁne

527 4413 720 4467 victuri
775 4412 984 4467 simus?
1029 4411 1151 4466 Ideo
1191 4409 1421 4482 gentiles
1469 4408 1626 4466 ﬁdem
1660 4419 1859 4482 negant
1904 4410 1969 4465 iis
1995 4425 2114 4480 quae

535 4503 766 4560 dicimus
798 4521 812 4558 :
842 4520 962 4558 nam
993 4519 1058 4560 ex
1108 4503 1294 4568 factis,
1327 4518 1435 4558 non
1464 4521 1532 4561 ex
1571 4501 1726 4559 dictis
1771 4503 2113 4559 demonstra-

1273 250 1330 309 S.
1371 253 1650 313 JOANNIS
1685 252 2162 317 CHRYSOSTOMI
2202 261 2517 322 ARClllEP.
2559 267 3097 329 CONSTANTINOP.

3728 284 3818 342 ξοδ

2254 375 2454 433 tionem
2499 395 2527 433 a
2579 381 2735 437 nobis
2764 383 2985 454 exigunt
3019 401 3122 442 :ac
3149 402 3271 442 cum
3324 390 3505 448 vident
3548 411 3649 452 nos
3693 401 3818 455 ardes

2251 477 2527 525 exstruere
2553 473 2887 541 splendidas,
2919 475 3104 534 hortos
3132 489 3186 534 et
3214 481 3404 538 balnea
3428 501 3618 554 parare
3637 533 3652 555 ,
3681 507 3818 560 agros

2252 575 2452 626 emere,
2486 562 2671 619 nolunt
2708 567 2936 623 credere
2980 585 3080 625 nos
3109 574 3408 642 profectum
3440 577 3490 632 in
3518 579 3681 636 aliam
3711 584 3818 638 civi.

2252 659 2415 745 tatem
2445 667 2658 745 parare.
2704 656 2834 713 Nam
2880 660 2927 716 si
2977 661 3047 716 ita
3089 673 3266 730 esset,
3299 667 3482 736 aiunt,
3509 673 3685 726 omnia
3719 692 3818 745 qua

2252 739 2341 796 hic
2367 741 2567 799 habent
2598 746 2649 800 in
2693 757 2971 819 argentum
3017 765 3376 824 commutata,
3426 761 3532 816 illic
3569 739 3818 834 deponere

2254 845 2668 929 praeverterent;
2714 841 3182 918 conjecturamque
3227 849 3429 907 ducunt
3467 870 3532 909 ex
3585 855 3684 924 iis,
3717 876 3818 929 qua.1

2254 923 2340 982 hic
2369 927 2482 983 ﬁeri
2529 931 2726 986 solent.
2754 933 3134 1002 Opuleutiores
3158 942 3353 1014 quippe
3379 945 3624 1004 videmus
3653 923 3703 1004 in
3729 923 3818 1009 illis

2251 1019 2485 1076 maxime
2506 1021 2728 1077 urbibus
2756 1023 2980 1094 domos,
3025 1043 3186 1102 agros
3205 1072 3220 1098 ,
3246 1034 3454 1105 aliaque
3478 1039 3656 1095 omnia
3683 1055 3818 1097 com-

2253 1126 2441 1180 parare
2465 1152 2480 1175 ,
2509 1114 2560 1169 in
2583 1117 2776 1186 quibus
2819 1120 2978 1177 sedes
3007 1123 3227 1191 posituri
3260 1137 3386 1182 sunt
3413 1144 3428 1182 :
3457 1131 3554 1186 sed
3583 1148 3678 1187 nos
3701 1149 3818 1190 eon-

2252 1213 2333 1260 tra
2356 1205 2600 1272 facimus,
2628 1221 2845 1279 terram,
2867 1230 3027 1284 quam
3056 1218 3338 1289 paulopost
3356 1222 3596 1278 relicturi
3625 1241 3818 1295 sumus,

2251 1310 2444 1366 magno
2466 1313 2588 1354 cum
2616 1301 2795 1358 studio
2819 1306 3155 1374 possidemus
3173 1351 3188 1374 ,
3218 1326 3317 1368 nec
3360 1317 3614 1382 pecunias
3640 1319 3818 1385 modo,

2250 1386 2345 1479 sed
2383 1391 2706 1479 sanguinem
2734 1397 2894 1451 etiam
2941 1415 3038 1468 pro
3069 1402 3251 1471 paucis
3298 1414 3456 1460 terrae
3479 1407 3752 1479 jugeribus
3775 1421 3818 1469 el

2249 1476 2496 1534 domibus
2522 1481 2827 1552 fundimus;
2859 1488 2924 1543 ad
2952 1491 3140 1547 caelum
3170 1509 3296 1550 vero
3320 1476 3733 1568 comparandum
3759 1520 3818 1560 ne

2248 1575 2515 1642 superflua
2567 1580 2784 1649 quidem
2832 1599 3053 1656 erogare
3108 1589 3385 1657 volumus,
3439 1592 3649 1650 etiamsi
3703 1597 3818 1656 illud

2248 1679 2418 1734 parvo
2448 1670 2620 1738 pretio
2649 1681 2857 1728 ematur
2883 1716 2897 1740 ,
2922 1685 2978 1731 et
3025 1678 3080 1732 in
3125 1681 3514 1752 sempiternum
3564 1689 3818 1757 possidea«

2250 1768 2352 1826 tur,
2379 1763 2425 1818 si
2446 1779 2708 1822 emamus.
2744 1769 3031 1839 Propterea
3056 1783 3328 1831 extremas
3351 1776 3601 1836 dabimus
3625 1797 3816 1853 pinnas,

2244 1869 2366 1910 cum
2393 1857 2520 1912 nudi
2549 1867 2602 1914 et
2624 1874 2884 1930 pauperes
2905 1878 2970 1918 eo
2998 1864 3362 1935 migrabimus;
3392 1870 3502 1926 imo
3529 1875 3704 1942 potius
3723 1892 3818 1932 non

2244 1946 2316 2002 ob
2342 1957 2707 2020 paupertatem
2739 1963 2997 2022 nostram,
3026 1957 3119 2012 sed
3149 1960 3291 2028 quod
3320 1961 3454 2018 alios
3484 1963 3537 2017 in
3568 1967 3701 2022 hanc
3725 1969 3818 2023 mi-

2244 2041 2438 2096 seriam
2466 2043 2880 2115 conjeeeritnus,
2913 2048 3231 2105 intolerabili
3264 2053 3555 2110 calamitati
3581 2057 3816 2128 subjicie-

2245 2149 2384 2187 mur.
2415 2135 2545 2190 Nam
2590 2151 2713 2192 cum
2757 2140 2987 2209 gentiles
3031 2142 3247 2199 videant
3270 2144 3356 2201 his
3403 2148 3598 2206 studiis
3625 2151 3817 2209 deditos

2246 2227 2406 2281 tantis
2435 2226 2538 2283 frui
2567 2231 2840 2300 mysteriis
2867 2249 2882 2285 :
2914 2233 3084 2288 multo
3127 2237 3298 2308 magis
3324 2248 3380 2294 et
3426 2239 3530 2310 ipsi
3560 2246 3816 2311 praesenti-

2244 2317 2344 2373 bus
2371 2320 2530 2376 rebus
2568 2321 2900 2391 addicentur,
2951 2326 3220 2396 ingentem
3265 2329 3440 2400 ignem
3473 2347 3632 2402 supra
3676 2343 3817 2404 caput

2243 2421 2488 2467 nostrum
2517 2416 2937 2472 accumulantes.
2979 2417 3113 2474 Cum
3147 2422 3286 2475 enim
3316 2439 3437 2491 nos,
3473 2425 3563 2494 qui
3594 2442 3814 2496 praesen-

2245 2503 2377 2557 tium
2402 2519 2579 2559 rerum
2624 2515 2996 2576 contemptum
3042 2509 3163 2565 illos
3189 2510 3382 2568 docere
3408 2514 3688 2583 debemus,
3715 2533 3817 2572 ma-

2246 2593 2391 2650 xime
2419 2597 2657 2651 omnium
2691 2598 2902 2655 illarum
2933 2600 2987 2654 in
3018 2601 3098 2657 eis
3122 2603 3471 2673 cupiditatem
3499 2608 3811 2675 excitemus,

2241 2685 2510 2754 quomodo
2553 2689 2779 2744 salutem
2823 2692 3076 2761 consequi
3120 2695 3431 2762 poterimus,
3479 2697 3574 2768 qui
3609 2698 3812 2754 aliorum

2242 2778 2496 2848 perniciei
2545 2796 2732 2852 poenas
2783 2785 2964 2842 subire
2992 2785 3323 2845 debeamus?
3349 2790 3467 2846 Non
3496 2793 3649 2850 audis
3675 2795 3811 2850 Chri-

2241 2879 2382 2923 stum
2407 2869 2676 2928 dicentem
2696 2915 2711 2939 ,
2743 2889 2801 2931 se
2828 2891 2927 2946 pro
2955 2878 3069 2935 sale
3097 2890 3151 2935 et
3197 2881 3536 2953 lampadibus
3572 2901 3668 2942 nos
3696 2887 3810 2942 reli-

2239 2961 2423 3030 quisse
2452 2963 2506 3018 in
2557 2966 2659 3021 hoc
2707 2969 2906 3045 mundo
2929 3011 2942 3035 ,
2977 2980 3034 3026 ut
3062 2973 3336 3044 voluptate
3363 2975 3668 3036 difﬂuentes
3693 2994 3807 3036 con-

2239 3053 2598 3124 stringamus,
2629 3067 2682 3114 et
2715 3061 2954 3128 pecuniae
2984 3064 3175 3119 studiis
3218 3066 3598 3124 obtenebratos
3624 3071 3806 3127 illumi-

2241 3146 2472 3201 nemus?
2503 3146 2556 3203 Si
2587 3164 2717 3221 ergo
2746 3151 2868 3207 illos
2894 3155 3063 3226 magis
3087 3156 3139 3209 in
3174 3159 3426 3215 tenebras
3456 3162 3804 3233 conjiciamus,

2239 3247 2295 3291 et
2321 3239 2596 3296 molliores
2623 3243 2933 3314 reddamus,
2963 3263 3083 3317 quae
3115 3249 3269 3305 nobis
3313 3266 3440 3322 spes
3471 3254 3654 3310 salutis
3679 3257 3804 3312 erit!

2235 3326 2392 3384 Nulla
2421 3350 2434 3384 :
2463 3331 2556 3387 sed
2603 3332 2869 3404 ejulantes
2911 3347 2967 3394 et
3003 3339 3253 3396 dentibus
3297 3343 3603 3413 stridentes,
3652 3346 3803 3418 ligatis

2237 3425 2462 3498 pedibus
2490 3427 2846 3500 manibusque
2873 3431 2925 3486 iu
2955 3432 3219 3502 gehennaa
3246 3435 3422 3502 ignem
3455 3439 3800 3509 conjiciemur,

2234 3527 2515 3589 postquam
2539 3519 2844 3576 divitiarum
2867 3525 3172 3581 sollicitudo
3201 3541 3299 3582 nos
3320 3528 3481 3598 plane
3510 3530 3798 3588 confecerit.

2233 3611 2361 3669 Haec
2401 3613 2580 3684 itaque
2609 3614 2906 3685 cogitantes
2929 3657 2944 3681 ,
2971 3619 3150 3674 omnia
3195 3620 3317 3676 talis
3360 3621 3584 3680 fallaciae
3613 3625 3800 3678 vincula

2231 3705 2533 3769 solvamus,
2574 3724 2640 3760 ne
2668 3707 2718 3760 in
2750 3707 2837 3761 illa
2864 3707 3163 3764 incidamus
3188 3727 3309 3782 quae
3334 3712 3444 3783 igni
3472 3715 3800 3785 inexstingui'

2230 3798 2324 3855 bili
2354 3816 2450 3857 uos
2478 3793 2730 3857 traditura
2754 3810 2896 3856 sunt.
2934 3799 3068 3856 Nam
3098 3805 3185 3874 qui
3216 3806 3418 3862 divitiis
3444 3809 3627 3872 servit,
3645 3817 3695 3864 et
3716 3823 3798 3864 ca-

2232 3895 2372 3950 tenis
2397 3893 2503 3961 hic,
2520 3906 2576 3952 et
2603 3898 2808 3954 catenis
2835 3899 2942 3956 illic
2961 3909 3217 3971 perpetuo
3241 3899 3532 3957 adstrictus
3554 3902 3652 3958 erit
3677 3923 3690 3957 :
3715 3901 3793 3972 qui

2227 3997 2406 4044 autem
2453 3990 2522 4044 ab
2547 3989 2647 4046 hac
2685 3991 2978 4061 cupiditate
3003 3992 3154 4048 liber
3173 3999 3287 4059 est,
3321 4001 3547 4064 utraque
3575 3993 3794 4048 libertate

2229 4086 2463 4156 potietur
2489 4104 2504 4141 :
2533 4103 2690 4155 quam
2721 4096 2778 4143 ut
2809 4103 2906 4144 nos
2935 4105 3148 4161 quoque
3178 4104 3551 4162 assequamur,
3582 4087 3792 4145 contrito

2227 4179 2376 4248 gravi
2405 4178 2498 4234 illo
2525 4179 2763 4235 avaritiae
2785 4179 2914 4252 jugo
2937 4222 2950 4246 ,
2979 4181 3047 4236 ad
3077 4183 3268 4238 caelum
3314 4181 3566 4237 advolare
3587 4189 3790 4237 conten-

2225 4273 2452 4341 damus,
2503 4274 2676 4344 gratia
2727 4283 2782 4330 et
2831 4275 3159 4346 benignitate
3207 4275 3417 4331 Domini
3472 4275 3634 4332 nostri
3677 4273 3788 4329 Jesu

2223 4364 2456 4434 Christi,
2483 4367 2566 4422 cui
2587 4366 2756 4437 gloria
2785 4376 2841 4423 et
2867 4367 3149 4437 imperium
3174 4368 3228 4423 in
3255 4369 3452 4424 stecula
3474 4367 3784 4424 saaculorum.

2222 4457 2416 4512 Amen.

1879 4753 2230 4817 HOMILIA
2272 4753 2452 4815 XIII.

513 4895 645 4959 CAP.
674 4901 730 4958 4.
759 4915 809 4954 v.
843 4901 893 4955 1.
927 4897 1069 4954 Tum:
1090 4897 1242 4953 lctus
1266 4897 1448 4953 ductus
1475 4907 1546 4954 est
1573 4898 1628 4954 in
1650 4897 1900 4954 desertum
1921 4914 1954 4953 a
1981 4896 2106 4968 Spi-

900 4993 1002 5047 ritu
1020 5033 1036 5057 ,
1064 5001 1118 5045 ut
1144 5001 1417 5047 tentaretur
1436 5008 1468 5045 a
1496 4991 1719 5046 diabolo.

584 5089 636 5142 l.
670 5085 772 5142 Cur
799 5085 1030 5140 Christus
1057 5083 1240 5138 tentari
1258 5092 1304 5137 et
1321 5083 1561 5154 jeiunare
1581 5082 1813 5139 voluerit.
1835 5081 2102 5137 Tentatio-

514 5179 590 5231 uis
638 5182 858 5249 fructus.
893 5175 1297 5248 lntcmperantia
1339 5176 1574 5231 vitiorum
1617 5175 1794 5230 radix.
1819 5173 2100 5240 —Tunc;

511 5271 896 5339 quandonam?
925 5279 1047 5342 post
1083 5269 1408 5327 descensum
1452 5269 1600 5326 illum
1640 5269 1872 5339 Spiritus
1891 5269 2098 5337 sancti,

513 5373 637 5433 post
661 5379 848 5419 vocem
879 5365 1022 5420 illam
1054 5379 1290 5437 superne
1313 5364 1544 5420 delatam
1573 5372 1631 5420 et
1653 5363 1920 5419 dicentem
1949 5381 1964 5418 :
1995 5361 2099 5418 llic

509 5465 582 5510 est
611 5453 776 5509 Filius
801 5472 934 5510 meus
963 5457 1198 5526 dilectus,
1225 5459 1280 5512 in
1299 5474 1398 5528 quo
1424 5457 1549 5511 mild
1569 5455 1856 5526 complacui
1876 5455 2093 5529 (Matth.

509 5547 564 5603 3.
603 5549 707 5611 l7).
736 5548 996 5618 Quodque
1042 5550 1233 5604 mirum
1266 5557 1381 5615 est,
1427 5564 1457 5603 a
1502 5549 1704 5620 Spiritu
1751 5557 1938 5604 sancto
1964 5562 1978 5602 :
2009 5547 2096 5604 hic

507 5637 652 5692 enim
679 5638 852 5708 ipsum
907 5638 1128 5692 adduxit
1175 5639 1321 5692 illuc.
1351 5639 1485 5704 Quia
1527 5641 1668 5694 enim
1699 5640 1877 5694 omnia
1909 5638 1975 5693 ad
2001 5638 2094 5694 do-

504 5728 736 5785 cendum
763 5742 861 5786 nos
887 5727 1012 5785 fecit
1037 5737 1091 5785 et
1117 5741 1308 5800 passus
1335 5737 1452 5798 est,
1483 5731 1608 5787 illuc
1630 5729 1859 5801 adduci,
1887 5739 1940 5790 et
1966 5746 2088 5788 cum

2219 4893 2436 4951 diabolo
2465 4907 2698 4965 pugnam
2724 4893 3064 4949 committere
3095 4893 3300 4958 voluit,
3341 4902 3399 4949 ut
3437 4890 3776 4962 unusquisque

2212 4987 2605 5058 baptizatorum
2625 5028 2642 5054 ,
2673 4985 2718 5041 si
2767 4996 2888 5056 post
2929 4985 3253 5056 baptismum
3284 4985 3514 5057 majores
3534 4983 3774 5040 sustineat

2213 5080 2553 5146 tentationes,
2582 5094 2651 5134 ne
2697 5077 2974 5144 turbetur,
3007 5079 3157 5148 quasi
3204 5077 3525 5147 insperatam
3554 5089 3656 5130 rem
3686 5086 3771 5126 ex.

2210 5181 2414 5242 pertus,
2446 5169 2538 5227 sed
2568 5181 2780 5225 maneat
2821 5169 3030 5225 fortiter
3056 5170 3238 5224 omnia
3281 5169 3491 5235 ferens,
3519 5175 3690 5238 utpote
3719 5175 3791 5214 re.

2208 5261 2500 5320 secundum
2526 5270 2728 5319 rectam
2754 5261 2947 5317 seriem
2977 5259 3274 5317 accidente.
3322 5259 3530 5315 Etenim
3560 5258 3669 5312 ideo
3693 5270 3768 5308 ar-

2209 5371 2293 5410 ma
2320 5355 2610 5426 accepisti;
2663 5369 2768 5409 non
2797 5364 2854 5408 ut
2900 5353 3108 5418 oticris,
3149 5351 3242 5408 sed
3288 5366 3508 5424 pugnes.
3553 5349 3666 5403 ideo
3696 5346 3766 5399 in-

2205 5457 2456 5519 gruentes
2493 5447 2815 5502 tentationes
2843 5461 2947 5500 non
2979 5445 3202 5516 impedit
3244 5445 3384 5499 Deus
3413 5457 3429 5496 :
3461 5441 3625 5512 primo
3663 5435 3765 5507 qui-

2203 5541 2326 5598 dem
2357 5551 2415 5598 ut
2438 5542 2614 5597 discas
2647 5549 2699 5597 te
2723 5540 2892 5595 multo
2918 5539 3190 5594 fortiorem
3233 5536 3458 5602 factum;
3489 5531 3671 5588 deinde
3708 5536 3759 5580 ut

2204 5635 2482 5690 moderate
2507 5633 2685 5703 sapias
2706 5674 2721 5701 ,
2771 5647 2946 5702 neque
2989 5631 3251 5687 donorum
3293 5622 3647 5698 magnitudine
3673 5633 3755 5672 ex-

2202 5728 2426 5799 tollaris,
2458 5740 2578 5786 cum
2602 5734 2654 5784 te
2684 5726 3008 5784 tentationes
3038 5723 3360 5796 reprimant;
3389 5719 3454 5776 ad
3485 5718 3593 5773 lucc
3620 5726 3754 5774 vero,
