3872 6278
541 249 652 306 909

531 362 641 416 σιῶν
680 359 1124 432 βαπτιζομένων,
1167 362 1216 415 εἰ
1258 362 1399 434 μετά
1441 362 1499 417 τὸ
1535 361 1819 433 βάπτισμα
1854 365 2113 434 μείζονας

532 444 844 513 ὑπομείνειε
897 445 1275 513 πειρασμοὺς,
1310 445 1386 517 μὴ
1433 446 1801 517 ταράττηται,
1848 446 1925 511 ὡς
1967 448 2120 520 παρά

532 526 864 597 προσδοκίαν
913 524 1008 578 τοῦ
1054 526 1383 598 πράγματος
1425 529 1710 599 γινομένου
1734 570 1747 588 .
1794 529 1933 584 ἀλλά
1982 532 2119 603 μένῃ

532 610 799 677 γενναίως
838 609 1017 663 πάντα
1047 610 1250 681 φέρων,
1279 611 1355 675 ὡς
1388 611 1529 665 κατά
1564 611 1884 668 ἀκολουθίαν
1925 614 2118 668 τούτου

534 694 941 765 συμϐαίνοντος.
974 695 1082 749 Kal
1119 696 1229 765 7&9
1275 695 1363 749 διά
1388 695 1548 749 τοῦτο
1574 696 1765 759 ἔλαϐες
1810 696 1952 752 ὅπλα
1973 737 1988 760 ,
2019 698 2118 770 οὑχ

532 777 621 831 ἴνα
647 778 842 848 ἀργὴς,
864 777 978 831 ἀλλ’
1008 777 1093 830 ἵνα
1121 777 1247 831 πολε
1257 780 1384 849 μῇς.
1405 777 1505 832 Διά
1529 779 1686 833 τοῦτο
1713 779 1837 833 οὑδὲ
1865 780 2119 844 ἐπιόντας

534 861 736 916 κωλύει
782 862 909 923 τοὺς
958 860 1298 931 πειρασμοὺς
1343 864 1372 915 6
1407 861 1572 926 Θεός·
1622 862 1838 934 πρῶτον
1888 864 1988 934 μὲν
2031 864 2120 919 ἴνα

536 944 717 1015 μάθῃς
757 944 840 998 ὅτι
880 942 1060 1015 πολλῷ
1099 943 1331 1014 γέγονας
1376 945 1757 1018 ἰσχυρότερος·
1803 946 1994 1001 ἔπειτα
2032 948 2120 1001 ἵνα

536 1027 707 1099 μένῃς
737 1026 1063 1099 μετριάζων,
1099 1026 1236 1098 μηδὲ
1278 1029 1321 1060 ⁸⁸
1353 1027 1432 1098 τῷ
1484 1028 1704 1097 μεγέθει
1744 1030 1855 1086 τῶν
1898 1030 2121 1103 δωρεῶν

534 1109 802 1181 ἐπαρθῇς,
831 1109 942 1163 τῶν
973 1109 1300 1181 πειρασμῶν
1332 1110 1645 1165 συστέλλειν
1671 1129 1731 1167 σε
1759 1112 2075 1185 δυναμένων
2093 1130 2111 1147 ·

536 1193 675 1264 πρὸς
700 1191 932 1258 τούτοις,
957 1193 1045 1247 ῐνα
1066 1195 1096 1247 6
1116 1193 1352 1264 πονηρὸς
1377 1193 1588 1266 δαίμων
1609 1197 1835 1261 ἐκεῖνος,
1857 1197 1887 1251 6
1912 1196 2052 1262 τέως
2072 1196 2119 1230 ⁸⁸

536 1275 896 1346 ἀμφιϐάλλων
931 1275 1059 1348 περὶ
1082 1275 1184 1344 τῆς
1212 1276 1312 1346 σῆς
1340 1276 1715 1343 ἀποστάσεως,
1738 1277 1846 1333 ἀπὸ
1879 1281 1979 1352 τῆς
2008 1279 2120 1350 βα-

540 1361 701 1415 σάνου
728 1358 838 1413 τῶν
865 1359 1184 1431 πειρασμῶν
1206 1359 1620 1434 πληροφορηθῇ,
1642 1362 1723 1415 ὅτι
1753 1362 1934 1417 τέλεον
1956 1363 2119 1418 αὑτὸν

538 1442 921 1513 ἐγκαταλιπὼν
949 1443 1223 1514 ἀπέστης·
1255 1444 1517 1517 τέταρτον
1538 1446 1607 1509 ¹¹,
1649 1447 1735 1501 ίνα
1773 1446 2123 1520 ἰσχυρότερος

537 1526 633 1580 κα)⁸
668 1527 885 1596 σιδήρου
920 1526 1119 1590 παντὸς
1156 1526 1519 1601 εὑτονώτερος
1568 1528 1743 1602 ταύτῃ
1781 1547 2123 1585 κατασκευα-

538 1609 701 1681 σθῇς·
745 1609 1027 1679 πέμπτον,
1065 1608 1155 1662 ἵνα
1184 1609 1460 1678 ἀπόδειξιν
1492 1610 1664 1684 λάϐῃς
1695 1614 1841 1684 σαφῆ
1884 1612 1991 1665 τῶν
2028 1632 2117 1669 πι-

539 1692 869 1748 στευθέντων
918 1709 1001 1746 σοι
1032 1692 1343 1765 θησαυρῶν.
1380 1694 1514 1747 Οὑδὲ
1553 1694 1662 1765 7&9
1710 1694 1777 1749 ἂν
1818 1695 2051 1767 ἐπῆλθεν
2090 1697 2119 1751 6

536 1777 802 1845 διάϐολος,
833 1778 882 1831 εἰ
914 1778 990 1849 μή
1035 1794 1097 1831 σε
1143 1778 1202 1831 ἐν
1240 1776 1448 1848 μείζονι
1482 1778 1772 1849 γενόμενον
1814 1774 1922 1833 εἶδε
1963 1781 2120 1851 τιμῇ.

552 1860 830 1915 Ἐντεῦθεν
869 1860 1001 1929 γοῦν
1045 1859 1141 1914 καί⁵
1184 1858 1245 1925 ἐξ
1284 1861 1462 1932 ἀρχῆς
1492 1861 1767 1932 ἐπανέστη
1803 1861 1882 1932 τῷ
1930 1861 2122 1934 Ἀδάμ,

540 1942 729 2013 ἐπειδὴ
760 1942 964 2013 πολλῆς
998 1941 1161 1998 αὑτὸν
1197 1939 1337 1998 εἶδεν
1386 1942 1772 1998 ἀπολαύσαντα
1807 1943 1909 2014 τῆς
1943 1944 2120 2011 ἀξίας.

540 2026 641 2079 Διά
673 2026 832 2079 τοῦτο
859 2027 1205 2097 παρετάξατο
1231 2027 1368 2099 πρὸς
1398 2028 1491 2081 τὸν
1534 2027 1677 2090 Ἰὼϐ,
1700 2028 1896 2099 ἐπειδὴ
1928 2046 2125 2097 στεῖρα-ο

541 2111 798 2181 νούμενον
826 2109 987 2164 αὑτὸν
1017 2110 1112 2165 καὶ
1140 2112 1651 2183 άνακηρυττόμενον
1681 2111 1941 2167 ἐθεάσατο
1973 2114 2122 2185 παρά

537 2194 632 2250 τοῦ
659 2194 768 2250 τῶν
800 2194 937 2249 ὅλων
976 2195 1132 2250 Θεοῦ.
1177 2198 1288 2252 Καὶ
1331 2197 1447 2261 πῶς
1476 2192 1570 2252 οῦν
1609 2215 1773 2269 φησιν
1796 2215 1811 2232 ·
1845 2200 2118 2270 Εὐχεσθε

531 2278 619 2348 μὴ
649 2277 945 2334 εἰσελθεῖν
967 2281 1054 2347 είς
1079 2281 1450 2351 πειρασμόν;
1474 2281 1571 2337 Διά
1594 2280 1752 2335 τοῦτο
1775 2282 1874 2336 οὑκ
1901 2283 2119 2339 ἀνιόντα

536 2362 700 2417 αὑτὸν
735 2362 921 2426 ἁπλῶς
948 2362 1187 2417 δείκνυσί
1222 2380 1303 2418 σοι
1322 2363 1413 2419 τὸν
1441 2364 1670 2437 Ἰησοῦν,
1695 2365 1831 2421 ἀλλά
1857 2368 1900 2398 ¹¹
1925 2367 2126 2436 ἀναγό-

539 2463 699 2517 μενον
725 2445 865 2500 κατά
897 2445 988 2498 τὸν
1028 2449 1129 2517 τῆς
1172 2448 1486 2519 οἰκονομίας
1527 2447 1704 2518 λόγον,
1756 2450 2124 2521 αἰνιττόμενος

532 2528 624 2585 διά
649 2528 873 2593 τούτων,
895 2529 977 2583 ὅτι
1008 2529 1108 2583 οὑκ
1138 2529 1335 2594 αὑτοὺς
1369 2531 1643 2603 ἐπιπηδᾷν
1668 2533 1795 2605 χρὴ,
1825 2533 1943 2588 ἀλλ’
1971 2533 2124 2590 έλκο-

539 2613 735 2684 μένους
763 2614 984 2667 ἑστάναι
1020 2614 1307 2682 γενναίως.
1347 2614 1457 2668 Καὶ
1487 2615 1591 2685 ὅρα
1623 2617 1725 2670 ποῦ
1755 2616 1935 2673 λαϐὼν
1964 2618 2125 2673 αὑτὸν

533 2698 595 2750 τὸ
638 2697 860 2766 Πνεῦμα
889 2697 1199 2766 ἀνήγαγεν·
1234 2698 1334 2750 οὑκ
1374 2699 1455 2762 είς
1488 2699 1641 2752 πόλιν
1678 2701 1773 2755 καί⁸
1811 2702 1857 2733 ’³
1895 2704 2125 2775 ἀγοράν,

532 2780 649 2835 ἀλλ’
676 2781 757 2844 εἰς
782 2780 1010 2850 ἔρημον.
1067 2780 1285 2851 Ἐπειδὴ
1314 2779 1423 2852 7&9
1465 2783 1557 2835 τὸν
1596 2783 1842 2837 διάϐολον
1884 2787 2125 2842 ἐπισπά-

536 2862 735 2918 σασθαι
764 2862 1037 2926 ἐϐούλετο,
1067 2863 1128 2917 οὗ
1161 2864 1250 2916 διὰ
1278 2864 1376 2934 τῆς
1419 2864 1611 2935 πείνης
1643 2866 1824 2936 μόνον.
1866 2869 2002 2923 ἀλλὰ
2031 2871 2126 2925 καὶ

531 2947 624 3001 διὰ
646 2945 741 3000 τοῦ
772 2947 942 3000 τόπου
963 2946 1177 3000 δίδωσιν
1199 2946 1348 3017 αὑτῷ
1375 2947 1565 3019 λαϐήν.
1593 2950 1726 3003 Τότε
1753 2950 1864 3022 γάρ
1889 2952 2125 3023 μάλιστα

531 3030 833 3084 ἐπιτίθεται
874 3032 903 3085 6
945 3030 1223 3094 διάϐολος.
1255 3032 1385 3086 ὅταν
1420 3031 1505 3104 ίδῃ
1564 3036 1987 3105 μεμονωμένους
2030 3035 2125 3091 καὶ

533 3116 654 3170 καθ’
687 3116 915 3179 ἐαυτοὺς
952 3114 1132 3181 ὄντας.
1169 3113 1328 3170 Οὕτω
1364 3117 1458 3172 καὶ
1496 3120 1561 3188 τῇ
1598 3120 1819 3192 γυναικὶ
1846 3120 1998 3192 παρά
2023 3122 2124 3191 τὴν

531 3199 707 3271 ἀρχὴν
738 3198 965 3253 ἐπέθετο
996 3200 1064 3259 ’⁸,
1112 3199 1280 3270 μόνην
1325 3200 1495 3268 αὐτὴν
1531 3187 1859 3270 ἀπολαϐὼν,
1897 3187 1993 3258 καὶ
2029 3187 2129 3259 τοῦ

531 3281 726 3352 ἀνδρὸς
768 3283 938 3352 χωρὶς
988 3277 1153 3336 οὖσαν
1195 3281 1391 3354 εὑρών.
1424 3284 1596 3339 Ὅταν
1635 3285 1735 3355 μὲν
1770 3288 1815 3319 ’⁸
1857 3288 1967 3359 γάρ
2002 3289 2123 3359 μεθ’

533 3367 737 3437 ἐτέρων
763 3366 922 3430 ὄντας
952 3366 1035 3437 ἴδῃ
1070 3366 1164 3421 καὶ
1198 3369 1765 3440 συγκεκροτημένους,
1794 3372 1889 3442 οὑχ
1920 3372 2122 3443 ὁμοίως

534 3452 750 3525 θαρρεῖ,
786 3450 908 3505 οὑδέ
948 3450 1147 3506 ἐπεισι.
1184 3452 1275 3506 Διὸ
1320 3452 1423 3525 χρὴ
1457 3454 1693 3523 μάλιστα
1723 3456 1816 3510 καὶ
1845 3456 1933 3511 διά
1963 3456 2124 3512 τοῦτο

535 3537 656 3606 μετ’
684 3534 930 3606 ἀλλήλων
969 3534 1334 3602 ἀγελάζεσθαι
1368 3536 1626 3607 συνεχῶς,
1657 3538 1797 3593 ὥστε
1837 3541 1911 3610 μὴ
1947 3541 2123 3611 εὑχει-

533 3616 740 3692 ρώτους
766 3613 906 3671 εἶναι
931 3616 1009 3688 τῷ
1036 3617 1289 3690 διαϐόλῳ.
1330 3620 1521 3690 Εὑρὼν
1550 3622 1731 3675 τοίνυν
1768 3623 1931 3677 αὑτὸν
1965 3624 2022 3676 ἐν
2050 3627 2118 3693 τῇ

532 3702 748 3773 ἐρήμῳ,
772 3702 867 3755 καὶ
895 3701 1086 3771 ἐρήμῳ
1109 3701 1298 3770 ἀϐάτῳ
1329 3701 1348 3766 (
1361 3702 1442 3756 ὅτι
1471 3702 1580 3775 γὰρ
1605 3704 1827 3774 τοιαύτη
1860 3707 1895 3777 ἡ
1918 3705 2122 3777 ἕρημος

529 3778 621 3854 ἦν,
652 3786 682 3837 6
702 3783 929 3854 Μάρκος
966 3783 1230 3853 ἐδήλωσεν
1256 3784 1445 3847 εἰπὼν,
1471 3786 1552 3839 ὅτι
1578 3787 1739 3841 Μετὰ
1763 3786 1883 3840 τῶν
1904 3790 2124 3856 θηρίων

530 3861 653 3935 ἦν)⁶
671 3867 772 3937 ὅρα
798 3866 915 3937 μεθ’
939 3867 1071 3937 ὅσης
1093 3868 1459 3939 προσέρχεται
1486 3870 1825 3940 κακουργίας
1846 3870 1941 3925 καὶ
1958 3888 2123 3942 πονη-

536 3948 678 4019 ρίας,
701 3950 795 4002 καὶ
817 3951 971 4002 ποῖον
1004 3952 1318 4021 παρατηρεῖ
1349 3950 1560 4023 καιρόν.
1590 3951 1723 4006 Οὑδέ
1757 3951 1866 4024 7&9
1897 3954 2122 4023 νηστεύ-

530 4044 680 4093 οντι,
718 4030 855 4085 ἀλλά
911 4030 1175 4107 πεινῶντι.
1211 4032 1607 4104 προσέρχεται·
1657 4034 1745 4087 ἴνα
1796 4034 1863 4088 σὺ
1911 4035 2118 4110 μάθῃς,

529 4112 720 4184 ἡλίκον
748 4116 781 4184 ή
827 4114 1052 4186 νηστεία
1093 4114 1288 4179 καλὸν,
1329 4116 1425 4170 καὶ
1455 4115 1575 4179 πῶς
1619 4115 1783 4171 ὅπλον
1816 4116 1934 4171 ἐστὶ
1978 4121 2122 4176 κατά

529 4197 624 4252 τοῦ
650 4196 897 4252 διαϐόλου
943 4199 1222 4270 μέγιστον,
1256 4199 1351 4252 καὶ
1389 4200 1471 4254 ὅτι
1513 4200 1653 4271 μετά
1694 4200 1757 4254 τὸ
1796 4200 2019 4273 λουτρὸν
2057 4204 2119 4259 οὑ

530 4284 708 4353 τρυφῇ
760 4281 855 4335 καὶ
903 4281 1043 4355 μέθῃ
1090 4282 1185 4336 καὶ
1227 4281 1480 4355 τραπέζῃ
1515 4281 1817 4355 πληθούσῃ,
1852 4284 1987 4339 ἀλλά
2025 4304 2119 4359 νη-

534 4364 687 4436 στεία
722 4366 1011 4437 προσέχειν
1046 4366 1145 4419 δεῖ.
1180 4366 1280 4420 Διά
1324 4365 1434 4437 7&9
1464 4366 1622 4422 τοῦτο
1661 4368 1755 4422 καὶ
1797 4368 1959 4434 αὐτὸς
1998 4371 2121 4442 ἐνή-

532 4465 776 4512 στευσεν,
812 4449 913 4503 οὑκ
958 4449 1005 4483 ³⁸
1040 4449 1203 4515 αὑτὸς
1246 4448 1451 4522 ταύτης
1500 4449 1773 4521 δεόμενος,
1822 4452 1940 4506 ἀλλ’
1970 4453 2123 4524 ἡμᾶς

532 4530 824 4587 παιδεύων.
860 4532 1077 4605 Ἐπειδὴ
1105 4532 1213 4605 7&9
1257 4531 1325 4586 τά
1361 4534 1736 4606 ἁμαρτήματα
1771 4536 1841 4590 τά
1886 4534 1994 4607 πρὸ
2025 4534 2121 4590 τοῦ

531 4616 756 4688 λουτροῦ
789 4617 850 4670 τὸ
892 4617 1088 4688 γαστρί
1130 4616 1403 4671 δουλεύειν
1446 4618 1742 4690 είσήγαγεν
1766 4636 1781 4650 ·
1824 4621 2014 4692 ὥσπερ
2053 4618 2121 4674 ἂν

532 4703 585 4755 εί
614 4719 697 4765 τις
716 4700 973 4756 νοσοῦντα
995 4701 1124 4772 ὑγιῆ
1155 4703 1410 4773 ποιήσας,
1432 4701 1643 4756 κελεύοι
1668 4703 1742 4773 μὴ
1766 4702 1916 4777 [169]
1945 4705 2119 4757 ποιεῖν

531 4785 736 4847 ἐκεῖνα,
770 4783 831 4848 ἐξ
858 4777 933 4838 ὧν
961 4787 994 4855 ὴ
1021 4785 1177 4848 νόσος
1205 4784 1429 4853 γέγονεν
1448 4800 1465 4817 ·
1495 4785 1638 4839 οῦτω
1662 4785 1724 4857 δὴ
1760 4787 1855 4840 καὶ
1880 4785 2117 4841 ἐνταῦθα

438 4885 448 4897 ·
531 4867 626 4920 καὶ
650 4866 695 4897 ³⁷
723 4867 885 4932 αὐτὸς
913 4866 1048 4938 μετὰ
1076 4867 1135 4921 τὺ
1163 4866 1387 4939 λουτρὸν
1413 4867 1667 4939 νηστείαν
1694 4870 1974 4940 εἰσήγαγε.
2001 4870 2113 4924 Καὶ

530 4949 640 5021 7&9
667 4949 880 5003 καὶτὸν
922 4950 1094 5020 Ἀδὰμ
1132 4951 1166 5022 ὴ
1212 4950 1454 5021 ἀκρασία
1485 4954 1584 5024 τῆς
1607 4952 1844 5025 γαστρὸς
1889 4953 2111 5020 ἐξέϐαλε

529 5032 625 5088 τοῦ
660 5033 1024 5104 παραδείσου,
1062 5032 1158 5087 καὶ
1200 5034 1291 5088 τὸν
1326 5034 1712 5106 κατακλυσμὸν
1743 5034 1833 5091 τὸν
1879 5036 1971 5089 ἐπί
2018 5036 2112 5091 τοῦ

528 5118 657 5173 Νῶε
706 5116 846 5189 αῦτη
887 5116 1188 5188 πεποίηκε,
1221 5118 1313 5172 καὶ
1350 5118 1477 5182 τοὺς
1521 5119 1768 5190 Σοδόμων
1814 5122 2113 5192 κεραυνοὺς

528 5201 672 5269 αῦτη
704 5202 1037 5274 κατήγαγεν.
1064 5203 1126 5257 Εί
1157 5202 1266 5275 γάρ
1306 5202 1399 5257 καὶ
1429 5202 1685 5272 πορνείας
1733 5203 1987 5275 ἔγκλημα
2020 5200 2109 5275 ὴν,

524 5284 644 5338 ἀλλ’
675 5285 823 5355 ὅμως
869 5285 1137 5355 ἑκατέρας
1172 5286 1269 5352 τῆς
1327 5285 1658 5356 κολάσεωςή
1706 5286 1830 5357 ῥίζα
1863 5287 2113 5342 ἐντεῦθεν

530 5368 702 5438 ἐφύη·
725 5368 863 5439 ὅπερ
884 5369 981 5423 καὶ
999 5370 1028 5423 6
1051 5368 1307 5441 Ἰεζεκιὴλ
1329 5370 1699 5439 αἰνιττόμενος
1719 5369 1873 5438 ἔλεγε
1900 5387 1913 5400 ·
1939 5370 2115 5435 Πλὴν

527 5450 706 5506 τοῦτο
738 5449 805 5504 τὸ
849 5451 1128 5521 ἀνόμημα
1165 5453 1464 5520 Σοδόμων,
1509 5452 1599 5506 ὅτι
1625 5452 1696 5506 ἐν
1735 5452 2114 5522 ὑπερηφανίᾳ

1241 247 1302 305 S.
1340 243 1626 303 JOANMS
1665 244 2156 304 CHRYSOSTOMI
2186 247 2510 306 ARCIIIEP.
2549 244 3105 305 CONSTANTINOP.

3692 235 3811 295 2H)

2222 366 2322 422 καὶ
2381 366 2453 419 ἐν
2480 366 2529 397 ⁸⁸
2570 361 2900 433 πλησμονῇ
2946 362 3183 430 ἄρτων,
3230 373 3329 412 και
3379 370 3450 409 εν
3498 352 3809 421 εὖθηνίαιρ

2218 447 2601 502 ἐσπατὰλων.
2635 445 2792 500 Οῦτω
2820 445 2916 500 καὶ
2953 443 3197 498 Ἰουδαῖοι
3237 439 3311 495 τὰ
3341 438 3573 510 μέγιστα
3616 437 3808 507 είργάο

2221 547 2383 584 σαντο
2408 529 2576 593 κακὰ,
2604 529 2712 584 ἀπὸ
2741 531 2841 600 τῆς
2871 525 3044 597 μέθης
3080 524 3176 579 καὶ
3202 523 3301 596 τῆς
3323 521 3537 593 τρυφῆς
3564 519 3657 573 ἐπὶ
3695 518 3810 588 τὴν

2218 613 2449 684 ἀνομίαν
2477 612 2870 680 ἐξοκείλαντες.

2291 694 2359 767 β’.
2392 695 2491 750 Διὰ
2517 696 2581 767 δὴ
2613 694 2772 749 τοῦτο
2794 694 2890 748 καὶ
2916 691 3079 756 αὑτὸς
3116 689 3365 762 νηστεύει
3389 684 3810 755 τεσσαράκοντα

2222 778 2471 849 ὴμέρας,
2504 780 2638 849 ήμῖν
2689 776 2759 831 τά
2809 777 3076 848 φάρμακα
3116 773 3217 842 τῆς
3262 769 3532 841 σωτηρίας
3564 767 3808 829 δεικνὺς,

2220 863 2318 916 καὶ
2358 862 2419 915 ού
2470 861 2798 933 προέρχεται
2832 859 3172 930 περαιτέρω,
3216 855 3359 910 ῶστε
3401 854 3475 926 μὴ
3522 851 3684 905 πάλιν
3726 851 3808 933 τῇ

2217 944 2493 1017 ὑπερϐολῇ
2522 932 2620 998 τοῦ
2659 941 2935 1014 θαύματος
2965 940 3330 1010 άπιστηθῆναι
3353 936 3456 1005 τῆς
3486 932 3809 1004 οίκονομίας

2218 1030 2318 1102 τὴν
2343 1029 2622 1100 ἀλήθειαν.
2651 1028 2768 1082 Νῦν
2802 1027 2901 1100 μὲν
2934 1026 3044 1096 γὰρ
3068 1024 3171 1078 οὑκ
3199 1022 3267 1077 ἂν
3295 1024 3340 1055 ³⁸
3370 1018 3527 1075 τοῦτο
3554 1018 3801 1088 ἐγένετο,

2218 1112 2407 1173 ἐπειδὴ
2435 1112 2530 1166 καὶ
2567 1112 2806 1181 Μωῦσῆς
2836 1111 2932 1165 καὶ
2964 1108 3149 1173 Ἠλίας
3182 1104 3544 1179 προλαϐόντες
3572 1104 3650 1165 είς
3679 1117 3815 1154 τοσο

2225 1195 2385 1251 οῦτον
2434 1196 2665 1267 ἴσχυσαν
2714 1194 2951 1262 ἐξελθεῖν
2994 1194 3167 1264 μῆκος
3188 1230 3203 1256 ,
3245 1192 3315 1262 τῇ
3352 1188 3448 1244 τοῦ
3494 1186 3627 1242 Θεοῦ
3669 1202 3815 1256 κρα-

2223 1284 2532 1353 ταιούμενοι
2556 1281 2600 1314 ⁸⁰
2621 1280 2866 1350 δυνάμει.
2899 1279 2962 1333 Εἰ
2989 1278 3045 1333 δὲ
3077 1276 3386 1349 περαιτέρω
3416 1272 3648 1345 προέϐη,
3676 1267 3815 1325 πολε

2222 1365 2336 1431 λοῖς
2386 1366 2452 1421 ἂν
2498 1367 2591 1420 καὶ
2638 1364 2887 1419 ἐντεῦθεν
2934 1364 3160 1428 ἄπιστος
3207 1360 3382 1425 ἔδοξεν
3427 1354 3566 1413 εἶναι
3617 1356 3652 1428 ὴ
3706 1354 3815 1426 τῆς

2224 1449 2428 1521 σαρκὸς
2472 1448 2758 1521 ἀνάληψις.
2803 1447 3123 1519 Νηστεύσας
3165 1445 3347 1499 τοίνυν
3393 1442 3816 1513 τεσσαράκοντα

2223 1533 2437 1606 ὴμέρας
2480 1535 2573 1588 καὶ
2618 1532 2817 1598 νύκτας
2845 1532 3133 1597 τοσαύτας,
3173 1529 3471 1596 ’Υστερον
3495 1525 3809 1581 ἐπείνασε·

2222 1616 2393 1687 λαϐὴν
2419 1616 2567 1688 αὑτῷ
2598 1617 2851 1688 παρέχων
2877 1617 2955 1680 εἰς
2975 1615 3035 1669 τὸ
3064 1610 3399 1685 προσελθεῖν,
3438 1610 3525 1664 ῐνα
3555 1608 3814 1677 συμπλα-

2225 1700 2342 1764 κε¹ις
2363 1698 2508 1770 δείξῃ
2535 1699 2651 1762 πλτις
2672 1699 2754 1752 δεῖ
2780 1696 3152 1770 περιγίνεσθαι
3172 1695 3215 1727 ⁸⁸
3242 1694 3336 1748 καὶ
3361 1694 3536 1764 νικᾷν.
3559 1690 3722 1743 Οῦτω
3745 1688 3814 1759 δὴ

2226 1783 2320 1837 καὶ
2352 1780 2587 1853 ἀθληταὶ
2620 1781 2830 1836 ποιοῦσι
2846 1796 2860 1811 ·
2892 1780 3020 1845 τοὺς
3041 1780 3151 1852 7&9
3176 1776 3425 1851 μαθητάς
3447 1777 3571 1839 τοῦς
3594 1775 3814 1829 ἑαυτῶν

2224 1864 2566 1921 διδάσκοντες
2593 1864 2965 1935 περιγίνεσθαι
3000 1863 3095 1917 καὶ
3122 1863 3298 1933 νικᾷν,
3328 1860 3545 1922 ἑκόντες
3585 1859 3643 1911 ἐν
3689 1859 3814 1921 ταῖς

2223 1947 2587 2020 παλαίστραις
2616 1947 3020 2019 συμπλέκονται
3044 1944 3271 2018 ἑτέροις,
3301 1946 3357 1999 ἐν
3382 1946 3493 2006 τοῖς
3521 1941 3629 1997 τῶν
3653 1943 3815 1996 ἀντι-

2226 2031 2415 2086 πάλων
2438 2029 2668 2105 ησώμασι
2697 2030 3027 2102 παρέχοντες
3046 2030 3255 2092 τούτοις
3285 2027 3511 2099 θεωρεῖν
3541 2026 3637 2105 καὶ
3681 2042 3813 2080 παι-

2224 2102 2474 2168 δεύεσθαι
2503 2114 2601 2183 τῆς
2623 2101 2791 2185 νίκης
2808 2114 2900 2167 τὸν
2940 2114 3161 2185 τρόπον.
3195 2113 3261 2165 ’⁸0
3289 2111 3353 2183 δὴ
3386 2111 3481 2165 καὶ
3519 2101 3641 2164 τότε
3684 2109 3813 2178 ἐγέ-

2224 2214 2365 2252 νετο.
2400 2197 2617 2269 Ἐπειδὴ
2643 2196 2751 2268 γὰρ
2784 2196 3036 2253 ἐϐούλετο
3077 2196 3239 2251 αὑτὸν
3286 2191 3697 2249 ἐπισπάσασθαι
3732 2194 3815 2255 εἰς

2226 2278 2405 2341 τοῦτο,
2438 2281 2533 2334 καὶ
2580 2279 2642 2334 τὸ
2679 2282 2871 2351 πεινῇν
2901 2278 3050 2349 αὑτῷ
3093 2277 3394 2350 κατάδηλον
3424 2276 3672 2346 ἐποίησε,
3716 2274 3814 2329 καὶ

2226 2362 2591 2435 προσελθόντα
2631 2362 2870 2430 ἐδέξατο,
2906 2364 3002 2417 καὶ
3041 2362 3359 2433 δεξάμενος,
3394 2359 3540 2425 ἆπαξ
3582 2360 3684 2414 καὶ
3731 2358 3816 2421 δὶς

2226 2448 2321 2503 καὶ
2355 2448 2476 2519 τρὶς
2506 2444 2668 2502 αὑτὸν
2708 2445 3012 2520 κατέρραξε
3036 2447 3081 2479 ³¹
3111 2445 3229 2517 μετ’
3256 2443 3506 2509 εὐκολίας
3531 2442 3630 2514 τῆς
3657 2441 3816 2513 αῦτῷ

2227 2530 2633 2603 προσηκούσης.
2668 2530 2807 2585 Ἀλλ’
2829 2530 2916 2585 ἵνα
2953 2529 3029 2602 μὴ
3065 2528 3497 2601 παρατρέχοντες
3522 2527 3620 2590 τάς
3649 2525 3817 2588 νίκας

2224 2614 2449 2681 ταύτας,
2488 2613 2880 2686 λυμαινώμεθα
2915 2613 3068 2685 ὑμῶν
3112 2614 3212 2684 τὴν
3249 2611 3535 2682 ὠφέλειαν,
3566 2608 3677 2664 ἀπὸ
3716 2609 3817 2678 τῆς

2228 2697 2455 2770 πρώτης
2504 2698 2804 2770 ἀρξάμενοι
2841 2696 3146 2768 προσϐολῆς
3181 2695 3418 2767 ἑκάστην
3470 2693 3609 2766 μετά
3648 2693 3815 2764 ἀκρι-

2227 2780 2381 2846 ϐείας
2406 2781 2769 2853 ἐξετάσωμεν.
2787 2780 3006 2852 Ἐπειδὴ
3022 2780 3131 2852 γάρ
3151 2779 3424 2844 ἐπείνασε,
3440 2776 3593 2849 φησὶ,
3615 2779 3815 2845 Προσ-

2226 2863 2421 2919 ελθὼν
2453 2869 2486 2921 ό
2528 2863 2816 2934 πειράζων
2857 2864 3031 2918 εἶπεν
3078 2862 3272 2930 αὐτῷ·
3314 2863 3387 2916 El
3422 2861 3555 2929 Υίὸς
3596 2854 3657 2914 ετ
3706 2856 3816 2912 τοῦ

2230 2946 2416 3013 Θεοῦ,
2462 2949 2593 3003 είπὲ
2633 2950 2735 3004 ἵνα
2784 2951 2839 3004 οι
2887 2949 3045 3004 λίθοι
3087 2942 3252 3003 οὗτοι
3296 2946 3461 3015 ἄρτοι
3502 2942 3813 3016 γένωνται.

2243 3029 2461 3102 Ἐπειδὴ
2493 3031 2604 3104 7&9
2645 3033 2846 3104 ἤκουσε
2882 3030 3069 3103 φωνῆς
3108 3028 3313 3084 ἄνωθεν
3362 3027 3672 3102 φερομένης
3722 3025 3817 3079 καὶ

2230 3113 2528 3187 λεγούσης·
2576 3113 2764 3184 Οὗτός
2804 3117 2976 3172 ἐστιν
3018 3117 3053 3171 ό
3095 3116 3223 3183 Υἱός
3250 3130 3369 3184 μου
3404 3117 3437 3167 ό
3462 3111 3777 3181 ἀγαπητός
3799 3125 3814 3142 ⁸

2230 3199 2430 3272 ἢκουσε
2459 3200 2516 3255 δὲ
2546 3200 2639 3255 καὶ
2685 3199 2933 3255 Ἰωάννου
2969 3197 3205 3253 τοσαῦτα
3242 3196 3374 3269 περὶ
3411 3193 3575 3250 αὑτοῦ
3606 3211 3817 3266 μαρτυ-

2235 3281 2486 3354 ροῦντος,
2532 3278 2650 3337 εἶτα
2704 3277 2813 3338 εἶδε
2844 3279 3151 3335 πεινῶντα·
3186 3281 3245 3334 ἐν
3287 3277 3567 3351 ἀμηχανία
3616 3275 3816 3330 λοιπὸν

2228 3363 2319 3439 ἦν,
2359 3368 2454 3421 καὶ
2488 3366 2611 3421 οῦτε
2639 3367 2723 3421 ὅτι
2763 3365 3046 3438 ἄνθρωπος
3087 3359 3155 3437 ἦν
3182 3362 3337 3435 ψιλὸς
3368 3360 3656 3417 πιστεῦσαι
3690 3359 3816 3432 ὴδύ-

2231 3470 2381 3515 νατο,
2431 3451 2521 3506 διὰ
2558 3454 2627 3508 τά
2677 3451 2805 3525 περὶ
2837 3449 3002 3506 αὑτοῦ
3030 3449 3324 3522 λεχθέντα·
3376 3449 3481 3503 οὐδ’
3527 3442 3595 3502 αὖ
3648 3447 3817 3503 πάλιν

2232 3534 2660 3607 παραδέξασθαι,
2689 3536 2772 3590 ὅτι
2804 3535 2933 3598 Υἱὸς
2958 3528 3027 3606 ἦν
3062 3532 3156 3588 τοῦ
3184 3531 3343 3597 Θεοῦ,
3369 3532 3457 3586 διά
3489 3532 3551 3585 τὺ
3589 3529 3814 3602 βλέπειν

2229 3620 2391 3674 αὑτὸν
2411 3620 2700 3673 πεινῶντα.
2728 3617 2892 3672 Ὅθεν
2920 3617 2976 3671 ἐν
3001 3616 3282 3688 ἀμηχανίᾳ
3301 3615 3607 3686 γενόμενος,
3632 3615 3813 3685 ἀμφι⁴

2230 3702 2416 3767 ϐόλους
2450 3703 2641 3773 ἀφίησι
2665 3702 2869 3773 φωνάς.
2904 3700 3011 3754 Kal
3039 3699 3228 3771 ῶσπερ
3264 3698 3340 3770 τῷ
3371 3698 3545 3770 ’Δδάμ
3580 3698 3815 3770 προσελ-

2230 3785 2339 3840 θὼν
2369 3786 2520 3857 παρὰ
2543 3788 2641 3858 τὴν
2674 3784 2870 3857 ἀρχὴν,
2900 3783 3123 3839 πλάττει
3155 3782 3223 3837 τά
3261 3782 3335 3855 μὴ
3361 3783 3511 3845 ὄντα,
3537 3783 3623 3837 ἵνα
3659 3783 3811 3854 μάθῃ

2228 3869 2298 3922 τά
2319 3868 2449 3922 ὄντα
2468 3881 2483 3896 ⁸
2516 3868 2660 3922 οῦτω
2698 3867 2763 3939 δὴ
2801 3868 2896 3922 καὶ
2929 3865 3183 3932 ἐνταῦθα,
3215 3866 3315 3920 οὑκ
3350 3865 3507 3929 εἰδὼς
3535 3866 3726 3936 σαφῶς
3755 3866 3814 3918 τὸ

2229 3949 2539 4024 ἀπόρρητον
2573 3952 2671 4021 τῆς
2719 3950 3028 4022 οἰκονομίας
3060 3950 3387 4021 μυστήριον,
3421 3950 3516 4003 καὶ
3544 3950 3628 4013 τίς
3680 3948 3811 4002 ποτέ

2230 4031 2380 4088 ἐστιν
2400 4037 2427 4088 6
2456 4034 2667 4106 παρὼν,
2684 4032 2849 4106 ἔτερα
2872 4035 3141 4105 ἐπιχειρεῖ
3169 4032 3387 4086 πλέκειν
3408 4032 3618 4096 δίκτυα,
3640 4031 3713 4085 δι’
3738 4049 3812 4085 ων

2229 4115 2366 4188 ᾧετο
2414 4117 2655 4172 εἴσεσθαι
2692 4116 2753 4171 τὺ
2793 4116 3175 4188 κεκρυμμένον
3209 4117 3304 4169 καὶ
3351 4115 3576 4184 ἀσαφές.
3615 4117 3729 4169 Καὶ
3760 4115 3811 4168 τί

2229 4216 2428 4272 φησιν;
2460 4199 2528 4255 Et
2556 4201 2688 4268 Υιὸς
2715 4196 2776 4254 εἷ
2788 4200 2894 4255 τοῦ
2919 4198 3089 4261 Θεοῦ,
3115 4199 3246 4253 εἰπὲ
3269 4200 3369 4252 ἵνα
3391 4201 3445 4252 οί
3465 4199 3620 4252 ,ιίθοι
3643 4194 3809 4254 οὗτοι

2230 4281 2382 4357 [ΠΟ]
2414 4284 2580 4354 ἄρτοι
2612 4284 2918 4355 γένωνται.
2958 4284 3071 4337 Οὐκ
3118 4278 3291 4347 εἶπεν,
3348 4281 3564 4352 Ἐπειδὴ
3595 4283 3807 4353 πεινᾷς,

2226 4366 2366 4431 ἀλλ’,
2387 4370 2456 4422 El
2494 4367 2628 4434 me
2672 4363 2731 4422 εἷ
2778 4367 2886 4422 τοῦ
2932 4366 3108 4422 Θεοῦ·
3154 4365 3392 4437 νομίζων
3446 4364 3810 4419 ὑποκλέπτειν

2220 4450 2384 4506 αὑτὸν
2416 4454 2529 4516 τοῖς
2574 4450 2889 4523 ἐγκωμίοις.
2918 4449 3009 4504 Διὸ
3044 4450 3138 4503 καὶ
3168 4450 3269 4520 τὴν
3301 4450 3490 4502 πεῖναν
3527 4448 3808 4518 ἐσίγησεν,

2221 4533 2309 4587 ἵνα
2332 4533 2408 4607 μὴ
2448 4534 2575 4607 δόξῃ
2608 4534 2901 4606 προφέρειν
2924 4533 2969 4565 ³³
2992 4531 3140 4603 αὑτῷ
3176 4531 3333 4585 τοῦτο
3372 4532 3462 4585 καὶ
3505 4531 3805 4595 ὀνειδίζειν.

2224 4619 2301 4673 Οὐ
2341 4618 2452 4691 γὰρ
2492 4616 2647 4683 εἰδὼς
2672 4618 2782 4672 τῶν
2827 4616 3293 4688 οἰκονομουμένων
3331 4615 3393 4669 τὸ
3442 4616 3692 4687 μέγεθος,
3725 4617 3809 4669 αξ-

2224 4702 2388 4774 σχρδν
2431 4700 2582 4773 αύτῷ
2629 4702 2787 4756 τοῦτο
2840 4701 3089 4772 ἐνόμιζεν
3144 4697 3302 4755 εἶναι.
3353 4698 3444 4752 Διὸ
3497 4699 3806 4754 κολακεύων

2222 4786 2386 4841 αὐτὸν
2420 4784 2690 4849 ὑπούλως,
2722 4784 2823 4855 τῆς
2858 4784 3016 4850 ἀξίας
3051 4785 3326 4855 μέμνηται
3370 4783 3555 4853 μόνης.
3600 4783 3668 4836 Τί
3715 4778 3807 4837 οὖν

2220 4871 2250 4923 6
2274 4869 2542 4940 Χριστός;
2581 4867 2687 4922 Τὸν
2723 4868 2891 4937 τῦφον
2922 4867 3088 4922 αὑτοῦ
3132 4866 3429 4937 καθαιρῶν,
3470 4867 3563 4919 καὶ
3590 4865 3805 4930 δεικνὺς

2221 4954 2323 5007 οὑκ
2349 4952 2611 5024 αἰσχύνης
2643 4952 2791 5018 ἀξιον
2829 4951 2892 5005 δν
2925 4951 2987 5004 τὸ
3016 4952 3250 5023 συμϐάν,
3276 4949 3397 5004 οὐδὲ
3444 4947 3662 5014 ἀνάξιον
3706 4951 3806 5019 τῆς

2222 5035 2389 5091 αὑτοῦ
2431 5037 2639 5105 σοφίας,
2667 5035 2803 5107 ὅπερ
2831 5032 3145 5088 κολακεύων
3174 5033 3334 5086 αὑτὸν
3367 5034 3570 5096 ἐκεῖνος
3603 5034 3803 5087 ἀπεσε-

2220 5137 2377 5190 γησε,
2415 5117 2574 5173 τοῦτο
2621 5118 2700 5183 εἰς
2740 5118 2905 5190 μέσον
2954 5117 3118 5180 αὐτὸς
3163 5116 3426 5189 προφέρει
3459 5116 3553 5169 καὶ
3598 5117 3802 5188 τίθησι,

2220 5201 2425 5272 λέγων·
2473 5203 2595 5257 Οὐκ
2643 5202 2736 5256 ἐπ’
2780 5202 2942 5271 ⁴ι’ίρτῳ
2974 5202 3137 5273 μόνῳ
3186 5199 3421 5267 (vicerat
3466 5200 3799 5268 ἄνθρωπος.

2222 5286 2386 5341 Ὀθεν
2404 5286 2631 5358 ἄρχεται
2653 5285 2762 5340 ἀπὸ
2781 5285 2828 5318 ³⁸
2858 5286 2960 5355 τῆς
2986 5284 3128 5340 κατά
3144 5283 3243 5355 τὴν
3266 5284 3509 5356 γαστέρα
3531 5285 3799 5354 ἀνάγκης.

2222 5371 2293 5424 Σὺ
2321 5370 2379 5424 δέ
2411 5387 2501 5441 μοι
2534 5370 2726 5424 σκόπει
2763 5370 2857 5424 τοῦ
2893 5367 3134 5440 πονηροῦ
3166 5367 3420 5438 δαίμονος
3453 5368 3665 5423 ἐκείνου
3704 5370 3798 5439 τὴν

2218 5455 2595 5527 κακουργίαν,
2635 5455 2730 5508 καὶ
2761 5453 2923 5508 πόθεν
2966 5454 3193 5525 ἄρχεται
3221 5450 3332 5505 τῶν
3381 5450 3794 5523 παλαισμάτων,

602 5553 645 5628 ξ’
670 5552 829 5628 μηδὲ]
850 5556 945 5609 καὶ
967 5556 1100 5627 μηδέ
1119 5557 1184 5628 D.
1204 5555 1263 5612 Ε.
1289 5556 1349 5612 F.
1405 5559 1494 5611 "6
1516 5554 1673 5628 τέως]
1700 5555 1794 5610 ac:
1820 5555 1967 5628 0'0;F.
1984 5555 2120 5628 ﬂor.

2243 5558 2303 5613 τὸ
2326 5558 2584 5628 τέταρτον
2605 5559 2740 5614 Edd.
2792 5558 2845 5590 "
2866 5555 3033 5628 and]
3062 5555 3185 5628 adc_l_.
3210 5554 3304 5609 καί
3329 5554 3467 5628 [λε.
3499 5554 3561 5611 l".
3612 5557 3660 5589 ”
3678 5558 3797 5628 καίι

527 5622 622 5701 καὶ.
640 5622 889 5701 εἰςόίμ.
912 5622 1064 5701 ρέεξς
1079 5627 1176 5701 τὴν
1200 5628 1563 5701 ἔρημον-ΕΜ.
1618 5622 1956 5701 ’δ’ἐπετίθετρ
1982 5626 2067 5701 ἰν.⁸
2113 5631 2159 5701 ’f
2183 5630 2422 5701 μέν-ουν.

2502 5668 2516 5683 .
2550 5630 2612 5684 F.
2688 5628 2737 5701 ξ’
2760 5627 2884 5701 οὑκ]
2917 5622 3110 5698 οὐχ’ὼς
3138 5625 3234 5701 Ep.
3297 5628 3339 5657 ⁸⁷
3376 5625 3599 5701 καίρια.
3735 5622 3797 5680 Βξ

526 5695 581 5770 ξ’.
605 5695 663 5746 ἐν
692 5694 984 5770 σξηελλΕ.
1007 5695 1066 5751 F.
1099 5694 1317 5770 £9_ainté
1342 5698 1616 5770 εὐθηνίαις
1650 5712 1763 5770 om,
1807 5695 1869 5770 Ε.
1905 5696 1991 5770 Ε.
2026 5699 2120 5770 νε

2226 5698 2304 5770 ιν]
2328 5700 2481 5754 οὐδέν
2501 5701 2566 5755 Α.
2603 5701 2648 5733 ³⁰
2678 5699 2772 5756 Sic
2801 5694 2915 5770 Εξι
2940 5694 3360 5770 κραταιούμενοι
3387 5695 3541 5770 MSS,
3576 5700 3789 5770 mulli.»

525 5763 755 5848 μοριείε
795 5765 968 5848 Vu‘lgo
984 5768 1368 5848 κρατούμενοι.
1410 5763 2120 5848 ηεξ,περιγενέςθαιήυήώα

2227 5763 2312 5848 _F_".
2337 5780 2403 5848 ει
2425 5786 2508 5848 pr.
2536 5771 2606 5848 ρ.
2672 5772 2728 5848 ξ’
2741 5763 3043 5848 κατέρρηξε
3058 5763 3255 5848 pluunt);-
3272 5845 3279 5848 _
3297 5766 3343 5797 "
3363 5766 3793 5848 $90cpépelv]_3ic

526 5834 592 5889 Α.
620 5832 679 5889 Β.

759 5872 774 5887 .
795 5836 958 5907 vulgo
982 5835 1330 5911 προσφέρειν.
1398 5839 1453 5911 fl
1470 5835 1630 5911 Ὅθεν
1654 5835 1871 5911 ἐκεῖνος
1888 5835 2115 5911 ἄρχεται

2226 5842 2317 5897 5E.
2337 5835 2449 5896 Kal
2480 5840 2645 5897 πόθεν
2664 5835 2924 5911 ἀρχεταίξ
2971 5835 3105 5893 Ἃπό
3129 5836 3188 5893 F.
3231 5835 3316 5890 lla
3336 5835 3714 5894 nihil’eiubu‘il
3758 5856 3789 5893 ο

529 5905 843 5961 necessitate
872 5905 1069 5963 ιιὶθηιήδ
1110 5905 1356 5968 ϋεεῑυσνιι.
1386 5907 1480 5964 Ge.
1511 5908 1829 5964 Clausulam
1856 5905 1996 5966 sainé
2021 5927 2183 5981 quam
2209 5914 2493 5971 molestam
2526 5905 2872 5973 οττοιεὲιίἰίεξι
2896 5911 3048 5965 Ann.
