3856 6180
412 375 625 437 etiamsi
661 372 734 436 id,
775 367 917 443 quod
972 362 1262 425 dicebant,
1313 357 1445 414 utile
1487 360 1670 417 esset;
1720 348 1817 404 sed
1873 345 1991 400 illos

417 472 587 544 magis
647 464 916 537 magisque
962 453 1298 525 deprimens,
1328 459 1622 514 eorumque
1649 449 1838 496 contra
1893 450 1996 490 nos

420 536 639 618 insidias
661 536 969 615 obstruens.
993 549 1154 605 etiam
1175 559 1299 600 cum
1325 539 1575 598 salutaria
1595 536 1842 605 dogmata
1863 546 2001 601 prte-

421 656 687 716 dicarent,
713 643 1080 719 propulsabat,
1106 651 1293 696 eorum
1322 633 1605 687 obstruens
1631 641 1746 692 ora,
1765 624 2003 696 ipsisque

422 712 699 798 silentium
714 712 998 805 imperans
1030 731 1165 802 (Act.
1194 727 1281 783 16.
1312 724 1422 792 18).
1450 720 1654 776 Idcirco
1701 729 1873 786 neque
1916 712 2006 767 hic

423 833 670 889 Christus
706 802 862 884 dictis
902 821 1133 880 annuit:
1171 817 1265 874 sed
1288 813 1415 886 quid
1462 809 1617 866 ait‘?
1649 806 1771 861 Non
1814 807 1868 859 in
1897 802 2007 858 solo

427 941 558 996 pane
584 923 710 978 vivet
745 919 913 972 homo.
936 911 1088 981 Quod
1111 924 1238 965 vero
1255 906 1400 969 dicit,
1430 897 1730 972 hujusmodi
1758 905 1872 952 est:
1903 893 2009 948 Po-

430 1027 535 1072 test
555 1015 694 1070 Deus
717 1011 878 1066 etiam
923 1004 1091 1060 verbo
1120 998 1447 1057 esurientem
1497 991 1662 1054 alere,
1709 1001 1780 1042 ex
1827 983 2010 1039 Veteri

403 1170 408 1178 ι
432 1109 711 1178 Scriptura
741 1097 1106 1158 testimonium
1146 1092 1398 1152 alferens,
1425 1100 1492 1141 ac
1524 1083 1747 1148 docens,
1769 1075 2014 1149 quamvis

402 1173 415 1293 ξ
439 1173 757 1262 esuriamus,
791 1191 1034 1266 quamvis
1057 1185 1203 1242 aliud
1229 1181 1502 1254 quidpiam
1532 1176 1830 1248 patiamur,
1855 1183 2015 1225 num-

433 1308 591 1367 qualn
620 1307 650 1346 a
678 1287 903 1343 Domino
927 1276 1290 1338 absistendum
1311 1285 1452 1329 esse.

411 1379 420 1443 Ι
453 1350 466 1367 ’
506 1386 561 1440 5.
593 1378 746 1449 Quod
785 1378 831 1432 si
874 1375 992 1446 quis
1015 1369 1242 1433 dixerit,
1288 1364 1449 1422 Certe
1490 1356 1772 1430 oportebat
1787 1353 1841 1409 id
1865 1350 2018 1409 exhi-

437 1477 566 1532 bere
587 1442 968 1541 :wrespoude-bo
1005 1463 1102 1533 ipsi
1126 1459 1296 1524 ,Cur,
1344 1464 1399 1510 et
1423 1466 1526 1522 qua
1549 1450 1618 1506 de
1650 1447 1854 1504 causa?
1901 1442 2021 1499 Non

439 1569 606 1632 enim,
649 1539 992 1623 uterederet,
1035 1553 1088 1609 id
1133 1551 1224 1606 ille
1252 1545 1501 1609 dicebat;
1547 1539 1644 1596 sed
1670 1545 1730 1593 ut
1757 1543 2020 1607 quantum

440 1628 791 1729 opinabatur,
863 1650 933 1705 de
996 1641 1370 1702 incredulitate
1427 1636 1598 1705 ipsum
1655 1628 2020 1686 convinceret.

441 1714 882 1818 Quandoquidem
926 1739 1130 1810 primos
1150 1731 1397 1787 homines
1426 1726 1504 1780 sic
1556 1719 1800 1790 decepit,
1842 1725 1898 1771 et
1932 1714 2027 1770 de-

444 1837 760 1899 monstravit
789 1809 939 1904 ipsos
955 1845 1062 1884 non
1092 1825 1318 1881 multum
1338 1821 1448 1875 Deo
1476 1813 1718 1870 credere.
1737 1809 1873 1865 Nam
1900 1821 2029 1862 con-

447 1935 605 1992 traria
637 1932 702 1986 iis
725 1901 846 2000 quia
878 1926 1018 1981 Deus
1053 1921 1262 1976 dixerat
1280 1915 1395 1984 ipse
1425 1907 1731 1981 pollicitus,
1760 1901 1908 1958 inani
1929 1913 2025 1955 eos

448 2041 545 2096 spe
574 2021 787 2084 inlisus,
819 2024 980 2086 atque
1022 2011 1075 2066 in
1105 2004 1533 2064 incredulitatem
1576 1996 1867 2064 conjiciens
1892 2033 1906 2055 ,
1952 1989 2030 2044 sic

448 2083 610 2172 etiam
636 2128 701 2168 ex
740 2111 804 2166 iis
833 2083 952 2178 qua:
981 2099 1328 2175 possidebant
1373 2092 1530 2149 bouis
1558 2086 1779 2158 dejecit.
1830 2083 2028 2138 Verum

449 2206 696 2264 Christus
723 2215 845 2256 sese
869 2201 1152 2257 monstrat,
1173 2201 1348 2256 neque
1377 2181 1610 2243 diabolo,
1640 2191 1810 2246 neque
1828 2170 2033 2229 Judazis

452 2298 639 2356 eadem
668 2307 787 2364 qua:
806 2287 1047 2345 diabolus
1062 2277 1414 2339 sentientibus
1438 2273 1917 2340 obtemperantem,
1939 2276 2035 2317 nos

455 2389 652 2458 ubique
677 2352 900 2445 docens,
933 2372 1144 2432 etiamsi
1164 2368 1432 2442 possimus
1455 2361 1654 2434 aliquid
1681 2355 1916 2429 operari,
1951 2352 2035 2406 ni-

457 2480 534 2536 hil
559 2487 737 2532 tamen
767 2481 970 2526 temere
994 2475 1051 2522 et
1071 2464 1188 2520 sine
1212 2474 1371 2515 causa
1393 2451 1699 2510 faciendum
1727 2463 1848 2503 esse
1871 2486 1886 2510 ,
1928 2445 2036 2499 imo

457 2584 561 2626 nec
583 2568 628 2622 si
652 2561 940 2620 necessitas
967 2559 1146 2619 instet,
1164 2549 1376 2607 diabolo
1396 2561 1516 2602 esse
1538 2535 2035 2610 obtemperaudum.

457 2660 597 2732 Quid
620 2658 794 2727 agitur
821 2647 1185 2709 exsecrandus
1213 2643 1304 2698 ille
1319 2641 1492 2696 victus
1520 2635 1645 2690 fecit
1669 2635 1693 2688 ’ἶ
1746 2632 2036 2698 Postquam

461 2753 686 2811 suadere
712 2765 819 2804 non
851 2749 1104 2816 potuerat
1128 2747 1185 2792 ut
1209 2737 1415 2805 jussum
1442 2733 1848 2798 exsequeretur,
1880 2720 2042 2774 etiam

463 2809 609 2902 tanta
636 2809 869 2898 instante
892 2838 1058 2898 fame,
1091 2832 1161 2886 ad
1184 2827 1327 2884 aliud
1351 2817 1831 2896 proceditdiceus:
1879 2812 1932 2868 6.
1981 2809 2041 2865 Si

465 2937 634 2994 Filius
659 2933 756 2989 Dei
783 2947 855 2998 es,
884 2929 1024 2982 mitte
1053 2936 1100 2979 te
1133 2923 1388 2977 deorsum.
1440 2913 1703 2984 Scriptum
1747 2917 1821 2962 est
1862 2905 1994 2960 enim
2020 2917 2038 2956 :

469 3026 722 3096 Quoniam
762 2996 955 3091 angelis
1002 3015 1107 3070 suis
1149 3007 1409 3065 mandavit
1460 3003 1524 3057 de
1550 3013 1628 3067 te,
1658 3009 1703 3054 et
1732 3000 1786 3052 in
1813 2996 2045 3049 manibus

468 3087 641 3173 ὧιιεηι
663 3124 710 3168 te
745 3087 910 3182 (ρεὶιι.
938 3104 1168 3172 90.“).
1221 3101 1329 3156 Cur
1384 3094 1612 3165 singulis
1658 3087 2043 3147 tentationibus

473 3208 580 3263 hoc
602 3176 900 3278 praemittit,
926 3198 986 3253 Si
1018 3195 1065 3250 F
1067 3195 1185 3248 ilius
1218 3190 1311 3245 Dei
1333 3188 1430 3243 es?
1474 3183 1626 3252 Quod
1653 3183 1764 3251 jam
1791 3179 1939 3251 prius
1968 3176 2047 3232 fe-

469 3266 636 3363 ceral,
657 3295 709 3350 id
734 3301 790 3349 et
807 3305 947 3346 nunc
973 3288 1117 3343 facit.
1145 3284 1294 3339 Sicut
1321 3280 1462 3336 enim
1485 3287 1611 3332 tunc
1645 3275 1758 3330 Deo
1786 3266 2046 3326 detrahe-

471 3389 564 3447 bat
589 3388 672 3443 his
697 3385 894 3449 verbis,
942 3380 1264 3448 Quacumque
1289 3373 1371 3426 die
1399 3365 1732 3424 'comederitis
1753 3405 1768 3429 ,
1821 3361 2052 3432 aperien-

474 3494 559 3540 tur
605 3479 737 3537 oculi
777 3476 923 3530 vestri
966 3470 1121 3543 (Gen.
1148 3470 1201 3526 3.
1233 3466 1338 3536 5);
1389 3463 1473 3517 his
1530 3457 1817 3514 ostendere
1869 3452 2053 3507 volens

473 3577 621 3647 ipsos
664 3571 917 3639 deceptos
947 3581 1009 3620 ac
1032 3562 1249 3618 delusos
1295 3556 1489 3618 fuisse,
1533 3549 1770 3618 nihilque
1811 3542 2052 3601 beneficii

476 3632 885 3736 accepissez-ita
938 3665 993 3712 et
1017 3655 1106 3709 hic
1141 3651 1369 3721 idipsum
1413 3641 1756 3700 subindicaus
1796 3636 1870 3691 ait
1915 3651 1930 3689 :
1981 3632 2058 3688 'l‘e

477 3723 674 3814 frustra
703 3753 871 3807 lilium
897 3745 1146 3807 vocavit,
1177 3755 1241 3796 ac
1286 3739 1427 3793 dono
1458 3744 1509 3790 te
1538 3731 1725 3787 fefellit
1754 3749 1767 3784 :
1819 3734 1966 3781 certe
2013 3723 2060 3778 si

480 3864 589 3903 non
623 3846 695 3900 ita
723 3858 784 3898 se
807 3856 896 3896 res
916 3838 1130 3900 habeat,
1161 3828 1416 3889 ostendas
1451 3824 1607 3881 nobis
1634 3827 1850 3893 oportet
1898 3828 1951 3873 te
1976 3827 2059 3870 ta-

483 3941 589 3995 lem
637 3934 836 3990 habere
889 3935 1228 4000 potestatem.
1261 3917 1462 3976 Deinde
1490 3958 1506 3983 ,
1529 3913 1784 3985 quoniam
1813 3926 1880 3966 ex
1910 3907 2060 3964 Scri-

483 4030 656 4103 pturis
682 4029 852 4096 ipsum
888 4022 1191 4091 alloquutus
1211 4023 1358 4081 erat,
1386 4012 1502 4082 ipse
1531 4019 1744 4080 quoque
1791 4001 2066 4074 prOpbette

487 4119 845 4180 testimonium
872 4115 1050 4171 alfert.

557 4215 802 4270 Diabolus
819 4227 907 4280 per
931 4205 1224 4280 patientiam
1243 4207 1524 4272 superatur.
1540 4225 1613 4237 --
1630 4191 1738 4249 Cur
1763 4202 1890 4261 ergo
1915 4187 2072 4242 Citri-

489 4319 603 4364 stus
649 4319 752 4359 non
797 4279 1128 4370 indignatus,
1160 4309 1264 4348 non
1294 4297 1637 4357 exasperatus
1665 4290 1747 4338 est
1769 4323 1784 4349 ,
1817 4279 1909 4336 sed
1947 4293 2072 4334 eum

431 4427 444 4460 ς
490 4393 898 4455 mansuetudine
927 4388 1088 4445 multa
1120 4396 1303 4440 rursus
1325 4397 1390 4436 ex
1431 4375 1723 4447 Scripturis
1749 4373 1921 4442 ipsum
1943 4369 2073 4423 allo-

436 4463 445 4503 ’
492 4490 691 4560 quitur,
721 4486 945 4540 dicens:
969 4482 1022 4534 7.
1055 4477 1175 4532 Non
1203 4471 1413 4528 tentabis
1441 4468 1718 4523 Dominum
1745 4463 1905 4518 Deum
1933 4469 2074 4514 tuum

495 4552 756 4653 (Deut-6.
781 4573 906 4647 16)?
937 4572 1006 4628 Ut
1032 4585 1130 4624 nos
1163 4567 1376 4630 doceat,
1406 4577 1513 4616 non
1534 4574 1629 4630 per
1651 4557 1822 4627 signa,
1855 4552 1949 4610 sed
1981 4565 2077 4622 per

495 4646 807 4745 patientiam
837 4646 1197 4734 superandum
1224 4655 1494 4712 diabolum
1521 4664 1662 4715 esse,
1695 4646 1930 4716 nihilque
1953 4658 2074 4698 om-

495 4765 624 4820 u'ino
668 4760 735 4817 ad
764 4755 1174 4814 ostentationem
1203 4763 1325 4805 esse
1371 4742 1693 4801 faciendum.
1745 4738 1871 4809 Ejus
1918 4749 2080 4806 porro

497 4853 780 4912 stultitiam
809 4848 893 4904 vel
913 4847 980 4902 ab
1005 4860 1072 4900 eo
1099 4840 1237 4912 quod
1263 4838 1439 4894 attulit
1467 4831 1772 4890 testimonio
1788 4825 2076 4900 perpende.

495 4945 628 5002 Nam
655 4937 955 4999 testimonia
981 4951 1011 4990 a
1031 4931 1254 4990 Domino
1281 4929 1438 4983 allata
1471 4925 1628 4980 ambo
1658 4919 1946 4976 admodum
1986 4931 2086 4987 op-

499 5045 727 5108 portune
747 5030 981 5088 adhibita
1009 5033 1166 5091 sunt;
1188 5037 1306 5095 quae
1333 5028 1509 5075 autem
1535 5015 1713 5072 abillo
1735 5019 2082 5082 usurpantur,

501 5139 704 5184 temere
729 5133 785 5182 et
808 5124 986 5198 inepte
1011 5115 1374 5190 proferuntur,
1404 5124 1503 5164 nec
1527 5107 1592 5161 ad
1617 5121 1731 5162 rem
1756 5101 2080 5174 propositam

503 5196 907 5277 accommodata
936 5222 1078 5271 sunt.
1104 5209 1287 5279 Neque
1313 5204 1454 5262 enim
1485 5198 1613 5257 illud
1633 5240 1650 5266 ,
1691 5196 1950 5266 Scriptum
1978 5199 2086 5260 est,

509 5309 717 5381 Angelis
740 5308 845 5362 suis
872 5301 1127 5359 mandauit
1169 5299 1233 5352 de
1278 5305 1346 5362 te,
1384 5291 1572 5349 suadet
1595 5303 1716 5344 sese
1759 5284 2086 5358 prmcipitem

509 5377 641 5458 dare
671 5416 685 5454 :
717 5398 950 5468 alioquin
975 5409 1103 5451 vero
1129 5407 1234 5448 non
1258 5390 1326 5445 de
1356 5386 1584 5443 Domino
1608 5382 1712 5437 hoc
1749 5379 1960 5434 dicitur.
1991 5377 2089 5430 At-

518 5506 694 5552 tamen
721 5492 824 5548 hoc
848 5467 937 5545 ille
981 5503 1086 5543 non
1113 5483 1325 5548 refellit,
1358 5479 1458 5536 etsi
1483 5472 1866 5532 contumeliose
1910 5467 2095 5524 diabo-

521 5589 604 5644 lus
627 5585 769 5640 dicto
793 5596 920 5637 usus
937 5579 1142 5644 fuisset,
1165 5574 1423 5643 valdeque
1445 5567 1713 5626 contrario
1729 5578 1910 5622 sensu.
1928 5561 2095 5618 Nemo

578 5701 599 5734 ⁸
633 5706 780 5760 Unus,
801 5694 887 5748 sed
909 5687 1046 5746 illum
1066 5686 1257 5756 placide
1277 5680 1544 5748 redarguit,
1567 5678 1751 5732 dicens.

1808 5827 1836 5837 ’.υ
2085 5817 2138 5830 ~

1145 247 1205 305 S.
1243 239 1523 302 JOANNIS
1558 229 2034 294 CIIBYSOSTOMI
2071 227 2385 286 ARCIIIEP.
2432 219 2970 281 CONSTANTlNOP.

3574 217 3677 274 21?.

2105 343 2247 398 enim
2277 357 2307 396 a
2338 341 2473 396 Filio
2502 340 2596 395 Dei
2631 338 2732 394 hoc
2759 338 2926 408 petit,
2954 334 3048 392 sed
3066 333 3263 391 diaboli
3295 339 3352 388 et
3381 331 3680 390 daemonum

2105 435 2387 489 consilium
2403 440 2485 488 est
2504 447 2563 487 se
2587 430 2843 486 deorsum
2873 429 3083 482 mittere
3107 444 3121 481 :
3153 426 3242 480 Dei
3271 441 3422 491 vero,
3451 425 3684 495 iacentes

2105 529 2334 597 erigere.
2361 525 2492 580 Nam
2525 525 2570 579 si
2604 523 2892 594 potentiam
2919 519 3205 576 ostendere
3244 525 3549 588 Oporteret,
3582 534 3686 574 non

2107 619 2342 687 seipsum
2372 615 2655 680 mittendo,
2675 613 2760 668 vel
2783 611 3183 684 praecipitando,
3203 610 3296 666 sed
3314 609 3451 665 alios
3474 623 3684 664 servan-

2109 709 2202 776 do,
2231 708 2282 764 id
2305 708 2536 764 fecisset.
2579 705 2825 776 Seipsum
2851 706 2994 760 enim
3026 704 3078 758 in
3118 712 3386 773 prazrupta
3411 711 3464 757 et
3507 703 3685 772 pra-ci-

2112 801 2240 873 pitia
2282 800 2514 864 mittere,
2541 797 2608 853 ad
2635 796 2830 852 diaboli
2863 796 3180 867 phalangem
3209 795 3456 864 pertinet.
3483 794 3571 850 Sic
3603 795 3693 864 ἱείς

2113 900 2202 947 tur
2255 891 2348 946 ille
2376 889 2627 945 seductor
2652 887 2849 957 ubique
2875 901 3037 956 agere
3065 886 3217 940 solet.
3253 885 3359 941 Sed
3398 885 3482 940 his
3519 885 3691 952 dictis,

2113 984 2361 1040 Christus
2385 996 2493 1037 non
2517 996 2576 1037 se
2602 990 2780 1034 tamen
2806 979 3026 1043 revelat,
3053 978 3148 1034 sed
3168 979 3320 1048 quasi
3349 977 3508 1032 hoino
3536 979 3583 1033 ei
3615 979 3696 1032 in-

2117 1075 2274 1131 terim
2298 1074 2550 1144 loquitur.
2577 1072 2712 1127 Nam
2727 1070 2869 1141 quod
2894 1070 3047 1136 dixit,
3079 1068 3201 1124 Non
3224 1070 3278 1123 in
3295 1069 3405 1123 solo
3435 1085 3564 1138 pane
3579 1071 3697 1122 vivet

2119 1167 2292 1248 homo,
2321 1175 2481 1236 atque
2501 1164 2652 1230 illud,
2674 1162 2796 1217 Non
2818 1161 3028 1216 tentabis
3056 1160 3328 1214 Dominum
3352 1159 3514 1213 Deum
3539 1169 3697 1224 tuum,

2121 1273 2231 1314 non
2258 1271 2381 1314 sese
2405 1255 2692 1312 admodum
2743 1252 3132 1308 manifestantis
3173 1261 3312 1315 erat,
3349 1251 3444 1306 sed
3477 1265 3597 1306 sese
3636 1267 3701 1306 ex

2122 1355 2438 1403 caeterorum
2465 1346 2741 1400 hominum
2767 1359 2990 1400 numero
3016 1342 3359 1398 declarantis.
3387 1343 3468 1396 Ne
3496 1342 3703 1398 mireris

2123 1453 2286 1508 porro
2312 1438 2356 1493 si
2384 1437 2660 1492 Christum
2687 1436 2986 1506 alloquens,
3019 1448 3079 1490 se
3103 1434 3304 1489 circum
3333 1449 3479 1504 sirpe
3512 1442 3702 1490 vertat.

2126 1528 2586 1598 Quemadmodum
2618 1529 2760 1583 enim
2790 1527 3018 1597 pugiles,
3063 1540 3185 1580 cum
3218 1526 3393 1581 letalia
3441 1527 3710 1596 accipiunt

2126 1621 2352 1677 vulnera
2375 1662 2391 1687 ,
2422 1620 2738 1690 sanguinem
2795 1619 3325 1683 circumemittcntes,
3357 1627 3411 1672 et
3454 1620 3710 1688 vertigine

2128 1711 2270 1783 capti
2295 1710 2744 1766 circumferuntur
2771 1725 2788 1764 :
2819 1709 2898 1764 sic
2927 1718 2982 1764 et
3011 1709 3100 1763 ille
3139 1723 3170 1762 a
3201 1710 3366 1778 prima
3399 1719 3454 1762 et
3481 1710 3710 1765 secunda

2131 1803 2285 1874 plaga
2307 1801 2709 1866 obtenebratus,
2736 1815 2856 1869 qua:
2885 1799 2939 1854 in
2985 1809 3217 1854 mentem
3248 1799 3470 1854 veniunt
3515 1800 3712 1871 simpli-

2131 1900 2266 1954 citer
2296 1899 2533 1968 profert,
2559 1904 2615 1952 et
2649 1895 2716 1949 ad
2746 1894 2962 1950 tertium
2992 1908 3337 1964 congressum
3369 1893 3633 1963 procedit.
3661 1897 3712 1949 8.

2134 1989 2204 2045 Et
2219 1997 2476 2056 assumpto
2497 2003 2556 2041 eo
2581 1987 2632 2040 in
2657 1996 2875 2039 montem
2901 1985 3155 2040 excelsum
3178 2025 3194 2050 ,
3224 1985 3442 2038 ostendit
3479 1985 3525 2038 ei
3553 1985 3716 2039 omnia

2133 2098 2290 2152 regna
2312 2081 2326 2111 ¹
2349 2097 2364 2145 ;
2387 2079 2440 2134 9.
2465 2089 2510 2132 et
2527 2079 2656 2132 dixit
2685 2075 2851 2131 :Ilwc
2873 2075 3043 2130 omnia
3069 2075 3155 2128 tibi
3176 2074 3306 2129 dabo
3331 2075 3373 2130 si
3395 2075 3580 2129 cadens
3599 2076 3719 2129 ado-

2135 2172 2324 2227 raveris
2353 2185 2450 2224 me.
2474 2170 2559 2224 10.
2584 2167 2727 2222 Tunc
2748 2167 2870 2220 dicit
2900 2167 2943 2220 ei
2973 2182 2992 2220 :
3029 2164 3172 2218 Vade
3213 2175 3344 2219 retro
3385 2181 3482 2229 me,
3521 2176 3716 2219 satana.

2139 2263 2400 2331 Scriptum
2417 2271 2489 2316 est
2509 2261 2639 2314 enim
2663 2276 2683 2314 :
2706 2258 2982 2313 Dominum
3016 2257 3180 2311 Deum
3208 2268 3348 2311 tuum
3377 2257 3614 2312 adorabis
3633 2300 3647 2322 ,
3679 2268 3722 2311 et

2138 2357 2214 2412 illi
2243 2355 2338 2410 soli
2367 2354 2548 2408 servies
2571 2351 2746 2424 (Deut.
2766 2353 2818 2406 6.
2846 2352 2954 2420 l5).
2982 2351 3114 2418 Quia
3145 2349 3286 2404 enim
3308 2349 3418 2420 jam
3438 2351 3488 2404 in
3515 2350 3721 2404 Patrem

2140 2451 2312 2521 ipsum
2345 2454 2696 2518 peccaverat,
2747 2447 2925 2499 omnia
2953 2460 3074 2515 qua:
3118 2443 3258 2498 illius
3287 2453 3438 2498 erant
3475 2458 3571 2498 sua
3610 2458 3725 2497 esse

2141 2543 2347 2608 dicens,
2379 2549 2434 2596 et
2469 2554 2528 2594 se
2559 2538 2718 2593 deum
2749 2536 2985 2606 profiteri
3011 2535 3293 2600 studebat,
3325 2543 3382 2589 ut
3427 2545 3725 2590 creatorem

2145 2635 2403 2701 universi,
2439 2647 2564 2688 tunc
2612 2631 2944 2701 increpavit;
3002 2645 3175 2700 neque
3203 2645 3324 2684 cum
3368 2630 3724 2691 vehementia.

2145 2729 2238 2784 sed
2267 2726 2582 2797 simpliciter
2607 2739 2619 2776 :
2660 2723 2800 2778 Vade
2825 2731 2958 2776 retro
2984 2738 3081 2788 me,
3125 2732 3326 2776 satana.
3345 2721 3498 2789 Quod
3529 2721 3728 2790 jussum

2147 2820 2316 2890 magis
2354 2827 2510 2882 erat,
2563 2829 2724 2886 quam
2777 2814 3093 2882 increpatio.
3137 2813 3302 2869 Simul
3335 2813 3534 2884 quippe
3580 2814 3726 2877 dixit,

2157 2911 2318 2977 Vade,
2345 2919 2399 2966 et
2426 2909 2624 2980 fugavit
2649 2908 2815 2962 illum.
2837 2905 3022 2977 Neque
3036 2905 3177 2961 enim
3200 2905 3331 2960 alias
3358 2905 3457 2974 ipsi
3491 2906 3731 2960 teutatio-

2151 3017 2247 3058 nes
2275 3002 2486 3058 obtulit.

2220 3097 2274 3152 4.
2303 3093 2568 3162 Quomodo
2595 3093 2823 3148 Christus
2847 3107 3044 3146 onmem
3071 3092 3389 3145 teutationem
3417 3107 3732 3146 consumma-

2153 3189 2295 3244 verit.
2325 3186 2514 3242 Contra
2541 3183 2756 3238 habendi
2777 3184 3196 3254 cupiditatem.—
3217 3183 3283 3237 Et
3306 3183 3609 3252 quomodo.
3655 3184 3731 3236 iu-

2153 3281 2324 3352 quies,
2357 3278 2527 3333 Lucas
2552 3276 2647 3340 ait,
2676 3276 2848 3346 ipsum
2871 3291 3083 3330 onmem
3118 3275 3465 3330 teutationem
3495 3291 3736 3331 consum-

2155 3372 2388 3428 mavisse
2415 3369 2565 3439 (Luc.
2600 3369 2652 3424 4.
2685 3367 2820 3439 l3)?
2853 3367 3072 3422 Videtur
3116 3368 3246 3421 mihi
3276 3376 3334 3421 ut
3360 3369 3532 3436 capita
3575 3377 3738 3423 teuta-

2159 3465 2362 3520 tionum
2381 3461 2604 3527 diceret,
2622 3475 2810 3515 omnes
2835 3458 3056 3524 dixisse,
3079 3459 3228 3529 quasi
3251 3459 3371 3513 aliis
3394 3459 3495 3514 hoc
3525 3475 3738 3514 numero

2158 3555 2579 3626 comprehensis.
2609 3552 2738 3608 Nam
2765 3551 2876 3606 haec
2899 3551 3058 3614 mala,
3079 3551 3355 3605 innumera
3381 3552 3484 3604 alia
3513 3552 3740 3621 complev

2160 3658 2398 3716 ctuntur,
2419 3646 2591 3702 ventri
2615 3645 2837 3716 servire,
2862 3642 2928 3698 ad
2950 3659 3140 3698 vanam
3165 3645 3386 3714 gloriam
3415 3643 3541 3713 quid
3569 3659 3741 3711 agerc,

2163 3742 2363 3796 furioso
2399 3738 2740 3809 pecuniarum
2785 3749 2969 3790 amore
3014 3735 3204 3788 tcueri.
3254 3732 3406 3799 Quod
3432 3749 3556 3788 eum
3587 3733 3744 3788 sciret

2165 3833 2460 3890 sceleratus
2511 3829 2630 3896 ille,
2679 3827 2929 3883 omnibus
2970 3827 3339 3892 valentiorem,
3394 3827 3743 3881 insatiabilem

2167 3926 2397 3984 habendi
2424 3923 2792 3994 cupiditatem,
2814 3921 3055 3976 ultimam
3084 3920 3287 3990 posuit;
3321 3919 3370 3973 id
3393 3919 3508 3990 jam
3541 3929 3664 3974 ante
3695 3928 3746 3973 et

2167 4033 2199 4074 a
2229 4017 2488 4088 principio
2525 4014 2847 4086 parturiens,
2895 4011 2989 4068 sed
3034 4022 3358 4081 postremum
3389 4025 3633 4076 servans,
3667 4019 3747 4062 ut-

2170 4119 2294 4182 pote
2322 4107 2548 4163 validius
2581 4105 2812 4161 caeteris.
2861 4103 2986 4158 Haec
3010 4103 3208 4172 quippe
3253 4102 3418 4172 ipsius
3447 4101 3749 4156 certaminis

2171 4202 2257 4257 lex
2282 4208 2386 4267 est,
2431 4207 2490 4253 ut
2515 4213 2636 4269 quae
2655 4196 2903 4251 videntur
2937 4193 3004 4250 ad
3049 4193 3496 4264 supplantandum
3529 4195 3747 4265 aptiora,

2172 4303 2443 4367 postrema
2469 4291 2674 4346 all‘erat.
2707 4289 2858 4356 Quod
2889 4288 3049 4342 etiam
3086 4287 3225 4341 circa
3255 4285 3446 4341 Jobum
3498 4285 3640 4341 fecit.
3669 4285 3752 4338 ld-

2174 4383 2318 4441 circo
2345 4383 2431 4438 hic
2459 4397 2614 4438 orsus
2633 4381 2701 4436 ab
2729 4381 2792 4435 iis
2819 4395 2936 4451 qua:
2968 4377 3281 4434 videbantur
3304 4378 3598 4434 infirmiora
3619 4393 3751 4443 esse,

2176 4476 2245 4532 ad
2273 4475 2534 4531 valentius
2559 4471 2820 4544 procedit.
2868 4470 3148 4540 Quomodo
3193 4480 3368 4525 autem
3412 4471 3517 4526 hoc
3565 4471 3754 4526 malum

2177 4568 2395 4624 vincere
2423 4563 2670 4636 oportet?
2700 4563 2767 4620 Ut
2789 4562 3036 4617 Christus
3055 4561 3255 4628 docuit,
3282 4561 3347 4616 ad
3379 4561 3548 4617 Deum
3581 4561 3758 4617 confu-

2180 4661 2374 4732 gicndo
2419 4675 2435 4714 :
2487 4659 2557 4714 ita
2583 4665 2768 4713 utnec
2814 4657 2950 4710 fame
2977 4654 3342 4720 concidamus,
3385 4656 3668 4712 credentes
3712 4655 3758 4710 ei

2181 4755 2272 4827 qui
2303 4761 2480 4824 potest
2506 4751 2666 4807 etiam
2696 4749 2858 4805 verbo
2880 4761 3118 4818 pascere,
3154 4762 3254 4802 nec
3287 4747 3337 4800 in
3360 4747 3517 4804 bonis
3544 4765 3661 4818 qua:
3680 4761 3763 4801 aco

2184 4854 2446 4926 cepimus,
2472 4850 2714 4906 datorem
2739 4857 3027 4913 tentemus;
3061 4846 3156 4902 sed
3184 4859 3413 4917 superna
3442 4845 3612 4916 gloria
3640 4857 3760 4897 con-

2188 4946 2342 5012 tenti,
2375 4944 2621 4999 humanae
2642 4942 2839 4997 nullam
2872 4942 3162 4997 habeamus
3182 4940 3466 5004 rationem,
3498 4946 3554 4993 ct
3581 4937 3765 5005 ubique

2186 5036 2331 5108 quod
2356 5035 2683 5106 superfluum
2702 5041 2804 5097 est,
2825 5032 3204 5102 despiciamus.
3228 5029 3368 5084 Nihil
3393 5028 3538 5083 enim
3563 5027 3630 5081 ita
3657 5025 3765 5079 dia-

2190 5129 2316 5185 bolo
2345 5127 2618 5183 subditum
2654 5124 2850 5191 reddit,
2881 5133 2937 5179 ut
2967 5122 3282 5178 insatiabilis
3310 5119 3540 5176 habendi
3569 5116 3767 5187 cupidi-

2195 5231 2299 5289 tas,
2333 5229 2388 5276 et
2411 5219 2654 5274 avaritia.
2690 5218 2850 5288 quue
2877 5233 2940 5273 ex
2970 5217 3035 5271 iis
3059 5231 3178 5286 quze
3208 5228 3349 5268 nunc
3372 5212 3627 5268 eveniunt
3656 5224 3768 5262 cer-

2193 5329 2328 5370 nere
2381 5320 2485 5367 est.
2527 5310 2664 5365 Sunt
2706 5310 2847 5364 enim
2899 5307 2987 5376 qui
3041 5307 3264 5362 dicant:
3299 5304 3423 5358 liwc
3465 5303 3643 5357 omnia
3685 5299 3770 5353 tibi

2195 5404 2481 5469 dabimus,
2535 5401 2582 5458 si
2637 5400 2836 5456 cadens
2891 5395 3516 5453 aduravcris:homines
3567 5390 3770 5463 quidem

2198 5506 2411 5562 natura,
2443 5493 2539 5550 sed
2582 5493 2934 5548 instrumenta
2965 5489 3160 5546 diaboli
3187 5488 3381 5544 ellecti.
3418 5486 3550 5541 Nam
3581 5494 3634 5539 et
3660 5493 3777 5536 tunc

2264 5609 2280 5639 ί
2318 5613 2426 5676 post
2446 5606 2536 5675 has
2558 5619 2720 5658 voces.
2745 5603 2906 5656 omm'a
2926 5615 3092 5666 regna,
3117 5600 3310 5664 quidam
3329 5597 3527 5658 addunt,
3552 5593 3716 5646 mumti
3736 5599 3776 5643 et

2202 5666 2408 5735 gloriam
2431 5667 2554 5731 ejus.
