3856 6180
140 266 236 325 215

140 401 233 439 ιιοη
265 397 358 454 per
385 396 448 436 se
466 380 662 447 solum,
687 375 780 433 sed
802 391 893 446 per
910 377 1010 431 alia
1035 375 1275 446 quredam
1295 378 1464 447 ipsum
1490 390 1698 446 aggres-

135 490 216 529 sus
256 482 342 527 est
370 490 384 523 :
414 472 558 540 quod
594 467 871 524 declarans
891 466 1063 523 Lucas
1100 467 1308 522 dicebat
1338 485 1352 520 :
1379 468 1460 521 Ad
1507 478 1701 534 tempus

136 564 350 617 durauit
376 563 441 616 ab
464 562 554 615 illo
584 559 745 630 (Luc.
766 560 821 614 4.
850 557 983 630 l3);
1013 559 1292 627 declarans
1317 556 1490 630 ipsum
1517 567 1698 627 postea

134 672 241 710 eum
264 655 499 724 propriis
522 653 622 708 sibi
650 652 1016 707 instrumentis
1040 652 1351 706 accessisse.
1382 653 1468 707 ll.
1499 651 1567 705 Et
1587 668 1700 706 ecce

132 747 288 815 angeli
310 755 647 809 decumum,
681 754 727 798 et
754 742 1107 797 ministrabant
1143 743 1206 796 ei.
1234 740 1366 797 Cum
1393 743 1534 797 enim
1577 758 1696 797 con.

131 841 291 893 ﬂictus
340 847 495 901 erat,
532 853 639 891 non
690 836 815 891 sivit
849 835 971 890 illos
1001 849 1295 904 apparere,
1340 850 1409 890 ne
1433 849 1555 889 mox
1606 850 1695 890 ca-

132 929 366 1000 piendum
405 928 851 998 perterrefaceret
877 944 893 980 :
925 935 1201 997 postquam
1232 936 1409 982 auten.
1432 927 1577 981 illum
1602 942 1698 997 per

130 1032 304 1077 cuncta
342 1020 666 1085 confutavit,
707 1030 762 1075 et
788 1019 1006 1090 fugavit,
1040 1028 1166 1075 tunc
1190 1030 1447 1090 apparent
1481 1020 1557 1075 illi
1588 1037 1604 1076 :
1639 1030 1696 1076 ut

124 1109 289 1162 discas
302 1118 353 1161 te
368 1118 902 1179 quoque,postquam
915 1112 980 1164 ad
997 1114 1303 1183 exemplum
1319 1113 1437 1183 ejus
1454 1106 1697 1180 v'iceris',

126 1202 184 1252 ab
193 1199 396 1266 angelis
404 1199 783 1266 excipiendum
797 1215 918 1256 esse
930 1201 1397 1271 plaudentibus,ac
1410 1221 1504 1274 per
1517 1207 1701 1263 omnia

125 1292 461 1360 stipantibus.
482 1291 575 1346 Sic
597 1292 742 1346 enim
764 1303 816 1347 et
833 1292 1098 1349 Lazarum
1126 1305 1250 1366 post
1276 1296 1548 1353 fornacem
1572 1314 1698 1368 pau-

124 1385 524 1453 pertatisJamis
538 1394 591 1439 et
602 1388 1061 1456 angustiaangeli
1078 1389 1407 1459 excipientes
1419 1391 1692 1446 abierunt.

123 1476 405 1546 Siquidem,
440 1483 500 1528 ut
514 1474 623 1544 jam
649 1473 783 1539 dixi,
813 1474 975 1527 multa
999 1473 1246 1528 Christus
1269 1489 1409 1529 nunc
1436 1474 1688 1541 ostendit,

120 1569 299 1637 quibus
330 1583 435 1621 nos
467 1566 726 1621 fruemur.
763 1565 898 1633 Quia
929 1566 1086 1636 igitur
1114 1564 1230 1621 bare
1269 1566 1443 1620 omnia
1472 1576 1690 1636 prepter

120 1658 312 1712 tefacta
344 1666 495 1723 sunt,
530 1657 666 1711 hanc
717 1657 925 1711 imitare
948 1696 965 1722 ,
996 1666 1051 1711 et
1092 1655 1344 1711 inmutare
1386 1657 1684 1715 victoriam.

118 1748 236 1802 Etsi
270 1748 399 1819 quis
429 1764 497 1803 ex
521 1747 665 1801 illius
696 1746 962 1803 daemonis
991 1747 1245 1802 ministris
1290 1757 1341 1801 te
1378 1747 1554 1815 adeat,
1596 1749 1685 1819 qui

116 1839 223 1891 talia
237 1840 437 1907 sapiat,
465 1838 796 1907 exprobrans
823 1837 917 1893 tibi
937 1853 1001 1893 ac
1027 1838 1212 1893 dicens
1235 1855 1249 1891 :
1272 1838 1530 1893 Mirabilis
1573 1856 1685 1894 ma-

114 1943 343 1999 gnusque
374 1943 461 1994 es,
510 1938 749 1983 montem
777 1927 1006 1984 transfer
1035 1947 1047 1983 :
1077 1943 1144 1983 ne
1172 1928 1422 1994 turberis,
1463 1945 1533 1985 ne
1569 1946 1686 1985 mo-

113 2021 302 2085 vearis;
336 2020 434 2074 sed
455 2035 576 2075 cum
596 2020 999 2075 mansuetudine
1022 2020 1303 2090 reSponde,
1323 2030 1379 2074 ut
1402 2021 1683 2076 Dominum

111 2113 287 2166 audisti
320 2112 592 2167 dicentem
626 2130 640 2167 :
672 2112 791 2166 Non
810 2112 1016 2166 tentabis
1037 2112 1309 2165 Dominum
1330 2111 1491 2166 Deum
1519 2122 1680 2168 tuum.

110 2205 187 2257 Sin
209 2203 297 2257 ille
327 2206 556 2273 gloriam
599 2203 992 2273 potentiamque
1021 2202 1249 2258 offerens
1271 2213 1431 2273 atque
1454 2204 1681 2258 immen-

106 2312 207 2350 sam
233 2298 341 2351 vim
370 2296 709 2361 divitiarum,
739 2296 965 2351 adorare
995 2305 1044 2350 te
1082 2295 1268 2365 jubeat
1289 2338 1303 2359 ,
1336 2305 1415 2350 sta
1448 2296 1677 2351 fortiter.

107 2390 205 2445 Non
226 2390 374 2445 enim
396 2400 589 2444 contra
614 2404 949 2445 communem
983 2389 1259 2443 Dominum
1297 2398 1534 2445 nostrum
1564 2404 1680 2443 om-

107 2484 237 2539 nium
281 2494 493 2537 tantum
523 2484 625 2539 hoc
653 2483 777 2539 fecit
813 2482 1091 2547 diabolus;
1137 2481 1232 2536 sed
1259 2481 1418 2537 etiam
1442 2481 1679 2551 quotidie

106 2576 150 2629 in
188 2574 429 2643 singulos
460 2574 578 2643 ejus
608 2589 792 2629 servos
816 2573 910 2627 has
939 2573 1189 2628 admovet
1230 2571 1539 2637 machinas;
1569 2588 1679 2628 non

104 2678 291 2722 tantum
311 2669 365 2721 in
398 2668 693 2731 montibus,
716 2670 767 2722 in
789 2666 1036 2732 desertis,
1055 2665 1147 2720 sed
1161 2666 1319 2721 etiam
1351 2665 1405 2720 in
1431 2668 1674 2734 urbibus,

105 2764 147 2813 in
172 2759 322 2825 foris,
355 2760 409 2814 in
444 2759 825 2823 tribunalibus;
866 2771 1038 2827 neque
1066 2772 1164 2826 per
1192 2771 1250 2811 se
1287 2760 1457 2815 solum
1502 2762 1592 2814 sed
1622 2769 1677 2815 ct

102 2851 450 2922 perbomiues
474 2862 733 2921 cognatos
754 2860 988 2905 nostros.
1006 2848 1138 2917 Quid
1165 2849 1319 2922 igitur
1333 2851 1629 2906 faciendum
1650 2852 1674 2907 ?

100 2943 198 3001 Non
224 2941 569 3000 credendum
597 2945 646 2998 ei
673 2983 687 3005 ,
719 2956 979 3014 auresque
1009 2953 1133 2997 sunt
1157 2942 1517 3009 obstruendm,
1542 2943 1673 2997 adu~

99 3040 326 3110 latorque
370 3036 503 3093 odio
545 3035 824 3092 habendus
854 3054 869 3090 :
903 3045 957 3091 et
1000 3051 1120 3091 cum
1157 3035 1357 3105 majora
1390 3037 1667 3105 promittit,

98 3142 195 3186 tum
224 3131 393 3201 magis
424 3130 670 3184 aversari
696 3145 818 3183 eum
847 3136 1078 3198 oportet.
1106 3127 1379 3198 Siquidem
1410 3136 1464 3182 et
1504 3127 1667 3181 Evam

96 3240 201 3277 cum
229 3238 326 3292 spe
353 3221 568 3291 majore
591 3220 803 3286 extulit,
836 3228 960 3275 tunc
978 3219 1193 3289 dejecit,
1214 3219 1547 3289 maximaque
1569 3218 1667 3288 ipsi

96 3316 256 3369 intulit
284 3315 455 3369 mala.
490 3313 671 3368 Hostis
698 3312 892 3382 quippe
917 3322 999 3367 est
1042 3311 1405 3377 inexorabilis,
1437 3310 1666 3366 bellum-

95 3424 184 3476 que
206 3418 397 3462 contra
426 3423 529 3462 nos
558 3407 792 3475 suscepit
814 3404 1166 3475 implacabile.
1199 3403 1309 3459 Nec
1342 3406 1411 3458 ita
1439 3420 1537 3459 nos
1581 3422 1667 3459 sa-

94 3501 177 3555 luti
202 3511 406 3556 nostm
442 3499 743 3566 studemus,
774 3508 831 3553 ut
858 3499 948 3553 ille
976 3508 1169 3553 nostrae
1200 3497 1473 3568 perniciei.
1508 3499 1664 3552 Aver-

92 3609 254 3647 sernur
292 3594 481 3662 itaque
532 3592 703 3655 illum,
756 3606 862 3646 non
894 3590 1070 3645 verbis
1100 3598 1303 3643 tantum
1324 3630 1340 3654 ,
1383 3588 1475 3643 sed
1503 3589 1661 3643 etiam

90 3684 361 3753 operibus;
418 3698 527 3737 non
570 3691 747 3737 mente
791 3681 999 3744 solum,
1029 3679 1124 3735 sed
1167 3680 1391 3745 actibus,
1424 3679 1663 3749 nihilque

89 3776 209 3845 quod
239 3775 343 3845 ipsi
388 3775 642 3845 placitum
667 3774 737 3827 sit
767 3773 1017 3828 faciamus
1051 3788 1065 3825 :
1094 3771 1171 3827 sie
1196 3771 1375 3825 omnia
1406 3786 1523 3840 qua:
1554 3770 1662 3825 Deo

90 3867 260 3936 placita
290 3876 421 3921 sunt
452 3864 728 3920 faciemus.
758 3863 887 3918 Nam
915 3862 1078 3917 multa
1107 3862 1194 3916 ille
1218 3861 1518 3931 pollicetur,
1553 3876 1658 3915 non

90 3974 137 4017 ut
158 3963 246 4017 det
267 4003 284 4027 ,
316 3959 417 4016 sed
452 3972 511 4013 ut
539 3959 787 4028 accipiat.
812 3956 892 4011 Ex
923 3957 1106 4026 rapina
1137 3955 1436 4025 pollicetur,
1466 3963 1523 4007 ut
1564 3969 1661 4007 au-

86 4054 206 4108 ferat
228 4067 460 4122 regnum
490 4061 543 4105 et
562 4050 855 4118 justitiam;
890 4047 1168 4102 thesauros
1198 4044 1250 4100 in
1282 4054 1424 4100 terra
1448 4060 1543 4100 ceu
1574 4044 1657 4099 la-

85 4160 234 4215 queos
261 4143 497 4199 tendens
527 4150 686 4210 atque
717 4154 931 4203 casses,
978 4146 1037 4192 ut
1072 4149 1127 4192 et
1155 4136 1237 4191 his
1276 4146 1330 4192 et
1357 4136 1657 4191 caelestibus

85 4239 238 4304 privet
292 4234 574 4290 thesauris
605 4248 618 4284 :
651 4232 762 4287 vult
812 4246 912 4285 nos
958 4230 1042 4284 hic
1095 4230 1378 4296 ditescere,
1430 4244 1498 4283 ne
1553 4229 1658 4283 illic

85 4330 415 4383 ditescamus.
453 4326 549 4382 Sin
579 4341 681 4379 non
716 4327 884 4396 possit
925 4338 1021 4377 nos
1064 4338 1161 4392 per
1205 4322 1416 4377 divitias
1453 4322 1521 4376 ab
1568 4322 1654 4376 illa

86 4434 211 4476 Sorte
236 4424 469 4489 ejicere,
498 4420 744 4483 alteram,
777 4433 868 4487 per
890 4424 1251 4486 paupertatem
1278 4430 1485 4483 nempe,
1519 4415 1653 4467 viam

85 4516 200 4568 init:
234 4514 381 4584 quod
417 4514 472 4565 in
503 4511 606 4566 Job
652 4509 795 4564 fecit.
843 4510 976 4561 Cum
1015 4508 1202 4560 viderit
1233 4508 1374 4559 enim
1428 4505 1557 4558 nihil
1603 4505 1651 4558 ei

85 4607 311 4660 nocuiSs-e
357 4605 577 4658 divitias
601 4642 615 4665 ,
649 4617 743 4670 per
770 4607 1132 4669 paupertatem
1160 4598 1289 4651 retia
1322 4598 1506 4657 nectit,
1556 4595 1655 4649 hac

85 4701 147 4750 tia
196 4712 431 4767 Speraus
479 4710 539 4748 se
582 4694 859 4747 victoriam
903 4700 1295 4761 reportaturum
1355 4703 1473 4741 esse
1507 4706 1518 4741 ;
1550 4704 1655 4757 quo

84 4792 183 4860 quid
224 4789 455 4845 stultius
480 4802 601 4841 esse
647 4784 851 4854 possit?
881 4783 981 4851 Qui
1022 4783 1166 4837 enim
1211 4781 1422 4834 divitias
1455 4790 1656 4847 tempe-

85 4896 239 4937 muter
267 4885 417 4937 ferre
449 4879 640 4949 potuit,
675 4878 841 4932 multo
872 4877 1037 4946 magis
1060 4884 1421 4945 paupertatem
1447 4871 1655 4927 fortiter

84 4980 190 5030 teret
211 4990 226 5028 :
254 4985 315 5029 et
335 4974 428 5043 qui
455 4977 749 5040 praesentes
768 4968 976 5021 divitias
995 4982 1098 5021 non
1121 4965 1443 5034 concupivit,
1463 4965 1655 5018 absen—

86 5077 146 5117 tes
171 5083 276 5119 non
311 5072 545 5131 quaeret,
576 5059 1025 5130 quemadmodum
1080 5072 1253 5126 neque
1297 5057 1482 5110 beatus
1526 5055 1650 5117 ille;

84 5160 155 5213 sed
192 5176 259 5215 ex
308 5167 629 5228 paupertate
667 5170 879 5209 rursum
912 5151 1241 5222 splendidior
1285 5148 1504 5204 effectus
1547 5158 1648 5202 est.

82 5253 187 5307 Nam
213 5252 439 5309 divitias
464 5249 680 5320 quidem
707 5248 917 5301 auferre
939 5246 1108 5316 potuit
1133 5243 1396 5312 malignus
1425 5241 1516 5296 ille
1539 5241 1652 5293 dae-

84 5362 216 5407 mon;
257 5345 544 5399 caritatem
574 5355 703 5394 vero
737 5352 861 5408 erga
905 5336 1070 5390 Deum
1103 5350 1207 5389 non
1253 5332 1411 5387 modo
1440 5329 1651 5385 auferre

83 5451 167 5489 non
193 5436 401 5507 potuit,
438 5434 530 5487 sed
564 5433 723 5487 etiam
759 5428 1129 5483 ferventiorem
1160 5423 1417 5487 reddidit,
1451 5423 1652 5491 ipsum-

82 5546 167 5598 que
190 5528 450 5584 nudatum
472 5522 740 5585 omnibus,
768 5519 1004 5590 pluribus
1029 5516 1232 5572 curavit
1255 5513 1536 5586 splendere
1556 5512 1655 5565 bo-

125 5649 139 5678 ι
167 5648 377 5707 Legerat
388 5642 441 5691 in
455 5642 621 5689 Greco
632 5638 737 5707 κοιῖῖ
750 5630 1352 5707 éxeivowalontefalconius
1365 5628 1642 5707 Latiumque

82 5686 1013 5773 tedlidgraf;posﬁuonrillosnricefis.
1058 5689 1251 5745 V'idcsis
1281 5704 1391 5754 quae
1431 5686 1480 5737 in
1514 5686 1645 5738 hunc

86 5768 229 5818 meum
249 5756 441 5819 notavit
478 5756 760 5815 Fridericus
795 5756 952 5810 Fiead.

1267 259 1331 314 IN
1371 258 1778 319 MATTHJEUM
1816 261 2045 320 llOMll..
2086 265 2221 322 Xlll.

3276 270 3381 325 214

1804 378 1921 444 nis;
1970 380 2198 452 ideoque
2242 382 2369 454 quid
2407 385 2615 440 consilii
2660 396 2874 453 caperet
2923 388 3211 455 nesciebat.
3264 392 3384 458 Quo

1805 473 1982 543 plures
2007 475 2149 529 enim
2181 476 2451 545 indigebat
2476 478 2673 548 plagas,
2716 494 2782 534 eo
2806 479 3150 538 valentiorem
3192 498 3380 542 cerne-

1802 563 1911 618 bat.
1945 563 2177 636 ldeoque
2203 566 2451 622 omnibus
2477 568 2693 622 tentatis
2721 578 2774 623 et
2802 567 3072 639 adhibitis,
3095 572 3217 644 quia
3242 575 3375 629 nihil

1802 658 1970 727 magis
1991 658 2317 729 proficiebat,
2348 659 2418 715 ad
2440 671 2592 715 vetus
2622 660 2748 715 illud
2767 662 2928 717 telum
2946 664 3132 729 currit,
3157 680 3376 721 uxorem

1801 766 2023 821 nempe,
2065 759 2121 806 et
2147 762 2417 823 assumpta
2449 753 2794 823 providentia:
2833 754 2998 820 larva,
3047 757 3378 811 calamitates

1801 839 1918 910 ejus
1940 840 2313 896 miserabiliter
2339 852 2392 897 et
2429 843 2626 913 tragice
2669 843 2941 909 describit,
2979 853 3035 900 et
3074 847 3289 901 simulat
3317 862 3375 901 se

1800 932 2159 1002 perniciosum
2206 932 2336 987 illud
2375 933 2509 989 dare
2537 934 2855 1001 consilium,
2903 945 2962 991 ut
3014 937 3103 993 ille
3143 953 3174 992 a
3219 940 3373 993 malis

1798 1037 2017 1093 prorsus
2042 1023 2315 1078 liberetur.
2347 1023 2452 1080 Sed
2482 1039 2656 1095 neque
2682 1025 2752 1081 ita
2784 1028 3094 1097 praevaluit:
3124 1029 3205 1083 vir
3230 1031 3371 1083 enim

1799 1115 1888 1170 ille
1909 1115 2249 1169 admirandus
2271 1116 2385 1185 ejus
2403 1131 2580 1171 escam
2602 1117 2994 1183 animadvertit,
3013 1134 3077 1174 ac
3100 1134 3220 1175 cum
3242 1120 3374 1174 mul-

1799 1215 1849 1262 ta
1875 1208 2152 1276 prudentia
2176 1209 2347 1275 uxori,
2374 1209 2488 1279 ejus
2516 1225 2675 1264 suasu
2703 1210 2960 1281 loquenti,
2991 1227 3052 1267 os
3081 1213 3368 1268 obstruxit.

1868 1299 1920 1353 5.
1955 1299 2011 1354 ld
2036 1299 2176 1369 quod
2209 1300 2368 1354 etiam
2400 1317 2495 1355 nos
2520 1301 2693 1356 facere
2716 1304 2992 1367 convenit;
3022 1303 3228 1358 etiamsi
3263 1306 3366 1358 ira.

1796 1388 1911 1455 tris,
1943 1390 2150 1446 etiamsi
2192 1391 2382 1456 amici,
2412 1395 2510 1446 etsi
2554 1394 2737 1447 uxoris
2765 1393 2844 1448 vel
2872 1396 3095 1451 alterius
3118 1396 3370 1467 cujusque

1794 1496 2075 1551 personam
2100 1482 2343 1549 induens,
2372 1498 2475 1537 non
2504 1486 2844 1552 congruentia
2876 1484 3139 1556 loquatur,
3173 1503 3276 1541 non
3302 1502 3367 1542 ex

1792 1587 2019 1644 persona
2073 1574 2339 1647 loquentis
2377 1576 2658 1630 consilium
2698 1579 2972 1647 excipere,
3012 1579 3107 1634 sed
3158 1581 3363 1634 ratione

1792 1667 2075 1737 perniciosi
2100 1668 2310 1723 consilii
2358 1668 2471 1722 hare
2515 1667 2779 1723 dicentem
2822 1673 3054 1725 aversari
3086 1671 3364 1728 debemus.

1790 1759 2062 1829 Siquidem
2094 1775 2237 1814 nunc
2281 1760 2443 1814 etiam
2471 1758 2668 1814 similia
2700 1762 2859 1815 multa
2893 1761 3037 1829 facit,
3067 1773 3121 1817 et
3138 1779 3367 1821 commi-

1788 1850 2070 1905 serationis
2090 1850 2288 1905 larvam
2306 1851 2558 1913 assumit;
2587 1866 2651 1906 ac
2673 1851 2797 1905 dum
2823 1852 3116 1910 benevolus
3138 1856 3365 1922 videtur,

1790 1941 2087 2010 perniciosa
2120 1950 2175 1995 et
2219 1942 2407 2011 quovis
2434 1955 2640 1996 veneno
2664 1942 2927 1999 deteriora
2966 1946 3138 2002 fundit
3177 1948 3364 2005 verba.

1784 2031 1918 2087 Nam
1957 2032 2022 2086 ad
2076 2044 2451 2087 nocumentum
2481 2032 2720 2101 adulari,
2772 2035 3005 2101 diaboli;
3046 2038 3113 2092 ad
3167 2039 3361 2097 bonum

1786 2122 2141 2194 praestandum
2166 2125 2457 2194 corripere,
2484 2127 2576 2181 Dei
2596 2139 2695 2182 est.
2727 2127 2803 2183 Ne
2824 2129 3000 2199 itaque
3016 2130 3360 2200 decipiamur,

1786 2231 1956 2283 neque
1988 2230 2083 2284 per
2113 2229 2327 2271 omnem
2357 2218 2572 2271 modum
2602 2219 2936 2288 tranquillam
2965 2230 3231 2275 sectemur
3272 2224 3358 2277 vi-

1783 2314 1912 2361 tam.
1945 2304 2110 2374 Quem
2136 2310 2275 2362 enim
2304 2309 2468 2379 diligit
2495 2309 2630 2364 Deus
2654 2351 2669 2377 ,
2702 2313 2913 2381 castigat
2952 2310 3131 2381 (Prov.
3159 2314 3213 2368 5.
3248 2316 3359 2384 12),

1782 2398 1971 2471 inquit.
2001 2399 2132 2457 Cum
2156 2403 2331 2471 itaque
2362 2401 2601 2470 improbe
2628 2402 2862 2457 viventes
2891 2404 3050 2458 rebus
3092 2407 3361 2474 prosperis

1778 2491 2037 2559 fruimur,
2098 2502 2223 2547 tunc
2265 2493 2492 2545 maxime
2539 2490 2857 2546 doleamus:
2891 2502 3169 2562 peccantes
3217 2498 3357 2550 enim

1780 2600 1992 2656 semper
2016 2586 2208 2640 timere
2235 2592 2480 2654 oportet:
2508 2592 2614 2638 tum
2642 2598 2769 2639 vero
2797 2584 3027 2641 maxime
3053 2601 3175 2641 cum
3207 2588 3359 2642 triste

1780 2678 1912 2733 nihil
1949 2677 2198 2749 patimur.
2246 2675 2468 2744 Quando
2496 2676 2638 2730 enim
2667 2691 2763 2744 per
2803 2686 2979 2745 partes
3007 2676 3141 2732 Deus
3171 2691 3357 2746 pteuas

1776 2771 1958 2840 exigit,
1986 2769 2237 2824 leviorem
2281 2777 2430 2838 parat
2453 2766 2774 2829 vindictam;
2808 2766 3018 2837 quando
3040 2779 3215 2822 autem
3240 2784 3360 2824 sce-

1776 2861 1885 2917 lera
1908 2860 2109 2931 singula
2129 2860 2230 2914 fert
2253 2860 2527 2929 patienter,
2545 2857 2595 2912 in
2620 2872 2860 2927 magnam
2885 2872 2982 2912 nos
3009 2858 3061 2912 in
3089 2859 3154 2913 iis
3175 2875 3359 2929 perse-

1774 2962 2022 3010 verantes
2052 2960 2288 3006 reservat
2318 2942 2590 3005 ultiOnem.
2621 2949 2751 3003 Nam
2781 2949 2823 3003 si
2855 2950 3032 3019 probis
3054 2953 3350 3008 necessaria

1772 3057 1854 3103 est
1881 3045 2098 3100 afﬂictio
2119 3085 2135 3111 ,
2164 3044 2330 3099 multo
2373 3044 2539 3113 magis
2571 3042 2928 3112 peccantibus.
2959 3042 3093 3098 Vide
3123 3059 3350 3113 namque

1770 3147 2023 3210 quantam
2052 3137 2143 3191 Dei
2173 3135 2480 3205 patientiam
2507 3144 2764 3203 expertus
2790 3134 3014 3199 Pharao,
3051 3146 3347 3191 extremum

1770 3232 1999 3301 denique
2029 3245 2125 3300 pro
2151 3228 2399 3283 omnibus
2429 3228 2524 3281 luit
2552 3225 2887 3295 supplicium;
2911 3235 3040 3295 quot
3066 3227 3345 3281 criminum

1770 3338 1893 3379 reus
1917 3318 2439 3383 Nabuchodonosor,
2492 3317 2729 3370 omnium
2760 3315 2971 3370 tandem
3001 3331 3184 3385 poenas
3214 3318 3343 3374 luit:

1768 3416 1916 3471 dives
1954 3415 2078 3468 item
2119 3412 2240 3483 quia
2287 3409 2415 3464 nihil
2461 3409 2544 3463 hic
2574 3423 2932 3462 :erumnarum
2968 3422 3152 3476 passus
3197 3418 3341 3470 erat,

1768 3507 1886 3562 ideo
1913 3506 2140 3559 maxime
2190 3504 2350 3557 miser
2377 3500 2472 3554 fuit
2495 3518 2508 3563 ;
2533 3499 2653 3568 quia
2682 3500 2730 3553 in
2774 3498 2870 3551 hac
2893 3499 2994 3553 vita
3032 3499 3304 3555 deiiciatus
3326 3543 3339 3564 ,

1767 3600 1891 3654 illuc
1913 3597 2041 3652 abiit
2062 3595 2296 3648 onminm
2328 3608 2511 3660 punias
2535 3592 2776 3655 daturus,
2809 3590 2893 3644 ubi
2924 3591 3118 3645 nullam
3146 3591 3197 3646 in
3230 3608 3343 3645 ma-

1767 3691 1832 3745 lis
1857 3687 2271 3743 consolationem
2295 3685 2527 3754 reperire
2553 3693 2687 3738 erat.
2716 3683 2962 3741 Attamen
2988 3684 3201 3753 quidam
3218 3696 3340 3739 sunt

1764 3784 1835 3837 ita
1870 3780 2038 3851 frigidi
2070 3790 2123 3834 et
2151 3778 2319 3840 stulti,
2343 3785 2398 3829 ut
2426 3776 2702 3845 praesentia
2728 3782 2927 3827 tantum
2957 3789 3167 3844 semper
3191 3792 3333 3844 (Illth-

1764 3884 1901 3933 rant,
1920 3883 1972 3927 et
1991 3872 2103 3924 haec
2128 3868 2345 3923 ridicula
2365 3866 2522 3921 verba
2552 3866 2844 3934 proferant:
2869 3864 3080 3918 Interim
3101 3880 3334 3934 prassen-

1765 3968 1901 4021 tibus
1930 3965 2074 4019 fruar
2095 3962 2357 4026 onmihus;
2379 3968 2503 4013 tunc
2520 3958 2588 4012 de
2614 3957 2828 4011 incertis
2851 3955 3189 4025 prospiciam;
3210 3970 3338 4010 ven-

1762 4060 1827 4115 tri
1856 4056 2158 4126 indulgebo,
2188 4052 2542 4121 voluptatibus
2567 4049 2826 4114 serviam,
2859 4046 3047 4103 abutar
3091 4050 3336 4115 praesenti

1761 4153 1885 4206 vita.
1945 4152 2018 4205 Da
2074 4149 2200 4202 mihi
2259 4146 2571 4200 hodiernum
2603 4143 2765 4207 diem,
2814 4152 2867 4196 et
2906 4143 3088 4209 accipe
3147 4132 3336 4195 (οι-ιιὲιί-

1763 4261 1908 4298 nutu.
1950 4242 1993 4297 Ο
2032 4242 2297 4310 ingentem
2351 4237 2663 4291 stultitiam!
2712 4235 2766 4289 In
2810 4252 2917 4303 quo
2967 4234 3034 4288 ab
3083 4233 3243 4288 hircis
3284 4245 3339 4289 ct

1760 4337 1933 4407 porcis
1973 4334 2224 4390 differunt
2257 4332 2344 4401 qui
2391 4331 2513 4383 talia
2550 4327 2873 4399 loquuntur?
2922 4328 3054 4381 Nam
3108 4326 3155 4381 si
3201 4342 3335 4394 cos,

1759 4430 1845 4499 qui
1886 4427 1950 4481 ad
1998 4440 2219 4480 uxorem
2267 4423 2491 4492 proximi
2519 4422 2598 4475 sui
2629 4421 2893 4484 hiuniunt,
2927 4435 3031 4473 non
3058 4420 3183 4473 sinit
3209 4434 3337 4489 pro-

1760 4521 1918 4591 pheta
1965 4518 2208 4571 homines
2235 4514 2469 4584 reputari
2501 4511 2631 4582 (Jer.
2663 4514 2715 4567 5.
2739 4511 2792 4577 8)
2817 4553 2831 4570 .
2872 4513 2991 4581 quis
3030 4526 3128 4565 nos
3151 4513 3335 4580 culpa-

1760 4612 1834 4665 bit
1862 4612 1905 4664 si
1932 4610 2032 4664 hos
2062 4608 2259 4672 hircos,
2290 4621 2480 4673 porcos
2506 4614 2561 4659 et
2608 4604 2770 4658 asinis
2800 4603 3190 4672 iusipientiores
3217 4617 3337 4657 esse

1758 4703 2142 4766 existimemus,
2192 4699 2281 4768 qui
2324 4698 2546 4752 clariora
2575 4697 2668 4759 iis,
2712 4712 2830 4765 quae
2859 4695 3027 4749 oculis
3068 4694 3333 4759 videnlur,

1760 4795 1959 4849 incerta
1990 4808 2109 4847 esse
2136 4790 2362 4860 putant?
2385 4788 2441 4844 Si
2468 4790 2608 4844 enim
2642 4787 2766 4841 nulli
2799 4786 2887 4841 alii
2917 4785 3111 4851 credis,
3135 4785 3339 4839 daemo-

1758 4885 1912 4940 nibus
1946 4883 2133 4938 saltem
2161 4881 2309 4935 adsta
2344 4880 2469 4934 dum
2506 4880 2881 4942 verberantur;
2920 4877 2983 4931 iis
3007 4875 3208 4931 scilicet
3244 4875 3335 4945 qui

1757 4978 1811 5033 in
1845 4975 2132 5046 perniciem
2162 4985 2395 5027 nostram
2434 4972 2562 5025 nihil
2592 4988 2695 5025 non
2723 4971 2906 5025 dicunt
2944 4977 2998 5023 et
3023 4975 3202 5037 agunt.
3225 4966 3335 5021 Ne-

1756 5085 1859 5140 que
1887 5068 2027 5122 enim
2056 5066 2159 5119 hoc
2198 5072 2484 5133 negaturus
2517 5078 2596 5126 es,
2626 5062 2769 5131 ipsos
2822 5073 3013 5127 nempe
3048 5056 3181 5111 nihil
3227 5071 3333 5110 non

1757 5177 1913 5232 agere
1940 5171 1995 5214 ut
2016 5158 2273 5213 desidiam
2304 5168 2536 5211 nostram
2566 5163 2813 5224 augeant,
2839 5152 3096 5221 gehennae
3131 5158 3331 5203 metunt

1755 5252 2018 5315 auferant,
2052 5249 2390 5320 ofﬁcientque
2419 5256 2476 5302 ut
2525 5247 2704 5301 futuro
2724 5244 2924 5315 judicio
2968 5241 3128 5297 Iidem
3168 5255 3327 5309 nege-

1757 5362 1894 5400 mus.
1944 5346 2190 5398 Attamen
2221 5343 2310 5411 qui
2339 5341 2452 5394 ha’c
2495 5337 2731 5407 cupiunt,
2772 5335 3060 5389 clamantes
3113 5342 3167 5386 et
3211 5331 3331 5385 ulu-

1756 5436 1927 5489 lantes
1968 5448 2110 5502 saspe
2134 5474 2149 5498 ,
2180 5441 2440 5486 tormenta
2489 5430 2596 5483 illic
2641 5427 2872 5482 adhibita
2896 5425 3331 5497 pradicanthi).

1754 5525 1908 5582 Unde
1949 5525 2109 5595 igitur
2153 5522 2268 5576 hinc
2298 5520 2501 5587 dicunt,
2558 5530 2612 5574 et
2636 5528 2820 5574 contra
2864 5533 3023 5589 quam
3049 5518 3228 5573 volunt
3256 5518 3329 5571 lo-

1816 5659 1889 5723 (a)
1921 5668 2034 5721 Quae
2064 5658 2143 5708 hic
2173 5657 2238 5707 de
2269 5655 2583 5707 daemoniao's
2606 5654 2861 5707 dicuntur-
2898 5654 3163 5705 observata
3183 5645 3329 5711 digna

1756 5731 1887 5773 sunt.
