3856 6180
469 246 578 303 215

467 354 740 431 quunturi
781 353 896 409 Non
945 352 1047 408 alia
1101 350 1169 406 de
1210 334 1369 405 causa
1394 391 1409 414 ,
1460 360 1619 418 quam
1665 343 1807 416 quod
1859 341 2045 412 majori

465 453 706 510 cruciatu
748 458 1026 521 cogantur.
1054 444 1237 516 Neque
1266 443 1407 499 enim
1453 440 1654 497 vellem
1680 444 1871 508 sponte
1919 446 2049 490 con-

468 547 649 613 flteri,
693 545 778 600 vel
829 558 890 598 se
939 557 969 596 a
1020 538 1241 595 mortuis
1293 535 1598 591 hominibus
1644 529 1923 601 torqueri,
1961 527 2049 582 vel

465 656 525 696 se
568 636 788 695 omnino
819 650 981 706 grave
1008 630 1279 702 quidpiam
1312 631 1439 699 pati.
1467 625 1580 694 Qua
1619 636 1747 692 ergo
1791 620 1861 676 de
1887 632 2047 676 causa

466 733 581 789 haec
626 746 658 787 a
686 745 774 785 me
809 729 949 783 diota
1002 723 1165 782 sunt?
1204 722 1338 792 Quia
1383 719 1676 782 dremones,
1723 714 1813 786 qui
1862 712 2059 768 nolunt»

462 823 612 882 credi
657 821 978 896 gehennam,
1024 828 1200 873 tamen
1252 815 1551 884 gehennam
1592 809 1956 866 conﬁtentur:
1991 814 2048 861 tu

464 932 593 972 vero
636 913 727 986 qui
772 923 918 967 tanto
946 910 1181 981 dignaris
1227 906 1451 969 honore,
1482 904 1677 974 quique
1705 898 2046 958 lueffahilium

464 1022 688 1064 consors
730 1021 789 1060 es
826 1003 1236 1076 mysteriorum.
1294 1012 1393 1054 nec
1461 996 1582 1074 illos
1625 993 1882 1059 imitaris,
1952 989 2049 1046 sed

466 1101 628 1156 etiam
680 1094 784 1154 illis
827 1092 1062 1151 deterior
1104 1093 1274 1148 factus
1320 1104 1399 1145 es.
1448 1087 1663 1159 Ecquis,
1695 1084 1923 1156 inquies,
1980 1081 2050 1138 ab

467 1193 675 1248 inferno
718 1191 882 1253 venit,
932 1198 988 1244 et
1030 1186 1145 1242 hmc
1188 1181 1492 1239 nuntiavit?
1536 1179 1643 1236 Sed
1693 1189 1747 1233 et
1791 1177 1860 1232 de
1901 1175 2049 1232 czelis

465 1286 586 1356 quis
631 1283 792 1347 venit,
821 1281 1062 1350 dixitque
1111 1280 1276 1334 Deum
1312 1278 1435 1335 esse.
1478 1274 1569 1345 qui
1599 1273 1777 1329 omnia
1806 1268 2049 1326 creavit?

466 1374 619 1444 Quod
669 1385 845 1428 autem
904 1371 1136 1426 animam
1187 1368 1476 1423 habeamus
1513 1365 1657 1420 unde
1696 1363 1872 1434 palam
1922 1360 2050 1450 est”?

467 1468 522 1523 Si
553 1467 696 1522 enim
740 1466 826 1521 illa
875 1464 1047 1519 solum
1087 1478 1207 1532 quae
1255 1460 1354 1516 sub
1392 1468 1666 1527 aspectum
1696 1454 1894 1511 cadunt
1926 1466 2048 1508 cre-

467 1561 674 1614 diturus
714 1575 791 1622 es,
844 1568 907 1611 ac
929 1555 996 1611 de
1027 1556 1157 1618 Deo,
1187 1553 1256 1609 de
1302 1552 1526 1624 angelis,
1577 1550 1645 1606 de
1683 1558 1862 1605 mente
1905 1557 1959 1603 et
1983 1546 2051 1601 de

466 1652 642 1708 anima
669 1650 900 1717 dubitas,
929 1649 1007 1704 sic
1049 1646 1140 1703 tibi
1165 1646 1345 1702 omnia
1374 1643 1611 1699 veritatis
1650 1642 1897 1713 dogmata
1929 1654 2050 1711 pes-

466 1750 584 1791 sum
684 1732 857 1791 ibunt.
902 1733 1063 1803 Atqui
1091 1732 1137 1788 si
1182 1731 1282 1788 sub
1323 1744 1539 1786 sensum
1568 1729 1882 1784 cadentibus
1929 1738 2047 1782 tan-

469 1836 579 1882 tum
619 1827 700 1881 vis
719 1825 960 1892 credere,
988 1822 1342 1881 invisibilibus
1366 1821 1534 1893 magis
1560 1834 1719 1893 quam
1750 1818 2049 1875 visibilibus

466 1918 659 1976 credas
693 1926 921 1989 oportet.
950 1914 1102 1986 Quod
1140 1917 1185 1973 si
1216 1915 1533 1987 stupendum
1562 1915 1806 1971 videatur
1829 1915 1881 1969 id
1910 1914 2050 1985 quod

466 2009 597 2077 dixi,
626 2018 859 2066 attamen
883 2023 1067 2065 verum
1106 2017 1162 2065 et
1199 2007 1340 2079 apud
1372 2017 1551 2063 mente
1576 2000 1830 2077 prtedit'os
1853 2007 1905 2060 in
1922 2019 2053 2061 con-

467 2101 613 2159 fesso
626 2112 730 2158 est.
751 2101 902 2158 Oculi
919 2102 1062 2157 enini
1086 2116 1231 2172 saepe
1251 2100 1527 2166 falluntur,
1550 2115 1656 2156 non
1689 2101 1742 2155 in
1774 2099 2053 2155 invisibili-

466 2194 567 2249 bus
581 2203 785 2250 tantum
807 2193 948 2265 (hmo
963 2197 1161 2266 quippe
1187 2209 1291 2249 non
1314 2195 1557 2264 norunt),
1577 2193 1673 2250 sed
1690 2194 1743 2249 in
1764 2194 1869 2249 illis
1888 2192 2049 2250 etiam

466 2302 587 2357 qua:
639 2302 862 2342 cernere
921 2286 1020 2342 sibi
1073 2286 1360 2352 videntur;
1410 2286 1659 2342 obstante
1704 2285 1908 2342 scilicet
1958 2295 2059 2353 aut

465 2372 754 2440 distantia,
806 2378 899 2428 aut
944 2387 1106 2439 aere,
1161 2382 1253 2427 aut
1300 2380 1481 2428 mente
1529 2372 1639 2427 alio
1668 2373 1906 2439 intenta,
1959 2382 2052 2427 aut

464 2465 569 2531 ira,
617 2473 709 2519 aut
754 2461 1146 2529 sollicitudine,
1184 2472 1276 2518 aut
1304 2464 1584 2519 sexcentis
1631 2461 1766 2518 aliis'
1808 2462 2052 2520 obicibus

464 2554 862 2611 accurationem
915 2553 1225 2610 tollentibus
1281 2571 1293 2607 :
1355 2554 1549 2608 anima:
1610 2564 1786 2609 autem
1845 2554 2052 2626 cogita-

466 2645 577 2713 tio,
621 2644 667 2700 sl
716 2632 1013 2701 divinarum
1064 2645 1461 2714 Scripturarum
1510 2646 1625 2699 luce
1671 2644 2048 2714 perfundatur,

464 2740 763 2796 accuratius
789 2754 853 2795 ac
895 2738 1093 2795 certius
1141 2754 1319 2795 rerum
1359 2736 1617 2810 judicium
1655 2737 1810 2801 feret.
1855 2739 1933 2796 Ne
1949 2740 2051 2797 ita.

464 2847 570 2903 que
590 2845 688 2888 nos
714 2830 859 2902 ipsos
878 2830 1070 2888 frustra
1092 2832 1438 2903 decipiamus,
1453 2846 1586 2889 neve
1607 2843 1799 2903 praeter
1816 2832 1938 2888 vita:
1967 2848 2052 2890 se-

463 2924 682 2995 gnitiem
702 2920 1003 2994 lmjusmodi
1022 2923 1357 2995 dogmatibus
1374 2933 1599 2994 partam,
1630 2925 1790 2979 etiam
1808 2934 1905 2996 pro
1921 2925 2051 2995 ipsis

463 3014 800 3087 dogmatibus
826 3016 1127 3086 graviorem
1157 3016 1312 3071 nobis
1340 3017 1447 3071 vim
1476 3016 1612 3086 ignis
1631 3016 2046 3083 accumulemus.

464 3108 625 3171 Certe
655 3109 703 3164 si
742 3108 1000 3180 judicium
1055 3125 1162 3165 non
1204 3121 1319 3177 est,
1367 3124 1542 3180 neque
1576 3123 1765 3180 pinnas
1807 3107 2052 3165 dabimus

464 3204 751 3269 scelerum,
786 3218 958 3276 neque
985 3205 1225 3262 laborum
1242 3207 1460 3276 praemia
1480 3221 1893 3279 consequemur.
1924 3205 2053 3263 Per-

465 3295 704 3365 pendite,
732 3310 934 3366 quaeso,
958 3313 1064 3368 quo
1094 3296 1310 3353 tendant
1329 3295 1676 3368 blaSphemiae
1696 3308 1906 3365 vestrm,
1930 3313 2051 3354 cum

465 3386 659 3454 dicitis,
695 3387 863 3444 Deum
889 3387 1112 3460 justum,
1135 3389 1339 3456 mitem,
1373 3399 1449 3444 tot
1485 3390 1697 3446 labores
1724 3390 2052 3460 sudoresque

464 3478 764 3550 despicere.
797 3479 867 3535 Et
889 3482 1159 3551 quomodo
1187 3480 1302 3537 haec
1330 3482 1519 3538 rationi
1550 3499 1786 3538 consona
1815 3482 2052 3540 fuerint?

539 3564 924 3625 Demonstratur
968 3575 1245 3628 mercedem
1296 3574 1466 3628 virtuti
1511 3584 1558 3628 et
1605 3576 1722 3629 uitio
1761 3593 1959 3647 pomum
1998 3578 2052 3630 in

463 3661 626 3716 altera
654 3664 753 3716 vita
781 3665 1042 3717 reservari.
1082 3695 1152 3704 —
1192 3665 1303 3719 Etsi
1331 3666 1475 3720 enim
1514 3681 1619 3720 non
1649 3660 1877 3723 aliunde
1900 3710 1913 3732 ,
1942 3667 2051 3722 sal-

466 3765 571 3811 tem
609 3769 678 3809 ex
710 3754 774 3807 iis
800 3771 918 3822 quae
943 3754 995 3809 in
1022 3754 1183 3812 domo
1213 3766 1299 3810 tua
1344 3765 1604 3827 geruntur
1650 3756 1765 3813 haec
1795 3757 2010 3828 explora
2032 3800 2047 3826 ,

465 3854 523 3901 et
549 3856 672 3901 tunc
691 3861 851 3917 quam
880 3846 1108 3902 absurda
1139 3849 1253 3902 lucc
1272 3848 1379 3902 sint
1405 3848 1795 3919 deprehendes.
1829 3849 2050 3904 Etiamsi

464 3939 609 3994 enim
637 3938 926 3994 admodum
952 3937 1274 3994 inhumanus
1300 3940 1375 3994 sis
1403 3954 1467 3994 ac
1484 3939 1720 3995 crudelis
1746 3983 1760 4006 ,
1794 3941 1900 3995 imo
1924 3940 2052 4011 ipsis

464 4031 599 4088 feris
622 4032 924 4099 immanior,
952 4030 1124 4088 nolles
1147 4043 1293 4088 certe
1319 4048 1530 4088 servum
1561 4043 1708 4089 tuum
1732 4034 2050 4090 benevolum

464 4123 561 4179 tibi
584 4125 816 4180 moriens
837 4125 952 4180 sine
990 4124 1212 4195 prmmio
1235 4125 1536 4195 relinquere
1553 4165 1569 4191 ,
1591 4125 1685 4181 sed
1725 4134 1780 4180 et
1807 4124 2052 4181 libertate

465 4216 635 4273 donas
654 4259 670 4284 ,
694 4226 749 4273 et
768 4218 1006 4289 pecuniae
1025 4233 1286 4282 munere;
1318 4228 1372 4272 et
1399 4217 1521 4288 quia
1546 4228 1599 4272 tu
1626 4216 1892 4275 decedens
1922 4219 2052 4273 nihil

466 4323 619 4384 potes
649 4312 784 4367 ultra
824 4312 924 4378 ipsi
950 4312 1194 4368 conferre
1215 4310 1339 4366 boni
1361 4354 1374 4378 ,
1426 4311 1478 4366 id
1504 4311 1643 4382 apud
1676 4311 1905 4367 heredes
1933 4324 2052 4367 tuos

466 4420 643 4468 curas,
669 4420 864 4476 rogans
888 4400 1124 4475 nihilque
1153 4420 1259 4459 non
1287 4418 1473 4473 agens,
1501 4411 1558 4457 ut
1576 4418 1640 4459 ne
1668 4403 1754 4461 ille
1777 4406 1891 4460 sine
1918 4420 2051 4459 incr-

465 4496 598 4552 cede
618 4505 849 4552 maneat.
874 4496 1032 4567 Atqui
1057 4495 1102 4552 si
1133 4505 1186 4551 tu
1218 4512 1446 4566 nequam
1469 4496 1628 4551 homo
1648 4537 1665 4563 ,
1691 4498 1762 4551 ita
1791 4497 2054 4551 humanus

466 4586 831 4657 benignusque
851 4601 910 4641 es
937 4602 1063 4657 erga
1104 4586 1389 4653 famulum,
1418 4603 1486 4641 an
1526 4588 1785 4642 immensa
1833 4588 1925 4643 Dei
1954 4591 2049 4642 bo-

464 4679 634 4744 uitas,
681 4677 963 4735 ineﬂ'abilis
1005 4677 1339 4749 benignitas,
1369 4688 1513 4734 tanta
1542 4679 1629 4734 illa
1660 4680 2012 4736 mansuetudo
2035 4724 2048 4747 ,

462 4770 694 4826 famulos
736 4784 894 4837 suos,
927 4762 1139 4824 Petrum
1160 4809 1175 4835 ,
1206 4766 1449 4838 Paulum,
1493 4768 1750 4825 Iacobum
1793 4781 1847 4825 et
1882 4771 2058 4825 ‘Joau-

464 4877 627 4928 nem,
672 4860 910 4933 quotidie
952 4870 1171 4932 propter
1224 4860 1374 4917 illum
1428 4863 1759 4929 esurientes,
1804 4860 2051 4930 vinctos,

467 4955 763 5026 llagellatos
782 4997 797 5021 ,
828 4955 1080 5011 ﬂuctibus
1103 4955 1409 5022 demersos,
1441 4955 1568 5013 feris
1594 4956 1867 5027 objectos‘,
1896 4961 2052 5015 morti

384 5101 394 5123 ο
467 5050 723 5114 traditos,
750 5050 961 5119 aliaque
991 5051 1266 5105 innumera
1293 5065 1501 5122 passos,
1525 5051 1866 5109 incoronatos
1897 5052 2055 5107 relin-

468 5143 637 5209 quet?
667 5144 998 5213 Agonotlteta
1026 5160 1157 5200 sane
1179 5145 1437 5200 victorem
1462 5145 1513 5199 in
1543 5144 1834 5218 Olympicis
1863 5146 2056 5215 prmdi-

470 5244 557 5287 eat
578 5244 633 5289 et.
651 5246 904 5301 coronat,
938 5236 1100 5291 herus
1125 5250 1339 5292 servum
1359 5278 1376 5303 ,
1405 5250 1503 5292 rex
1539 5236 1761 5294 militem
1788 5238 2053 5304 honorat,

470 5335 528 5381 et
551 5327 777 5398 quisque
800 5327 1013 5383 demum
1035 5328 1182 5384 illum
1210 5330 1299 5402 qui
1325 5330 1427 5386 sibi
1457 5331 1837 5386 ministraverit
1865 5330 2057 5401 quibus

473 5430 653 5491 potest
678 5421 833 5477 bonis
860 5433 1167 5479 remunerat
1197 5442 1211 5480 :
1241 5424 1485 5496 Deusque
1512 5426 1688 5491 solus,
1731 5436 1851 5495 post
1880 5435 2058 5479 tantos

471 5510 701 5568 sudores
726 5523 781 5567 et
819 5512 1056 5581 labores,
1099 5530 1202 5570 nec
1240 5532 1461 5585 parvum
1480 5532 1590 5581 nec
1638 5532 1885 5588 magnum
1929 5517 2056 5587 ipsis

471 5601 672 5660 bonum
710 5603 1079 5673 cotifert,.setl
1116 5607 1247 5677 justi
1287 5609 1362 5664 illi
1400 5610 1559 5680 acpii
1593 5610 1729 5678 viri,
1757 5611 1847 5682 qui
1897 5625 2058 5666 omne

376 5726 385 5737 ι
473 5698 683 5756 virtutis
717 5712 891 5773 genus
943 5698 1225 5774 adierunt,
1273 5701 1466 5762 cadam
1508 5715 1668 5761 erum
1710 5702 2015 5763 conditione
2035 5746 2055 5778 ,

1181 235 1240 292 S.
1278 231 1555 291 JOANNIS
1589 216 2067 288 CHRYSOSTOHI
2106 206 2423 285 AECHIEP.
2461 224 3018 287 CONSTANTINOP.
3590 239 3684 295 216

2150 356 2260 413 qua
2307 344 2531 406 moechi,
2577 343 2892 413 parricidas.
2952 343 3237 399 homicidae
3278 348 3684 423 tumuiorumque

2151 432 2517 491 eﬂ‘ossorcs‘?
2548 435 2729 507 Ecqua
2759 436 2885 490 insit
2910 438 2965 490 in
3006 437 3092 492 his
3129 438 3299 492 ratio?
3333 440 3386 493 Si
3415 442 3551 498 enim
3567 446 3688 501 nihil

2153 529 2295 586 ultra
2311 541 2396 586 est
2415 536 2537 601 poSt
2567 529 2867 589 discessum
2884 545 2950 586 ex
2980 531 3082 588 hac
3112 532 3244 594 vita.
3263 534 3373 589 etsi
3407 545 3579 593 nostra
3594 541 3691 596 sint

2153 627 2438 694 pra-sentis
2453 626 2577 681 vitae
2589 625 2851 681 limitibus
2867 625 3297 696 circumscripta,
3323 628 3374 682 in
3386 631 3567 684 eodem
3581 642 3697 690 sunt

2151 714 2293 760 statu
2316 715 2371 760 et
2399 704 2452 759 hi
2472 713 2529 761 et
2551 705 2625 760 illi
2649 723 2664 768 ;
2696 706 2802 762 imo
2826 721 2931 760 non
2968 706 3159 761 eodem
3198 708 3250 761 in
3274 717 3430 764 statu.
3469 709 3524 766 Si
3548 714 3700 780 enim,

2151 797 2439 855 secundum
2469 807 2522 854 te
2540 840 2555 863 ,
2610 799 2829 869 posthac
2856 799 3045 854 eodem
3075 800 3126 854 in
3164 809 3305 856 statu
3330 802 3435 857 sint
3462 820 3476 857 :
3503 805 3665 862 at.hic
3686 847 3704 874 ,

2152 892 2225 947 illi
2256 892 2307 947 in
2336 891 2737 962 tranquillitate,
2757 893 2810 946 hi
2833 893 2887 946 in
2914 893 3177 962 supplicio
3201 898 3314 948 toto
3338 903 3570 966 tempore
3593 914 3702 952 ver.

2151 985 2251 1039 sati
2274 993 2416 1038 sunt.
2447 985 2641 1053 Ecquis
2668 996 2922 1057 tyrannus
2946 984 3227 1051 immanis,
3271 985 3389 1056 quis
3417 986 3571 1044 homo
3592 1006 3705 1045 cru-

2151 1075 2287 1132 delis
2312 1086 2368 1132 et.
2388 1077 2706 1131 inhumanus
2727 1090 2913 1132 servos
2940 1075 3288 1146 subditosque
3308 1090 3436 1133 suos
3458 1082 3535 1134 sic
3555 1096 3709 1136 exceo

2154 1170 2272 1240 pit?
2299 1169 2482 1224 Viden’
2524 1169 2791 1242 ingentem
2838 1166 3217 1225 absurditatem
3239 1208 3255 1232 ,
3286 1179 3343 1225 et
3377 1173 3467 1240 qui
3510 1172 3623 1229 finis
3646 1176 3713 1229 sit

2153 1261 2275 1316 talis
2300 1261 2602 1318 ratiocinii?
2626 1260 2809 1331 ltaque
2826 1261 2873 1316 si
2900 1260 3046 1316 nullo
3068 1260 3195 1328 alio,
3222 1260 3327 1316 hoe
3349 1261 3535 1318 saltem
3554 1266 3707 1320 ratio-

2151 1354 2294 1409 cinio
2318 1353 2586 1418 eruditus,
2632 1353 2772 1408 hanc
2808 1353 3095 1422 pessimam
3138 1352 3446 1422 opinionem
3472 1356 3712 1424 repudia,

2152 1445 2274 1516 fuge
2296 1444 2548 1500 malitiam
2570 1485 2585 1510 ,
2607 1451 2663 1499 et
2686 1443 2898 1499 labores
2923 1456 3021 1513 pro
3044 1443 3238 1500 virtute
3259 1446 3468 1515 suscipe
3486 1482 3502 1509 ,
3523 1455 3575 1501 et
3599 1454 3713 1503 tunc

2151 1537 2290 1593 scies
2314 1548 2496 1592 nostra
2518 1553 2622 1592 non
2644 1551 2765 1593 esse
2790 1538 3070 1611 praesentis
3086 1537 3209 1591 vitae
3232 1536 3487 1592 limitibus
3506 1539 3716 1594 circum-

2153 1629 2372 1698 scripta.
2424 1628 2480 1684 Si
2526 1628 2647 1698 quis
2701 1638 2877 1683 autem
2928 1637 3132 1698 qureret
3171 1643 3203 1682 a
3246 1627 3715 1699 te:£cquis.iude

2155 1721 2370 1776 veniens
2396 1719 2480 1775 illa
2504 1720 2803 1775 nuntiavit?
2847 1719 3112 1790 responde
3147 1719 3225 1775 illi
3255 1738 3270 1776 :
3301 1716 3474 1776 Home
3515 1722 3713 1793 quidem

2152 1813 2365 1868 nullus:
2397 1828 2519 1868 nam
2556 1814 2600 1868 si
2631 1812 2792 1868 homo
2832 1820 3005 1877 esset,
3049 1826 3157 1867 non
3186 1809 3263 1866 illi
3288 1811 3545 1867 creditum
3584 1826 3718 1883 smpe

2152 1905 2360 1973 fuisset,
2392 1916 2573 1977 utpote
2606 1906 2697 1978 qui
2724 1920 2811 1961 res
2835 1910 3182 1977 exaggeraret
3220 1906 3663 1976 amplificaretque
3699 1924 3713 1960 :

2153 1999 2463 2069 angelorum
2491 2013 2620 2053 vero
2647 1997 2904 2054 Dominus
2929 1998 3019 2052 illa
3039 1997 3219 2053 omnia
3243 2005 3492 2053 accurate
3517 1999 3715 2052 nuutia-

2153 2090 2248 2144 vit.
2300 2088 2438 2157 Quid
2489 2104 2617 2159 ergo
2646 2105 2780 2161 opus
2802 2088 3051 2155 frumine,
3093 2101 3218 2144 cum
3264 2087 3313 2141 is
3341 2086 3431 2157 qui
3476 2100 3651 2157 pinnas
3687 2104 3715 2141 a

2154 2179 2310 2236 nobis
2355 2191 2638 2236 exacturus
2671 2189 2791 2245 est,
2818 2179 3054 2250 quotidie
3095 2179 3295 2234 clamet
3332 2192 3395 2235 se
3439 2179 3719 2250 gehennam

2154 2273 2458 2344 paravisse,
2488 2281 2542 2327 et
2568 2286 2790 2341 regnum
2837 2284 3216 2329 concessurum
3244 2283 3401 2338 esse,
3443 2269 3723 2341 horumque

2153 2366 2308 2422 nobis
2326 2374 2634 2435 argumenta
2658 2365 2801 2419 clara
2831 2365 3067 2433 praebeat
3084 2363 3110 2417 ἳ
3156 2362 3293 2418 Nam
3321 2362 3366 2419 si
3400 2377 3505 2417 non
3528 2361 3721 2432 judica~

2155 2467 2305 2514 turus
2326 2466 2488 2522 esset,
2513 2473 2580 2512 ne
2609 2456 2694 2511 hic
2719 2456 2931 2526 quidem
2954 2469 3204 2525 umquam
3236 2468 3425 2525 pinnas
3453 2453 3721 2523 exegisset.

2154 2550 2364 2607 Etenim
2392 2550 2442 2605 id
2465 2564 2675 2622 quoque
2702 2549 2968 2620 quomodo
2994 2562 3113 2602 cum
3135 2551 3349 2603 ratione
3368 2557 3639 2610 consonet,
3664 2561 3725 2600 ex

2154 2645 2468 2701 facinorosis
2492 2642 2627 2700 alios
2656 2642 2827 2714 puniri
2849 2685 2862 2709 ,
2895 2642 3029 2697 alios
3058 2639 3284 2697 minime
3302 2643 3328 2695 '!
3364 2640 3493 2697 Nam
3520 2640 3566 2695 si
3599 2640 3726 2695 Deus

2152 2751 2410 2809 personas
2432 2752 2541 2792 non
2562 2736 2775 2804 accipit,
2798 2732 2941 2804 quod
2965 2747 3151 2788 verum
3177 2742 3334 2787 certe
3364 2741 3467 2799 est,
3489 2746 3582 2786 cur
3599 2730 3729 2785 hunc

2155 2830 2297 2886 ultus
2321 2839 2403 2884 est
2425 2870 2441 2894 ,
2475 2828 2616 2883 hunc
2651 2827 2867 2896 impune
2894 2824 3044 2881 abire
3072 2824 3195 2880 sivit
3211 2823 3239 2879 ἳ
3269 2824 3383 2880 Hoc
3408 2824 3553 2880 enim
3575 2821 3731 2893 majo-

2154 2938 2269 2979 rem
2312 2936 2470 2990 quam
2515 2934 2673 2991 supra
2717 2920 2856 2975 dicta
2892 2916 3267 2974 difficultatem
3312 2924 3512 2972 umet.
3555 2914 3654 2973 Sed
3688 2915 3733 2971 si

2153 3015 2295 3072 bono
2325 3030 2411 3070 me
2448 3015 2625 3070 animo
2653 3013 2840 3068 audire
2865 3012 3174 3078 volueritis,
3213 3010 3358 3067 hanc
3384 3025 3594 3083 quoque
3630 3008 3733 3064 sol,

2153 3120 2341 3165 ventus
2389 3108 2758 3179 qumstionem.
2786 3106 3045 3174 Quzrnam
3074 3119 3211 3176 ergo
3238 3105 3438 3160 solutio
3474 3106 3596 3161 est?
3634 3102 3735 3158 Nec

2153 3203 2222 3258 ab
2271 3203 2518 3257 omnibus
2562 3202 2650 3257 hic
2675 3214 2862 3272 pinnas
2899 3201 3063 3271 exigit
3086 3242 3101 3264 ,
3128 3216 3201 3255 ne
3241 3200 3310 3255 de
3355 3199 3736 3255 resurrectione

2154 3296 2405 3366 desperes
2428 3303 2484 3350 et
2506 3293 2575 3350 de
2601 3291 2777 3349 futuro
2800 3291 3021 3363 judicio,
3041 3292 3194 3362 quasi
3221 3307 3417 3347 omnes
3443 3289 3529 3345 hic
3555 3300 3732 3359 [unus

2155 3387 2399 3444 dederint
2423 3402 2437 3441 :
2467 3400 2638 3455 neque
2659 3380 2846 3439 omnes
2877 3384 3093 3454 impune
3117 3383 3253 3437 sinit
3278 3382 3465 3447 abire;
3496 3391 3735 3450 nepotes

2154 3479 2331 3535 omnia
2377 3479 2494 3533 sine
2535 3476 2644 3532 ulla
2690 3474 3022 3546 providentia
3046 3474 3165 3545 geri
3201 3490 3215 3527 :
3256 3473 3353 3528 sed
3390 3482 3452 3529 et
3478 3472 3736 3542 punit,et

2155 3591 2261 3630 non
2287 3576 2452 3645 punit.
2482 3575 2615 3630 Cum
2649 3572 2796 3657 punit
2821 3581 3036 3633 autem,
3061 3569 3347 3637 ostendit,
3382 3583 3443 3623 se
3483 3567 3639 3622 etiam
3675 3563 3741 3617 ab

2154 3669 2258 3723 illis
2283 3669 2371 3739 qui
2417 3668 2502 3724 ltic
2532 3668 2673 3739 plcxi
2700 3676 2822 3721 sunt
2850 3678 3036 3732 panas
3078 3662 3191 3719 illic
3236 3674 3554 3718 exacturum
3593 3673 3740 3724 esse;

2155 3778 2275 3818 cum
2306 3776 2432 3817 vero
2464 3778 2568 3816 non
2598 3760 2748 3832 punit
2771 3800 2787 3826 ,
2814 3764 2868 3814 te
2903 3756 2967 3813 ad
2998 3757 3333 3813 credendum
3376 3755 3575 3811 inducit
3594 3794 3608 3815 .
3631 3766 3744 3808 esse

2155 3862 2277 3925 post
2326 3869 2603 3909 excessum
2646 3864 2711 3906 ex
2756 3852 2855 3906 hac
2880 3851 2985 3905 vita
3010 3849 3248 3904 tribunal
3295 3847 3643 3904 horrentium.
3689 3842 3742 3897 Si

2155 3961 2314 4016 porro
2342 3945 2516 4015 priora
2543 3943 2760 3998 omnino
2802 3942 3091 4013 negligeret
3112 3982 3127 4007 ,
3170 3939 3357 3995 nullos
3389 3940 3479 3995 hic
3501 3939 3743 4009 puniret,

2156 4037 2330 4092 nullos
2372 4034 2644 4091 beneficiis
2680 4034 2920 4091 afficeret
2950 4052 2969 4088 :
3004 4048 3145 4088 nunc
3185 4043 3374 4089 autem
3411 4033 3562 4088 vides
3606 4030 3745 4085 illum

2157 4141 2374 4199 propter
2400 4137 2449 4183 te
2474 4136 2529 4183 et
2553 4127 2741 4185 cmlum
2766 4125 3075 4183 extendisse
3092 4168 3108 4191 ,
3132 4136 3187 4181 et
3220 4127 3398 4182 solem
3427 4124 3747 4188 accendisse,

2157 4231 2212 4275 et
2245 4231 2438 4276 terram
2470 4220 2719 4275 fundasse
2738 4262 2753 4287 ,
2782 4230 2835 4276 et
2865 4233 3010 4274 mare
3037 4218 3246 4276 fud‘iSse
3271 4262 3287 4285 ,
3317 4229 3375 4274 et
3417 4234 3598 4274 aerem
3625 4232 3749 4286 pan-

2157 4314 2298 4369 disse
2319 4356 2332 4376 ,
2360 4323 2413 4368 et
2442 4314 2579 4367 luuze
2599 4327 2786 4368 cursus
2815 4311 3166 4380 diSposuisse,
3212 4322 3269 4366 et
3313 4312 3445 4367 anni
3473 4317 3754 4379 tempesta.

2161 4406 2300 4461 tibus
2356 4407 2602 4460 immotas
2656 4405 2905 4461 statuisse
2956 4402 3136 4474 leges,
3207 4414 3525 4474 czeteraque
3583 4399 3752 4456 omnia

2159 4501 2324 4571 ipsius
2345 4508 2476 4553 nutu
2501 4502 2747 4554 accurate
2770 4510 2986 4552 cursum
3020 4512 3175 4551 suum
3210 4497 3503 4567 perficere.
3526 4497 3595 4550 At
3620 4494 3753 4549 enim

2158 4602 2343 4647 natura
2362 4599 2562 4657 nostra,
2588 4601 2774 4645 natura
2797 4603 3006 4659 quoque
3033 4586 3525 4653 irrationabilium,
3546 4600 3755 4656 serpen-

2159 4686 2330 4751 tium,
2391 4683 2760 4754 gradentium,
2803 4681 3130 4742 volantium,
3188 4685 3538 4748 natantium,
3582 4694 3757 4734 eorum

2158 4794 2279 4849 quae
2299 4779 2351 4834 in
2376 4778 2575 4847 stagnis
2599 4819 2614 4841 ,
2641 4778 2689 4830 in
2732 4774 2963 4831 foiitilms
2988 4815 3000 4837 .
3023 4775 3078 4829 in
3113 4773 3465 4841 ﬂuminibus,
3494 4775 3548 4829 in
3575 4770 3760 4828 monti-

2159 4871 2260 4925 bus
2280 4912 2297 4936 ,
2329 4871 2382 4923 in
2408 4869 2633 4923 saltibus
2654 4911 2668 4935 ,
2715 4868 2767 4922 in
2797 4866 3045 4922 domibus
3069 4909 3084 4933 ,
3136 4867 3191 4920 in
3232 4882 3367 4922 acre
3392 4910 3407 4932 ,
3440 4869 3495 4922 in
3533 4864 3762 4934 campis,

2162 4966 2356 5035 planta!
2375 5006 2390 5029 ,
2433 4964 2634 5020 semina
2652 5005 2666 5025 ,
2695 4962 2913 5017 arbores
2939 4974 3031 5016 seu
3063 4961 3356 5017 silvestres
3375 5002 3392 5027 ,
3421 4976 3521 5017 seu
3549 4959 3720 5014 sativa:
3743 4994 3755 5018 ,

2162 5061 2445 5115 fructuosae
2466 5060 2552 5113 vel
2571 5057 2932 5122 infructuosa',
2951 5056 3127 5111 omnia
3151 5056 3381 5111 demum
3405 5056 3477 5111 ab
3502 5052 3758 5110 indefessa

2164 5152 2250 5206 illa
2281 5167 2438 5206 manu
2462 5159 2602 5205 mota
2635 5149 2794 5203 vitam
2839 5156 3074 5204 nostram
3104 5151 3329 5214 fovent,
3384 5164 3496 5204 non
3524 5147 3590 5202 ad
3622 5160 3767 5200 usum

2163 5253 2390 5310 tantum,
2418 5241 2514 5299 sed
2539 5244 2698 5298 etiam
2726 5242 2792 5297 ad
2820 5240 3198 5298 liberalitatem
3227 5243 3603 5300 exercendam
3630 5250 3681 5295 et
3706 5238 3767 5292 ad

2164 5336 2473 5392 famulatum
2518 5335 2869 5390 ministerium
2894 5350 3049 5390 suum
3076 5332 3243 5391 nobis
3273 5335 3601 5404 prmbcntia.
3629 5333 3767 5388 Tau-

2164 5436 2277 5481 tum
2306 5430 2485 5498 itaque
2502 5425 2688 5482 videns
2716 5441 2892 5481 rerum
2916 5424 3159 5480 ordinem
3188 5426 3298 5481 etsi
3327 5428 3582 5498 exiguam
3605 5424 3772 5482 solum

2164 5519 2280 5588 ejus
2326 5530 2527 5589 partem
2576 5518 2870 5574 referamus
2893 5558 2909 5586 ,
2937 5517 3116 5572 dicere
3158 5518 3338 5574 audes
3364 5561 3381 5585 ,
3413 5532 3541 5574 eum
3571 5516 3663 5589 qui
3706 5521 3780 5571 ωι

2168 5622 2418 5682 tantaque
2471 5620 2685 5682 propter
2715 5623 2767 5665 te
2790 5617 3040 5680 operatus
3066 5617 3171 5677 est,
3210 5612 3266 5667 in
3291 5613 3561 5670 extremis
3589 5620 3643 5667 te
3686 5626 3779 5667 ne-

2230 5714 2256 5749 ι
2284 5709 2402 5776 Alii,
2451 5726 2799 5780 antrorumque
2840 5712 3110 5778 tabanus.
