3856 6180
136 284 235 347 217

121 420 411 487 plectamur
443 435 567 475 esse
587 458 604 485 ,
623 428 678 474 et
702 435 821 475 cum
846 418 1011 473 asinis
1037 426 1092 471 et
1118 416 1290 486 porcis
1314 425 1580 470 mortuum
1609 414 1694 470 di-

117 512 401 567 missurum
447 511 749 581 jacentem;
780 526 843 565 ac
870 522 1147 581 postquam
1175 518 1227 563 te
1255 516 1400 563 tanto
1425 507 1694 578 religionis

116 604 249 658 dono
278 604 586 669 honoravit,
613 621 720 675 quo
747 614 797 660 te
816 604 1019 671 angelis
1046 601 1302 672 aequalem
1326 600 1468 665 fecit,
1497 608 1549 654 te
1576 609 1696 670 post

120 705 397 749 sexcentos
445 696 659 750 labores
702 705 755 750 et
785 695 1006 751 sudores
1045 692 1460 763 despectorum?
1492 689 1694 759 Ecquid

123 783 304 839 rationi
335 786 515 839 minus
557 785 893 839 consonum?
924 784 1047 839 Haec
1090 783 1318 853 quippe.
1344 780 1445 836 etsi
1493 795 1593 835 nos
1615 788 1696 835 ta-

120 891 358 939 ceamus,
398 875 606 946 lapides
634 877 970 942 clamabunt,
1012 876 1082 930 ita
1111 882 1235 929 sunt
1270 873 1411 928 clara
1438 880 1494 927 et
1523 871 1694 926 mani-

123 969 261 1033 festa,
297 968 476 1037 magis
499 983 659 1038 quam
691 968 789 1038 ipsi
814 968 1017 1023 solares
1053 966 1206 1021 radii.
1235 964 1363 1019 Haec
1392 964 1552 1034 igitur
1578 977 1697 1018 om-

124 1062 199 1111 nia
222 1058 519 1127 cogitantes
535 1100 551 1122 ,
582 1066 634 1113 et
662 1060 713 1113 in
741 1060 931 1114 animis
957 1058 1156 1113 nostris
1183 1066 1328 1113 certa
1350 1062 1647 1110 statuentes
1668 1096 1685 1121 ,

130 1163 307 1216 nempe
339 1158 463 1216 post
485 1149 761 1204 decessum
790 1166 857 1205 ex
882 1150 980 1205 hac
1017 1151 1147 1215 vita,
1181 1164 1279 1203 nos
1304 1147 1568 1202 horrendo
1593 1146 1694 1200 tri-

126 1240 293 1296 bunali
335 1243 607 1299 sistendos
630 1258 752 1298 esse
769 1285 786 1309 ,
817 1244 1075 1299 rationem
1104 1241 1409 1297 reddituros
1434 1238 1501 1294 de
1527 1239 1694 1310 gestis

1260 300 1324 356 IN
1361 298 1766 355 MATTIUEUM
1806 298 2030 354 llOMlL.
2074 300 2193 356 XIV

3274 313 3378 369 2l8

1798 414 2072 483 omnibus,
2105 431 2289 488 prunas
2308 418 2528 477 daturos
2546 464 2561 487 ,
2586 432 2643 480 et
2671 426 2924 483 ultionem
2954 442 3300 500 experturos,
3329 438 3375 492 si

1800 507 1855 561 in
1879 508 2111 577 peccatis
2140 524 2483 577 maneamus;
2509 523 2690 569 contra
2719 532 2847 573 vero
2871 522 3085 576 coronis
3112 532 3167 577 et
3191 524 3377 579 ittch-

1799 596 1992 653 bilibus
2022 599 2176 654 bonis
2219 600 2524 669 donandus,
2547 605 2591 659 si
2620 621 2783 676 parvo
2809 618 3049 679 tempore
3074 613 3227 668 nobis
3253 615 3381 685 ipsis

1799 690 2073 746 attendere
2102 692 2458 760 voluerimus;
2477 711 2661 751 eorum
2692 700 2779 768 qui
2804 699 2887 754 his
2909 704 3172 759 contraria
3200 704 3379 761 dicere

1799 781 1996 838 audent
2038 798 2130 839 ora
2159 785 2497 843 obstruamus
2520 830 2535 854 ,
2567 801 2622 846 et
2652 790 2750 862 ipsi
2778 795 3016 849 veritatis
3042 796 3179 851 viam
3210 799 3377 869 eliga-

1800 890 1956 942 mus,
1988 883 2046 930 ut
2067 892 2187 931 cum
2217 877 2407 933 ﬁducia
2426 884 2749 951 competenti
2774 884 2840 939 ad
2874 887 3105 942 tribunal
3135 889 3264 944 illud
3288 905 3379 946 ac-

1798 966 2078 1035 cedentes,
2118 968 2255 1023 bona
2278 971 2432 1026 nobis
2460 974 2721 1042 promissa
2742 990 3133 1046 consequamur
3155 1022 3170 1046 ,
3203 984 3370 1051 gratia

1798 1067 1853 1111 et
1879 1056 2203 1127 benignitate
2229 1059 2435 1115 Domini
2467 1064 2634 1118 nostri
2670 1063 2798 1119 Jesu
2835 1064 3064 1134 Christi,
3095 1071 3179 1124 cui
3210 1071 3378 1140 gloria

1798 1156 1853 1202 et
1881 1147 2162 1218 imperium
2182 1190 2199 1217 ,
2229 1165 2371 1207 nunc
2404 1161 2459 1207 et
2485 1168 2729 1225 semper,
2758 1164 2813 1210 et
2850 1158 2902 1211 in
2930 1159 3127 1215 saecula
3152 1162 3378 1218 saeculo-

1798 1253 1941 1292 rum.
1976 1243 2172 1295 Amen.

1449 1440 1799 1504 HOMILIA
1842 1441 2015 1502 XIV.

126 1568 243 1624 Cu.
274 1570 334 1625 ι.
385 1571 567 1625 v.12.
614 1570 740 1625 Cum
785 1571 1006 1624 audisset
1051 1568 1236 1632 Iesus,
1280 1566 1414 1638 quod
1466 1563 1692 1619 Joannes

316 1662 536 1715 traditus
564 1672 707 1726 esset,
737 1663 935 1716 secessit
961 1663 1014 1715 in
1038 1659 1302 1715 Galilazam
1319 1701 1336 1726 ,
1366 1668 1476 1713 etc.

185 1752 204 1805 1
269 1752 382 1805 Cur
410 1768 625 1807 rursum
651 1754 915 1807 secessit?
957 1752 1022 1808 Ut
1050 1767 1147 1806 nos
1175 1752 1427 1813 doceret,
1466 1765 1534 1806 ne
1554 1750 1694 1803 ultro

123 1844 434 1899 teutationes
460 1843 713 1899 adeamus
732 1887 748 1911 ,
772 1845 864 1899 sed
892 1845 1143 1900 cedamus
1173 1845 1346 1914 potius
1371 1859 1434 1898 ac
1454 1843 1693 1899 decline-

122 1949 245 1987 nms.
273 1933 463 2005 Neque
488 1936 633 1990 enim
657 1937 859 1992 crimen
890 1946 1004 2001 est,
1033 1954 1138 1993 non
1165 1952 1287 1992 sese
1316 1937 1369 1992 in
1394 1936 1689 2007 periculum

120 2027 406 2095 conjicere,
459 2028 554 2083 sed
603 2029 654 2082 in
686 2030 924 2099 periculo
971 2047 1074 2085 non
1118 2032 1327 2086 fortiter
1367 2041 1533 2088 stare.
1581 2032 1694 2088 Hoc

121 2118 262 2186 igitur
285 2118 491 2172 docens
510 2159 526 2185 ,
558 2128 611 2175 et
628 2119 861 2175 Judaicu:
887 2121 1094 2177 invidiae
1126 2123 1341 2192 paulum
1368 2123 1690 2189 concedens,

122 2209 307 2263 secedit
336 2209 388 2263 in
417 2211 753 2279 Capernaum
772 2252 787 2277 ,
811 2212 965 2267 simul
987 2214 1321 2285 prophetiam
1346 2215 1573 2285 implens
1593 2256 1608 2279 ,
1636 2225 1691 2270 et

120 2302 354 2356 doctores
382 2304 532 2358 orbis
572 2305 722 2374 quasi
759 2306 963 2376 piscatu
1005 2322 1198 2377 capere
1233 2306 1494 2363 festinans
1523 2326 1536 2362 :
1568 2309 1692 2379 quia

124 2393 183 2445 ibi
229 2394 389 2448 sedes
441 2395 707 2451 habebant
749 2412 844 2452 sua
886 2406 1095 2454 utentes
1117 2408 1248 2454 arte.
1281 2399 1363 2453 Tu
1390 2414 1518 2455 vero
1562 2400 1691 2454 mihi

124 2486 411 2554 pet-pendas
439 2488 621 2552 velim,
650 2489 921 2559 quomodo
946 2500 1131 2560 gentes
1155 2492 1416 2558 aditurus,
1440 2509 1470 2548 a
1492 2493 1691 2549 Judaeis

123 2589 318 2643 semper
343 2578 660 2632 occasiones
687 2580 930 2649 accipiat.
957 2580 1094 2635 Nam
1120 2581 1207 2637 hic
1232 2581 1527 2638 Prodromo
1556 2584 1688 2639 insi-

122 2667 224 2721 dias
270 2679 544 2723 struentes
574 2712 589 2736 ,
645 2682 963 2743 captumque
1011 2675 1213 2730 carceri
1276 2677 1638 2746 mancipantes
1669 2720 1689 2745 ,

124 2760 277 2825 ipsum
310 2760 363 2813 in
394 2758 670 2817 G:dil:eam
694 2764 929 2832 gentium
956 2765 1301 2834 compellunt.
1331 2766 1482 2835 Quod
1508 2777 1692 2823 autem

119 2865 206 2904 nec
244 2849 530 2907 Judaicam
569 2862 781 2922 gentem
827 2870 890 2909 ex
934 2866 1083 2926 parte
1129 2867 1540 2923 commemoret,
1590 2875 1693 2915 nee

119 2955 293 2995 omnes
319 2942 626 2998 subindicet
656 2944 856 3011 tribus,
882 2947 1000 3001 vide
1029 2949 1294 3016 quomodo
1339 2950 1509 3004 locum
1543 2952 1690 3006 illum

118 3030 394 3102 distinguat
424 3033 680 3102 pmpheta
714 3035 794 3089 his
823 3038 995 3092 verbis
1024 3056 1038 3091 :
1072 3040 1157 3095 15.
1191 3039 1346 3095 Terra
1384 3041 1615 3096 Zabulon
1643 3052 1693 3098 et

117 3133 237 3174 terra
264 3121 629 3190 Nephthalim,
656 3127 735 3179 via
764 3128 916 3181 maris
956 3139 1097 3184 trans
1138 3129 1419 3187 Iordanem
1437 3174 1451 3198 ,
1477 3133 1691 3189 Galilwa

117 3216 326 3283 gentium
356 3232 377 3270 :
412 3215 506 3272 16.
542 3220 760 3289 populus
803 3222 889 3289 qui
928 3222 1127 3276 sedebat
1170 3224 1224 3278 in
1267 3227 1479 3281 tenebris
1509 3268 1526 3294 ,
1567 3228 1692 3281 vidit

120 3305 262 3360 laeua
288 3325 534 3379 ntagnam
561 3309 718 3383 (lsai.
752 3313 803 3367 9.
840 3313 961 3381 t2)
992 3332 1004 3367 :
1039 3315 1289 3371 tenebras
1315 3317 1400 3372 hic
1429 3334 1532 3373 non
1560 3334 1689 3375 sen-

119 3401 233 3455 siles
254 3401 373 3456 ilL'ts
403 3418 623 3470 vocans,
642 3405 733 3460 sed
755 3422 991 3461 errorem
1021 3409 1467 3482 impietatemque.
1492 3413 1692 3480 Quam-

122 3491 290 3547 obrem
338 3493 521 3549 intulit
570 3518 583 3549 ι
630 3495 985 3554 Habitantibus
1047 3500 1099 3554 in
1169 3503 1372 3573 regione
1413 3513 1460 3558 et
1512 3506 1691 3560 umbra

121 3585 278 3638 mortis
296 3628 312 3651 ,
334 3586 427 3640 lux
453 3596 565 3640 orta
592 3599 664 3642 est
692 3590 780 3645 eis.
807 3588 873 3645 Ut
899 3590 1295 3649 enim'disccres
1315 3635 1329 3660 ,
1353 3611 1477 3651 eum
1516 3612 1690 3668 neque

121 3673 178 3730 de
202 3676 352 3742 luce,
386 3693 560 3748 neque
590 3678 656 3733 de
699 3681 929 3736 tenebris
974 3685 1258 3740 sensilibus
1288 3687 1464 3755 loqui,
1513 3688 1686 3744 lucem

122 3783 441 3835 memorans,
465 3786 570 3824 non
602 3771 911 3840 simpliciter
940 3774 1110 3830 lucem
1142 3779 1365 3842 vocavit,
1389 3780 1482 3834 sed
1514 3780 1685 3836 lucem

122 3873 372 3929 magnam,
398 3876 565 3930 quam
593 3861 719 3917 alibi
752 3879 929 3919 veram
958 3866 1218 3935 appellat;
1248 3868 1317 3923 de
1343 3870 1574 3926 tenebris
1600 3888 1688 3926 au-

119 3956 211 4002 tem
232 3950 389 4005 verba
418 3949 621 4006 faciens
648 3993 664 4018 ,
712 3954 954 4009 umbram
984 3959 1171 4012 mortis
1216 3962 1441 4016 vocavit.
1484 3962 1687 4019 Deinde

118 4042 391 4097 ostendens
417 4060 526 4098 non
554 4044 695 4113 ipsos
722 4058 1024 4117 quaerentes
1071 4049 1366 4117 invenisse,
1397 4053 1488 4109 sed
1517 4055 1685 4110 Deum

118 4131 230 4199 ipsis
268 4148 506 4202 superne
544 4137 854 4205 apparuisse
873 4179 890 4203 ,
920 4139 994 4193 ait
1018 4156 1033 4193 :
1062 4139 1179 4195 Lux
1208 4152 1319 4195 orta
1342 4156 1417 4198 est
1443 4144 1513 4199 eis
1534 4185 1551 4211 ,
1585 4144 1687 4201 hoc

117 4231 217 4287 est,
247 4223 360 4293 ipsa
388 4224 479 4278 lux
506 4235 622 4279 orta
650 4236 731 4282 est
751 4239 805 4283 et
831 4230 1037 4285 refulsit
1065 4248 1079 4284 :
1110 4249 1214 4287 non
1247 4234 1344 4304 ipsi
1380 4235 1585 4304 priores
1615 4237 1683 4292 ad

118 4312 274 4370 lucem
303 4327 672 4373 accnrrerunt.
705 4320 911 4377 Etenim
949 4334 1072 4379 ante
1094 4324 1292 4381 Christi
1315 4327 1601 4384 adventum
1630 4330 1683 4385 in

116 4410 355 4463 extremis
398 4410 517 4465 sita:
559 4426 650 4467 res
674 4412 946 4469 hominum
971 4428 1143 4473 erant.
1173 4417 1356 4489 Neque
1382 4420 1525 4475 enim
1565 4436 1683 4476 am-

114 4496 351 4554 bulabant
387 4502 443 4556 in
482 4502 753 4573 tenebris,
782 4506 874 4560 sed
900 4507 1155 4563 sedebant
1195 4509 1247 4565 in
1292 4513 1522 4568 tenebris
1555 4511 1630 4585 (α)
1666 4532 1680 4566 :

113 4589 234 4655 quod
260 4590 477 4661 signum
509 4601 624 4646 erat
648 4592 792 4661 ipsos
817 4611 916 4651 nec
941 4612 1185 4666 sperasse
1205 4600 1422 4670 quidem
1459 4617 1518 4657 se
1543 4603 1679 4658 libe-

112 4680 291 4734 randos
321 4696 448 4737 esse
482 4685 676 4753 :quasi
718 4687 863 4741 enim
904 4691 1203 4758 nescirent,
1247 4709 1353 4764 quo
1384 4696 1674 4763 proceden-

113 4770 220 4826 dum
241 4783 408 4839 esset,
434 4772 516 4829 sic
534 4790 565 4829 a
588 4777 822 4834 tenebris
849 4783 1218 4852 comprehensi
1245 4786 1523 4855 sedebant,
1556 4805 1679 4845 cum

113 4877 169 4914 ne
194 4873 338 4918 stare
366 4866 585 4937 quidem
613 4880 851 4937 possent.

167 4955 263 5009 Cur
287 4956 522 5014 Jommes
546 4969 662 5015 ante
678 4960 929 5018 Christum
948 4962 1257 5035 predicavit.
1278 4999 1351 5010 -—
1370 4971 1456 5026 17.
1480 4971 1682 5030 Exinde

111 5050 237 5114 capit
278 5049 440 5104 Iesus
479 5052 757 5120 pradicare
792 5064 841 5108 et
876 5056 1041 5111 dicere
1070 5073 1088 5111 :
1118 5058 1470 5118 Paenitentiam
1506 5067 1674 5137 agite,

109 5142 522 5210 appropinquavit
549 5145 683 5197 enim
717 5160 928 5215 regnum
960 5149 1218 5204 ctelorum.
1250 5151 1482 5221 Exinde,
1510 5170 1679 5226 quan-

111 5229 283 5285 dmtam
304 5232 332 5287 ‘I
360 5234 440 5287 Ex
466 5249 574 5304 quo
596 5235 829 5293 Joannes
859 5240 913 5294 in
938 5255 1205 5298 carcerem
1238 5251 1414 5306 trusus
1440 5257 1540 5304 est.
1569 5249 1678 5305 Cur

110 5336 266 5380 autem
297 5341 408 5381 non
439 5342 471 5381 a
496 5328 757 5401 principio
796 5334 1101 5402 praadicavit
1139 5337 1279 5393 illis?
1306 5349 1361 5395 et
1387 5342 1513 5411 quid
1542 5358 1679 5415 opus

157 5480 224 5542 (a)
254 5480 407 5545 Atqui
460 5485 508 5534 in
550 5485 789 5537 nebraioo
833 5486 1014 5553 legitur
1055 5503 1069 5539 :
1106 5497 1274 5576 Tum
1300 5474 1503 5553 πίνη-τ
1524 5508 1672 5572 ωιτη,

111 5570 372 5648 svasit;
394 5582 538 5648 recte
562 5579 711 5628 vertit
734 5592 748 5628 :
768 5580 977 5648 Populus
994 5583 1075 5648 qui
1090 5570 1362 5640 ainbulabat
1383 5590 1435 5642 in
1452 5570 1674 5646 tenebris.

703 5629 1440 5709 mechabdﬁiiﬁﬁéﬁériﬁ
1452 5629 1678 5709 xei-'33;

111 5702 271 5811 Et“
290 5699 523 5764 discutit,
545 5708 596 5753 et
627 5699 686 5752 ad
710 5715 1050 5768 argumentum
1075 5723 1216 5761 suum
1237 5699 1677 5777 pro'iiﬁu'b'iéﬁ'r'l

1805 1569 1920 1617 erat
1942 1561 2170 1631 JOanne,
2190 1580 2314 1624 cum
2343 1585 2564 1640 operum
2596 1575 2892 1630 testimonia
2922 1578 3093 1648 ipsum
3124 1581 3382 1651 pradica-

1800 1652 1962 1706 rent?
1990 1653 2057 1709 Ut
2090 1655 2213 1712 inde
2236 1658 2395 1715 etiam
2425 1661 2599 1725 discas
2626 1664 2741 1734 ejus
2768 1665 3103 1737 dignitatem,
3128 1672 3381 1740 quoniam

1800 1746 2245 1814 quemadmodum
2271 1750 2448 1817 Pater,
2477 1754 2592 1825 ipse
2617 1772 2827 1828 quoque
2857 1760 3142 1830 prophetas
3181 1763 3378 1820 habet:

1800 1837 1942 1907 quod
1968 1849 2019 1893 et
2048 1839 2330 1898 Zacharias
2356 1844 2563 1902 dicebat
2595 1866 2609 1901 :
2636 1849 2703 1904 Et
2725 1860 2802 1918 tu,
2833 1870 2975 1923 puer,
3006 1855 3265 1928 Pmplieta
3289 1859 3381 1915 Αι-

1800 1929 1981 1985 tissimi
2002 1932 2253 1989 vocaberis
2276 1935 2424 2007 (Luc.
2458 1941 2505 1995 1.
2535 1941 2663 2011 76);
2693 1954 2747 1998 et
2785 1954 2841 1999 ut
2871 1948 3069 2003 nullam
3097 1950 3378 2021 impuden-

1800 2020 1941 2078 tibus
1970 2022 2168 2081 Judazis
2208 2042 2391 2083 ansam
2438 2033 2761 2103 relinqueret
2793 2055 2806 2091 :
2838 2040 2977 2109 quod
3021 2042 3134 2111 ipse
3171 2020 3381 2115 quoque

1800 2112 2051 2169 indicavit
2071 2116 2252 2173 dicens
2275 2136 2289 2173 :
2327 2119 2472 2177 Venit
2497 2122 2723 2181 Joannes
2750 2144 2906 2198 neque
2934 2112 3265 2201 manducans,
3294 2112 3383 2190 ne—

1798 2218 1892 2274 que
1928 2204 2096 2261 bibens
2114 2247 2130 2274 ,
2157 2218 2205 2263 et
2233 2211 2405 2266 dicunt
2432 2228 2452 2268 :
2478 2212 2797 2272 Haemonium
2835 2220 2998 2277 habet.
3040 2222 3183 2279 Venit
3213 2226 3380 2282 Filius

1798 2296 2015 2352 hominis
2032 2302 2345 2359 manducans
2366 2314 2412 2359 et
2434 2306 2620 2373 bibens,
2651 2319 2697 2364 et
2723 2311 2893 2367 dicunt
2920 2328 2939 2367 :
2963 2313 3097 2370 Ecce
3124 2319 3271 2372 homo
3295 2337 3382 2374 vo-

1796 2405 1896 2444 rax
1914 2400 1959 2445 et
1978 2392 2082 2446 vini
2106 2403 2323 2466 potator,
2352 2398 2733 2467 publicanorum
2753 2414 2801 2458 et
2823 2418 3140 2475 peccatorum
3164 2412 3375 2467 amicus.

1797 2478 1865 2533 Et
1894 2482 2177 2553 justiﬁcata
2201 2497 2275 2541 est
2300 2490 2551 2557 sapientia
2576 2508 2610 2546 a
2634 2494 2755 2559 ﬁliis
2780 2497 2886 2550 suis
2914 2496 3137 2567 (Matth.
3168 2502 3253 2557 11.
3288 2504 3377 2560 18.

1797 2570 1924 2643 19).
1970 2574 2218 2647 Alioquin
2266 2582 2622 2638 necessarium
2666 2593 2816 2652 erat,
2860 2596 3014 2644 utea
3053 2607 3169 2661 qua:
3204 2594 3377 2665 ipsum

1796 2666 2140 2735 spectabant,
2168 2670 2236 2727 ab
2262 2672 2365 2728 alio
2400 2674 2549 2744 prius
2585 2676 2922 2745 dicerentur,
2956 2698 3112 2754 quam
3142 2685 3209 2739 ab
3239 2687 3379 2758 ipso.

1797 2753 1854 2808 Si
1899 2756 2040 2811 enim
2088 2770 2208 2829 post
2246 2770 2323 2816 tot
2362 2772 2611 2835 tantaque
2650 2771 2950 2826 testimonia
2978 2753 3039 2829 et
3066 2753 3376 2846 argumenta

1795 2847 2043 2904 dicebant
2073 2870 2086 2906 :
2118 2851 2193 2907 Tu
2223 2855 2558 2912 testimonium
2590 2861 2817 2929 perhibes
2842 2864 2904 2917 de
2928 2866 3084 2935 teipso
3107 2908 3122 2932 ,
3154 2870 3378 2924 testimo-

1796 2939 1937 2992 nium
1962 2950 2101 2995 tuum
2127 2960 2227 2998 non
2251 2955 2327 2999 est
2351 2963 2520 3001 verum
2552 2948 2728 3021 (Joan.
2758 2952 2811 3007 8.
2843 2953 2932 3026 13)
2961 2972 2973 3009 :
3007 2957 3050 3011 si
3078 2956 3204 3012 nihil
3234 2962 3378 3029 prius

1797 3029 2018 3086 dixisset
2040 3031 2295 3101 Joannes,
2325 3045 2378 3092 et
2407 3037 2522 3108 ipse
2549 3039 2602 3094 in
2632 3043 2863 3099 medium
2905 3061 3237 3117 progressus,
3265 3053 3377 3120 pri-

1798 3137 1915 3176 mus
1942 3122 2008 3178 de
2033 3139 2092 3180 se
2118 3127 2479 3184 testimonium
2506 3131 2883 3203 perhibnisset,
2906 3137 3031 3206 quid
3057 3154 3161 3194 non
3185 3141 3381 3198 dicturi

1795 3213 1987 3267 erant?
2014 3213 2303 3285 Propterea
2332 3235 2503 3291 neque
2530 3223 2837 3292 praedicavit
2862 3234 2988 3283 ante
3014 3228 3185 3295 illum,
3206 3247 3379 3304 neque

1794 3302 1940 3373 signa
1963 3304 2148 3372 edidit,
2174 3306 2345 3364 donec
2371 3310 2421 3365 in
2447 3327 2718 3369 carcerem
2749 3316 2836 3371 ille
2862 3317 3187 3385 truderetur,
3209 3339 3276 3377 ne
3293 3302 3376 3379 sic

1795 3394 2078 3451 multitudo
2121 3399 2451 3456 scinderetur
2488 3404 2541 3458 in
2583 3416 2780 3473 partes.
2825 3407 3029 3466 Idcirco
3064 3413 3266 3468 nullum
3298 3415 3375 3469 si~

1792 3502 1954 3557 gnum
1988 3488 2112 3544 fecit
2146 3490 2383 3549 Joannes
2401 3535 2417 3560 ,
2444 3504 2504 3550 ut
2531 3495 2630 3552 hac
2656 3498 2861 3555 ratione
2889 3502 3277 3562 multitudinem
3306 3509 3372 3562 nd

1792 3579 1971 3635 Jesum
1997 3582 2268 3652 alliceret,
2295 3585 2419 3642 dum
2447 3589 2697 3644 miracula
2737 3592 2802 3646 ad
2842 3593 3012 3664 ipsum
3055 3598 3258 3652 turbam
3288 3608 3372 3654 at-

1793 3670 2082 3727 traherent.
2113 3673 2170 3729 Si
2199 3676 2340 3730 enim
2389 3688 2510 3748 post
2543 3689 2618 3735 tot
2647 3689 3015 3754 tantarumque
3040 3702 3217 3742 rerum
3259 3690 3373 3744 dis.

1793 3764 2154 3831 pensationem
2176 3809 2192 3833 ,
2221 3777 2275 3823 et
2302 3781 2427 3824 ante
2453 3779 2507 3825 et
2537 3781 2813 3842 postquam
2838 3774 3073 3833 Joannes
3101 3779 3152 3832 in
3192 3795 3377 3836 carce-

1791 3862 1903 3911 rem
1926 3865 2106 3914 trusus
2131 3869 2234 3926 est,
2260 3859 2503 3931 discipuli
2530 3863 2752 3918 Joannis
2778 3866 2968 3922 invidia
2996 3869 3221 3938 quadam
3245 3888 3378 3942 erga.

1788 3944 1970 4001 Jcsum
2009 3947 2138 4004 moti
2179 3950 2529 4018 ridebantur;
2559 3954 2604 4008 si
2633 3955 2783 4010 multi
2815 3972 2974 4027 porro
3011 3975 3114 4015 non
3155 3960 3324 4031 ipsum
3353 4006 3368 4028 ,

1798 4028 1893 4084 sed
1918 4027 2181 4088 Joannem
2197 4033 2475 4095 Christum
2506 4058 2628 4100 esse
2650 4046 3059 4109 arbitrabantur
3090 4074 3104 4109 :
3146 4027 3190 4112 si
3221 4062 3365 4119 nihil

1798 4118 1992 4177 horum
2023 4122 2225 4181 factum
2246 4141 2412 4194 esset,
2433 4134 2563 4203 quid
2582 4152 2689 4193 non
2722 4152 3040 4201 eventurum
3057 4162 3175 4205 erat
3194 4154 3223 4219 ?_
3242 4153 3372 4211 Ideo

1797 4214 2079 4275 Mattbaeus
2095 4220 2365 4291 significat
2381 4225 2557 4296 ipsum
2585 4246 2650 4286 eo
2664 4241 2904 4305 tempore
2926 4214 3223 4309 praedicare
3247 4263 3362 4304 ca:-

1794 4309 1960 4377 pisse,
1977 4313 2198 4369 etinitio
2215 4315 2449 4387 idipsum
2468 4322 2653 4379 docuit
2672 4330 2821 4397 quod
2841 4328 3080 4391 Joannes
3105 4340 3366 4406 praedica-

1796 4411 1966 4469 verat,
1990 4420 2091 4461 nec
2119 4408 2417 4480 quidquam
2451 4414 2518 4469 de
2540 4418 2723 4488 seipso
2755 4422 2809 4476 in
2848 4440 2946 4479 sua
2976 4429 3363 4496 praedicatione

1793 4490 2049 4561 loquitur.
2126 4495 2259 4553 Nam
2286 4505 2581 4571 optandum
2612 4520 2726 4566 erat
2759 4524 2816 4567 ut
2846 4490 2993 4572 illud-
3017 4517 3231 4575 interim
3267 4525 3365 4577 ad-

1791 4583 2117 4653 mitteretur,
2146 4591 2585 4663 quandoquidem
2613 4603 2851 4658 nondum
2877 4620 3266 4679 congruentem
3294 4615 3365 4670 de

1789 4673 1905 4745 ipso
1936 4678 2206 4736 habebant
2233 4684 2564 4754 opinionem.

1853 4766 1909 4821 2.
1932 4767 2185 4851 (Ideoque
2224 4772 2278 4827 in
2322 4775 2583 4846 principio
2625 4778 2758 4833 nihil
2796 4784 3075 4838 molestum
3113 4794 3168 4836 et
3204 4800 3383 4856 grave

1781 4846 1949 4927 dixit,
1979 4870 2036 4915 ut
2061 4861 2184 4927 ille,
2214 4878 2319 4918 non
2343 4866 2571 4921 securim
2593 4910 2609 4934 ,
2641 4884 2747 4922 non
2775 4869 2969 4939 lignum
2997 4883 3227 4941 sectum,
3260 4891 3366 4931 non

1780 4951 2156 5019 ventilabrum,
2183 4969 2363 5010 aream
2387 4958 2473 5012 vel
2513 4958 2686 5029 ignem
2727 4961 3205 5034 inexstinguibilem
3246 4984 3363 5023 me-

1779 5041 2037 5109 moravit;
2060 5044 2155 5100 sed
2175 5060 2205 5099 a
2228 5045 2380 5102 bonis
2400 5064 2576 5116 orsus,
2598 5051 2759 5106 caelos
2779 5065 3038 5108 memorat
3062 5065 3118 5110 et
3140 5072 3368 5128 regnum

1782 5132 1889 5187 illic
1915 5144 2153 5205 paratum
2180 5136 2536 5193 audientibus.
2567 5141 2652 5196 18.
2681 5141 2747 5195 Et
2772 5143 3034 5199 ambulans
3052 5146 3205 5217 juxta
3226 5166 3374 5205 mare

1783 5220 2042 5290 Galilwcc,
2074 5225 2196 5279 vidit
2222 5226 2349 5283 duos
2384 5229 2601 5298 fratres,
2639 5230 2897 5286 Simonem
2922 5236 3008 5304 qui
3032 5241 3360 5308 cognomina-

1780 5313 1929 5369 batur
1954 5315 2136 5372 Petrus
2155 5360 2171 5385 ,
2207 5328 2252 5372 et
2286 5320 2540 5377 Andream
2569 5328 2778 5393 fratrem
2806 5327 2951 5397 ejus,
2979 5331 3228 5386 mittentes
3260 5343 3364 5389 rete

1781 5409 1834 5461 in
1862 5425 2002 5464 mare
2026 5425 2047 5465 :
2070 5420 2212 5465 erant
2240 5414 2373 5466 enim
2401 5414 2694 5485 piscatores,
2727 5418 2815 5475 19.
2845 5430 2894 5474 et
2917 5422 2988 5475 ait
3012 5422 3117 5478 illis
3141 5440 3162 5479 :
3192 5423 3365 5482 Venite

1783 5510 1894 5570 post
1920 5519 2017 5563 me,
2050 5512 2097 5556 et
2126 5504 2311 5571 faciant
2337 5522 2424 5561 vos
2453 5507 2723 5577 piscatores
2751 5511 3029 5572 hominum.
3054 5517 3146 5572 20.
3178 5517 3251 5574 Hi
3271 5536 3363 5573 au-

1782 5600 1880 5643 tem
1912 5590 2101 5646 relictis
2138 5594 2323 5648 retibus
2345 5635 2361 5661 ,
2391 5598 2586 5668 sequuti
2613 5609 2729 5655 sunt
2754 5618 2890 5659 eum.
2928 5606 3087 5676 Atqui
3127 5605 3359 5665 Joannes

1781 5685 1856 5739 ait
1892 5700 1987 5740 eos
2032 5686 2139 5740 alio
2183 5690 2343 5745 modo
2379 5691 2543 5748 fuisse
2579 5704 2796 5753 vocatos
2827 5715 2840 5750 :
2868 5698 3008 5754 unde
3038 5700 3212 5769 palam
3240 5712 3322 5757 est
3344 5743 3359 5768 ,

1781 5781 1917 5836 hanc
1940 5782 2225 5838 secundam
2265 5783 2427 5841 fuisse
2456 5789 2784 5847 vocationem
2818 5808 2831 5845 :
2861 5790 3195 5863 idipsumque
3218 5809 3376 5865 δερμα
