3856 6180
483 298 587 356 219

480 406 668 464 videre
686 412 795 464 est.
818 402 894 463 lbi
919 414 1149 471 namque
1178 397 1392 463 dicitur,
1416 406 1540 454 eum
1568 394 1802 452 nondum
1827 393 2060 452 Joamies

477 500 753 570 cortjeetus
791 497 980 555 fuisset
1018 495 1071 550 in
1110 506 1414 555 carcerein,
1446 491 1591 561 ipsos
1617 488 1943 553 accessisse;
1974 486 2063 543 hic

479 608 628 658 vero,
651 600 930 660 postquam
949 586 1221 655 coniectus
1240 582 1433 639 fuerat.
1452 581 1567 638 Illic
1584 580 1826 635 Andreas
1842 579 2064 636 vocabat

479 684 695 739 l’etrum
721 681 861 745 ;.bic
899 679 1087 732 ambos
1119 676 1293 732 Jesus.
1330 674 1399 729 Et
1434 672 1665 729 Joannes
1692 671 1904 741 quidem
1941 672 2059 726 ait:

488 774 673 828 Videas
703 772 855 828 Jews
886 770 1145 827 Simonem
1171 768 1463 830 venientem,
1493 766 1622 820 dixit
1646 779 1666 818 :
1694 763 1770 818 Tu
1796 781 1850 818 es
1880 764 2062 819 Simon

478 868 617 937 ﬁlius
654 865 805 922 J0me
825 880 845 928 ;
884 874 937 919 tu
973 862 1228 916 vocaberis
1263 859 1494 931 Cephea,
1531 858 1668 928 quod
1708 858 2063 927 interpretatur

478 958 663 1013 Petrus
687 955 865 1028 (Joan.
894 957 946 1009 1.
970 954 1085 1024 42).
1107 952 1387 1008 Mal.me
1408 966 1534 1006 vero
1555 950 1650 1013 ait,
1672 950 1779 1017 jam
1803 948 1879 1003 sic
1898 946 2062 1002 fuisse

477 1057 723 1105 vocatum
754 1065 768 1102 :
809 1045 1017 1109 Videas,
1046 1045 1235 1115 inquit,
1265 1042 1549 1107 Simonem,
1571 1040 1657 1109 qui
1684 1038 1941 1094 dicebatur
1960 1036 2065 1092 Pco

482 1149 608 1196 τηις.
637 1138 742 1196 Sed
762 1139 922 1194 etiam
945 1151 973 1193 a
997 1137 1137 1202 loco,
1158 1150 1224 1190 ex
1246 1150 1353 1204 quo
1370 1132 1543 1187 vocati
1565 1140 1711 1196 sunt,
1735 1128 1874 1201 quod
1898 1130 2061 1185 etiam

479 1231 603 1285 alibi
635 1245 779 1298 saepe
815 1227 998 1282 videre
1022 1235 1104 1281 est
1131 1242 1147 1278 :
1177 1225 1301 1278 hinc
1328 1223 1492 1292 liquet
1516 1221 1676 1278 etiam
1695 1262 1713 1288 ,
1739 1221 1882 1290 quod
1911 1219 2061 1275 facile

476 1316 749 1381 obediant,
773 1324 828 1371 et
849 1313 1028 1369 omnia
1053 1312 1360 1381 relinquant
1384 1327 1398 1375 ;
1421 1310 1533 1378 jam
1557 1307 1700 1366 enim
1726 1307 1891 1377 probe
1917 1309 2061 1376 prius

480 1410 673 1464 eruditi
714 1409 943 1462 fuerant.
984 1405 1097 1460 Illic
1124 1406 1266 1460 enim
1307 1402 1588 1458 exhibetur
1613 1400 1853 1455 Andreas
1882 1400 1933 1454 in
1960 1398 2061 1453 do-

478 1518 624 1557 mum
654 1501 894 1565 veniens,
923 1511 976 1554 et
1004 1498 1169 1552 multa
1196 1494 1453 1557 audiens;
1483 1493 1568 1547 hic
1603 1502 1803 1558 autem,
1834 1505 1937 1545 uno
1963 1506 2057 1546 au-

477 1594 590 1647 dito
613 1591 797 1657 verbo,
827 1590 1003 1644 statim
1031 1586 1238 1659 sequuti
1268 1594 1411 1641 sunt.
1440 1584 1736 1639 Verisimile
1760 1581 1953 1652 quippe
1978 1590 2061 1649 est

476 1686 596 1740 illos
615 1700 732 1740 cum
755 1699 784 1736 a
812 1680 1071 1753 principio
1097 1679 1305 1750 sequuti
1336 1676 1580 1741 fuissent,
1604 1674 1851 1729 dimissos
1877 1682 2060 1743 postea

480 1781 679 1844 fuisse;
720 1795 841 1834 cum
888 1785 1065 1830 autem
1106 1773 1362 1827 vidissent
1399 1770 1656 1827 Joannem
1697 1769 1748 1822 in
1789 1782 2057 1825 carcerem

480 1889 684 1930 trusum
719 1873 881 1926 fuisse
904 1913 919 1937 ,
954 1871 1096 1937 ipsos
1125 1877 1248 1921 tunc
1280 1865 1564 1921 recessisse
1584 1905 1598 1929 ,
1631 1852 1789 1931 atque
1813 1860 1878 1915 ad
1909 1875 2058 1915 suam

478 1975 648 2020 artem
676 1963 916 2018 rediisse.
941 1960 1030 2015 Sic
1054 1961 1233 2028 itaque
1261 1956 1378 2011 illos
1404 1957 1669 2024 piscantes
1695 1953 1915 2007 invenit.
1940 1950 2060 2020 Ipse

478 2058 607 2113 vero
637 2070 809 2125 neque
846 2054 963 2107 illos
988 2067 1108 2107 cum
1139 2049 1286 2104 abire
1325 2046 1520 2101 vellent
1565 2044 1716 2119 initio
1757 2042 2058 2111 prohibuit,

481 2162 655 2220 neque
693 2161 814 2202 cum
861 2143 1204 2199 receSsissent
1243 2153 1408 2208 usque
1436 2137 1487 2190 in
1516 2136 1672 2189 finem
1696 2134 1935 2199 dimisit;
1965 2132 2060 2187 sed

479 2248 758 2310 postquam
798 2234 1053 2291 recedere
1081 2232 1325 2296 sivisset,
1356 2228 1505 2283 venit
1540 2242 1751 2281 rursum
1789 2227 1935 2297 ipsos
1972 2239 2061 2280 re-

479 2334 740 2403 petiturus
771 2350 785 2386 :
811 2329 899 2399 qui
927 2325 1170 2398 egregius
1194 2333 1276 2379 est
1304 2321 1615 2393 piscationis
1641 2318 1848 2374 modus.

550 2422 750 2481 Christo
777 2423 883 2476 sine
908 2435 1051 2473 mora
1079 2414 1540 2484 obtemperantium.
1570 2442 1643 2451 --
1671 2409 1944 2480 Perpende
1970 2425 2058 2465 au-

479 2528 587 2573 tem
616 2516 823 2571 illorum
850 2526 904 2568 et
924 2512 1082 2566 ﬁdem
1105 2519 1158 2565 et
1178 2506 1553 2564 obedientiam.
1584 2505 1787 2559 Etenim
1812 2503 1863 2558 in
1887 2501 2062 2557 medie

480 2623 647 2679 opere
672 2606 841 2676 (scitis
865 2613 1042 2659 autem
1070 2616 1227 2673 quam
1254 2598 1404 2653 avida
1431 2613 1518 2652 res
1548 2598 1616 2651 sit
1644 2595 1886 2665 piscatio)
1916 2595 2061 2649 illum

478 2700 753 2772 iubentem
782 2697 1060 2751 audientes
1080 2735 1094 2759 ,
1121 2707 1226 2747 non
1252 2689 1606 2754 distulerunt,
1632 2704 1804 2758 neque
1832 2686 2063 2741 cunetati

480 2802 605 2847 sunt
626 2809 639 2844 :
664 2806 770 2845 non
792 2790 1062 2850 dixerunt,
1087 2783 1305 2840 Reversi
1331 2782 1570 2847 domum,
1596 2781 1920 2850 propinquos
1941 2779 2065 2834 allo-

479 2897 709 2953 quemur
736 2896 752 2935 :
783 2879 876 2934 sed
915 2877 1112 2932 relictis
1153 2874 1400 2929 omnibus
1440 2872 1648 2941 sequuti
1685 2880 1840 2937 sunt,
1870 2886 2060 2942 quem-

480 2972 765 3028 admodum
801 2980 854 3025 et
894 2969 1114 3025 Elisa-us
1156 2966 1279 3021 fecit
1314 2979 1435 3020 cum
1478 2961 1617 3018 Elia.
1651 2961 1834 3017 Talem
1870 2961 2064 3034 quippe

481 3065 725 3119 Christus
751 3060 1106 3117 obedientiam
1132 3057 1321 3129 quaerit
1356 3070 1388 3111 a
1428 3054 1583 3111 nobis
1605 3097 1620 3121 ,
1646 3054 1717 3109 ita
1759 3068 1815 3109 ut
1847 3070 1914 3110 ne
1944 3070 2061 3108 mo-

482 3169 664 3214 mento
697 3154 912 3228 quidem
948 3154 1202 3222 temporis
1240 3149 1547 3205 differamus
1568 3190 1582 3211 ,
1610 3147 1818 3203 etiamsi
1845 3146 1971 3217 quid
1996 3162 2065 3202 ex

482 3247 768 3304 admodum
810 3243 1131 3301 necessariis
1169 3257 1357 3312 urgere
1384 3238 1644 3295 videatur.
1674 3236 1875 3294 idcirco
1904 3236 2063 3292 alium

482 3340 784 3397 venientem
825 3349 879 3394 et
923 3343 1195 3406 rogantem
1231 3331 1330 3387 sibi
1367 3332 1553 3387 liceret
1592 3331 1820 3401 sepelire
1858 3339 2061 3399 patrem

481 3444 659 3489 suum.
688 3444 755 3485 ne
781 3426 908 3483 illud
938 3426 1148 3495 quidem
1169 3423 1344 3478 facere
1371 3422 1630 3496 permisit,
1653 3420 1958 3484 ostendens,
1982 3435 2069 3475 se-

482 3522 678 3593 quendi
724 3508 991 3574 Christum
1035 3515 1268 3571 officium
1313 3529 1433 3569 esse
1476 3513 1724 3568 omnibus
1766 3511 2069 3567 anteferen-

482 3619 607 3672 dum
637 3614 845 3685 (Matth.
874 3612 928 3669 8.
958 3612 1020 3666 21
1054 3609 1169 3682 22).
1197 3607 1253 3665 Si
1284 3624 1411 3663 vero
1436 3606 1635 3663 dixeris
1665 3623 1680 3661 :
1710 3606 1935 3661 Maxima
1954 3611 2069 3659 erat

484 3708 769 3779 promissio
800 3726 813 3761 :
844 3704 965 3759 ideo
995 3703 1223 3758 maxime
1248 3700 1415 3755 miror
1440 3700 1580 3759 illos.
1604 3698 1746 3770 quod
1784 3712 1903 3751 cum
1937 3712 2069 3750 non-

485 3799 609 3853 dum
649 3798 859 3868 signum
896 3794 1189 3859 vidissent,
1220 3800 1379 3846 tantae
1416 3789 1755 3862 promissioni
1784 3787 1942 3843 fidem
1968 3788 2068 3842 ha-

486 3890 700 3945 buerint
721 3930 737 3953 ,
763 3897 818 3942 et
842 3887 1019 3942 omnia
1060 3883 1456 3955 postposuerint
1482 3894 1540 3937 ut
1567 3880 1838 3938 Christum
1878 3895 2069 3952 seque-

489 3992 676 4037 rentur
704 3998 717 4034 :
744 3995 864 4035 nam
894 3978 1239 4034 crediderunt
1265 3991 1324 4032 se
1352 3990 1512 4046 posse
1541 3990 1634 4045 per
1656 3972 1843 4031 eadem
1873 3973 2067 4038 verba,

487 4074 813 4146 queis‘eapti
858 4072 1101 4140 fuerant,
1146 4070 1280 4127 alios
1324 4070 1535 4139 piscari.
1581 4068 1674 4125 llis
1719 4069 1894 4140 itaque
1942 4067 2069 4125 illud

490 4167 734 4239 promisit
765 4185 779 4221 :
805 4164 1009 4221 Jacobo
1042 4172 1218 4219 autem
1243 4170 1301 4221 et
1327 4160 1520 4218 Joanni
1552 4159 1683 4215 nihil
1716 4161 1890 4217 simile
1916 4160 2068 4215 dixit.

488 4260 620 4316 Nam
651 4259 887 4330 priorum
919 4254 1266 4325 obsequentia
1296 4254 1379 4309 his
1404 4252 1543 4308 viam
1572 4252 1795 4323 paravit.
1828 4253 2071 4322 Alioquin

489 4366 618 4407 vero
638 4351 747 4420 jam
773 4348 996 4420 plurima
1021 4347 1089 4402 de
1120 4347 1235 4416 ipso
1259 4345 1555 4401 audierant.
1582 4342 1714 4401 Vide
1739 4359 1896 4416 porro
1914 4359 2071 4414 quam

491 4456 736 4501 accurate
779 4442 932 4497 nobis
971 4441 1180 4495 illorum
1221 4446 1586 4509 paupertatem
1616 4436 1830 4492 indicet.
1874 4434 2077 4490 Invenit

491 4535 635 4591 enim
665 4535 786 4590 illos
812 4532 1114 4588 reficientes
1147 4531 1280 4586 retia
1322 4547 1436 4585 sua.
1467 4528 1635 4585 Tanta
1678 4537 1795 4584 erat
1830 4538 2071 4599 egestas,

490 4635 553 4681 ut
582 4634 760 4681 vetera
787 4631 1167 4686 restaurarent,
1199 4619 1338 4691 quod
1369 4636 1472 4674 non
1499 4627 1722 4691 possent
1745 4618 1844 4672 alia
1873 4633 2071 4673 emere.

490 4719 603 4775 Nec
642 4716 859 4772 minima
901 4713 1111 4768 interim
1153 4712 1268 4766 lucc
1302 4720 1384 4767 est
1424 4711 1633 4764 virtutis
1661 4707 2074 4773 demonstratio,

491 4819 858 4884 paupertatem
893 4807 962 4861 ita
1006 4806 1159 4860 facile
1196 4804 1334 4859 ferre
1360 4846 1374 4870 ,
1401 4819 1467 4857 cx
1504 4801 1665 4871 justis
1701 4800 1968 4856 laboribus
1998 4802 2076 4853 vi-

492 4914 636 4960 ctum
663 4917 867 4974 parare,
897 4908 1075 4952 mutua
1101 4897 1323 4951 invicem
1349 4896 1569 4948 caritate
1587 4893 1851 4957 connecti,
1877 4902 2076 4962 patrem

492 5011 674 5050 secum
703 4991 919 5055 habere,
944 4989 1148 5059 ipsique
1175 4983 1435 5038 famulari.
1464 4982 1749 5054 Postquam
1777 4982 1933 5054 igitur
1959 4982 2080 5036 illos

497 5097 731 5156 piscatus
758 5086 963 5146 fuisset,
987 5092 1112 5135 tunc
1136 5081 1300 5147 caepit
1325 5076 1427 5130 illis
1456 5076 1806 5146 praesentibus
1826 5075 2079 5128 miracula

498 5180 660 5233 edere
683 5222 697 5245 ,
729 5193 927 5248 perque
956 5191 1015 5229 ea
1046 5190 1165 5243 qua:
1193 5188 1223 5226 a
1250 5169 1452 5225 Joanne
1476 5168 1543 5223 de
1573 5168 1685 5237 ipso
1713 5168 1849 5223 dicta
1875 5169 2084 5222 fuerant

500 5266 869 5322 confirmabat.
901 5267 1205 5336 Synagogas
1232 5276 1393 5332 porro
1424 5258 1811 5329 frequentabat,
1841 5257 1968 5312 hinc
1991 5257 2084 5313 Ju-

500 5360 649 5415 dacos
678 5358 874 5412 docens
897 5372 957 5413 se
984 5371 1089 5409 non
1119 5369 1238 5410 esse
1267 5353 1374 5407 Deo
1398 5351 1787 5415 adversarium,
1814 5350 1897 5404 vel
1927 5348 2084 5404 sedu-

502 5465 729 5517 ctorem,
752 5451 843 5506 sed
865 5467 987 5505 cum
1014 5449 1171 5505 Patre
1191 5448 1610 5503 consentientem
1631 5444 1929 5499 advenisse.
1950 5445 2083 5499 Cum

504 5559 680 5600 autem
710 5545 761 5598 in
792 5542 926 5597 locis
956 5550 1282 5607 versaretur,
1307 5554 1411 5594 non
1442 5535 1600 5592 modo
1627 5534 1967 5610 praedicabat,
1990 5535 2085 5592 sed

504 5638 667 5694 etiam
699 5637 848 5706 signa
878 5632 1088 5689 edebat.

577 5729 632 5787 5.
667 5727 869 5799 Ubique
894 5725 1058 5792 enim,
1090 5723 1135 5779 si
1159 5719 1370 5795 quando
1393 5735 1478 5778 res
1508 5719 1719 5778 insolita
1741 5732 1793 5779 et
1815 5723 2082 5795 inopinata

1287 283 1348 341 S.
1372 281 1651 341 JOANNIS
1683 278 2158 339 CHRYSOSTOMI
2194 280 2507 338 ARCIIIEP.
2546 276 3078 341 CONSTANTINOP.

3631 293 3730 351 ΞΗ)

2165 394 2403 460 accidat,
2436 396 2483 451 si
2524 411 2719 452 novum
2758 397 3038 453 inducatur
3074 398 3197 454 vitae
3233 400 3523 457 institutum
3545 444 3560 468 ,
3588 405 3725 477 signa

2166 485 2302 540 solet
2329 487 2469 543 Deus
2495 487 2672 544 facere
2689 531 2705 556 ,
2736 490 2987 559 potentiae
3016 504 3129 546 suae
3157 490 3372 561 pignora
3411 496 3644 563 praebens
3666 500 3726 555 iis

2165 576 2256 647 qui
2295 577 2439 648 leges
2467 580 2762 649 suscepturi
2791 589 2935 635 sunt.
2975 580 3064 637 Sic
3100 582 3277 651 itaque
3314 596 3435 639 curn
3473 584 3726 644 hominem

2165 667 2399 723 facturus
2426 680 2542 724 erat
2561 711 2579 735 ,
2612 670 2865 726 mundum
2904 680 3075 726 totum
3106 672 3306 727 ereavit
3325 713 3340 736 ,
3372 684 3596 745 tuncque
3627 676 3722 747 ipsi

2165 758 2335 829 legem
2379 761 2520 816 illam
2544 763 2562 794 ί
2598 764 2651 817 in
2696 763 2939 832 paradiso
2975 764 3142 819 dedit.
3179 764 3244 820 Et
3279 780 3400 822 cum
3439 766 3563 824 Nec
3594 769 3728 841 leges

2167 852 2433 919 positurus
2459 863 2595 919 erat,
2624 869 2813 923 magna
2841 871 3053 911 rursum
3080 856 3324 913 exhibuit
3351 859 3613 926 miracula,
3640 878 3726 933 per

2166 958 2285 1012 qua:
2314 952 2476 998 totam
2503 949 2819 1000 restauravit
2841 957 3161 1015 creaturam,
3183 960 3238 1005 ct
3262 950 3580 1007 horrendum
3608 955 3723 1012 illud

2164 1035 2382 1105 pelagus
2412 1052 2506 1107 per
2528 1054 2725 1094 annum
2758 1050 2922 1095 totum
2958 1041 3200 1107 obtinere
3227 1046 3466 1112 curavit,
3497 1062 3588 1118 per
3611 1034 3719 1119 qum

2165 1125 2328 1179 etiam
2371 1126 2572 1196 justum
2625 1130 2773 1184 illum
2828 1131 2881 1185 in
2933 1141 3076 1187 tanta
3128 1142 3445 1203 tempestate
3487 1143 3718 1199 servavit.

2167 1218 2394 1272 Abrahre
2420 1236 2633 1287 quoque
2662 1224 2828 1277 multa
2872 1225 3021 1294 signa
3063 1226 3344 1294 prmatitit;
3373 1230 3516 1284 verbi
3545 1246 3689 1289 causa
3707 1275 3721 1297 ,

2169 1311 2443 1366 victoriam
2471 1313 2522 1366 in
2550 1314 2712 1381 bello,
2743 1316 2949 1386 plagam
2977 1310 3239 1373 Pharaoni
3270 1320 3574 1389 immissum,
3598 1339 3626 1379 a
3650 1342 3725 1395 pe-

2165 1402 2345 1458 riculis
2379 1405 2726 1473 ereptionem.
2758 1404 3000 1478 Cumque
3040 1409 3239 1464 Judaais
3276 1410 3421 1481 leges
3453 1421 3722 1471 statuturos

2163 1502 2325 1558 esset,
2356 1492 2606 1548 miracula
2635 1495 2721 1548 illa
2753 1494 2898 1559 fecit,
2925 1506 2981 1550 ct
3005 1498 3244 1569 prodigia
3284 1516 3492 1571 magna,
3519 1511 3723 1574 tuncque

2165 1582 2336 1654 legem
2368 1583 2532 1638 dedit.
2560 1584 2634 1640 ita
2666 1595 2718 1641 et
2743 1602 2885 1644 nunc
2910 1588 3179 1644 excelsum
3215 1591 3497 1662 quodpiam
3527 1593 3722 1651 institu-

2165 1685 2274 1731 tum
2318 1677 2632 1732 inducturus
2652 1719 2667 1742 ,
2699 1694 2866 1748 eaque
2899 1680 3137 1735 dicturus
3177 1681 3281 1737 illis
3306 1699 3424 1755 quae
3457 1700 3723 1756 numquam

2163 1770 2477 1836 audierant,
2501 1772 2818 1825 mirabilium
2841 1774 3151 1840 Operatioue
3169 1773 3307 1829 dicta
3330 1790 3421 1830 Sua
3442 1777 3720 1835 continuat.

2164 1860 2425 1928 Quoniam
2450 1862 2592 1916 enim
2622 1878 2839 1932 regnum
2870 1862 3015 1921 illud.
3040 1863 3181 1932 quod
3209 1865 3603 1934 praedicabatur,
3626 1885 3721 1923 non

2163 1952 2485 2020 apparebat,
2523 1967 2591 2007 ex
2632 1952 2695 2006 iis
2732 1969 2852 2023 qua:
2898 1954 2997 2008 sub
3043 1966 3315 2024 aspectum
3363 1958 3638 2024 cadebant,
3678 1961 3723 2014 id

2164 2044 2303 2112 quod
2340 2044 2606 2098 occultum
2642 2055 2756 2098 erat
2796 2044 3128 2101 tnauifestum
3174 2049 3318 2102 fecit.
3352 2047 3419 2105 Et
3458 2049 3571 2104 vide
3609 2052 3723 2107 milii

2164 2143 2420 2203 quantum
2464 2136 2730 2205 superﬂua
2769 2137 2899 2190 vitet
2937 2139 3301 2206 evangelisra,
3338 2140 3595 2210 quomodo
3628 2159 3720 2196 non

2165 2224 2404 2295 singulos
2448 2240 2632 2281 eorum
2677 2227 2765 2296 qui
2813 2229 2983 2282 sanati
3026 2239 3150 2283 sunt
3196 2244 3604 2293 commemoret,
3640 2235 3723 2288 scd

2166 2318 2312 2371 brevi
2335 2333 2580 2372 sermone
2602 2319 2879 2372 imtumera
2901 2318 3046 2387 signa
3072 2331 3465 2387 praetercurrat.
3484 2320 3603 2375 Nam
3623 2323 3719 2379 ait:

2165 2406 2256 2462 24.
2293 2407 2591 2462 Obtuierunt
2620 2409 2663 2462 ei
2693 2425 2863 2463 omnes
2893 2409 3024 2463 male
3051 2410 3285 2463 habentes
3309 2412 3457 2464 variis
3485 2412 3719 2481 fatigatori-

2167 2499 2258 2553 bus
2277 2540 2292 2566 ,
2317 2507 2363 2553 et
2394 2501 2651 2553 tenuantis
2675 2511 2930 2570 correptos
2948 2542 2962 2564 ,
2992 2501 3245 2554 daemonia
3268 2501 3498 2556 habentes
3515 2544 3527 2561 ,
3555 2500 3719 2556 lunati-

2166 2610 2270 2656 cos,
2290 2592 2613 2664 paralyticos,
2637 2602 2681 2646 et
2697 2595 2891 2647 sanavit
2912 2610 3016 2652 eos.
3036 2592 3235 2648 Verum
3257 2594 3323 2648 ab
3346 2593 3432 2648 illo
3449 2594 3720 2666 inquiritur.

2166 2698 2262 2739 cur
2287 2700 2318 2737 a
2344 2683 2490 2738 nullo
2514 2699 2697 2738 eorum
2732 2683 2886 2739 fidem
2913 2685 3124 2753 exegit?
3151 2684 3336 2754 Neque
3361 2686 3498 2739 enim
3517 2686 3656 2751 dixit,
3678 2684 3723 2739 id

2166 2775 2308 2846 quod
2350 2785 2532 2844 postea
2573 2775 2772 2830 dixisse
2809 2785 3057 2829 narratur
3086 2794 3099 2829 :
3125 2776 3358 2830 Creditis
3386 2792 3470 2831 me
3509 2775 3623 2833 illud
3658 2774 3723 2829 fa-

2167 2882 2289 2921 cere
2328 2881 2483 2935 posse
2512 2865 2735 2939 (Matth.
2765 2866 2818 2922 9.
2858 2866 3010 2938 28)?
3042 2867 3165 2937 quia
3203 2868 3440 2922 ltOttdtJlll
3480 2867 3726 2938 potestatis

2167 2976 2276 3016 sum
2299 2962 2615 3016 documenta
2646 2960 2884 3015 dederat.
2912 2961 3158 3030 Alioquin
3186 2975 3319 3017 vero
3342 2976 3407 3017 ex
3434 2975 3497 3016 eo
3516 2959 3643 3030 quod
3665 2957 3723 3016 ad

2170 3070 2292 3108 cum
2322 3054 2675 3116 accederent,
2706 3052 2947 3122 aliosque
2974 3052 3324 3115 inducerent,
3356 3068 3458 3106 non
3488 3051 3723 3107 modicam

2168 3143 2492 3200 exhibebant
2528 3143 2705 3198 ﬁdem.
2751 3142 2880 3197 Nam
2921 3159 2987 3198 ex
3026 3142 3320 3214 longinquo
3357 3158 3521 3215 δἐι-ωε
3552 3142 3725 3199 affere-

2168 3234 2330 3299 bant,
2362 3251 2465 3290 non
2492 3234 2731 3297 allaturl,
2766 3234 2866 3288 nisi
2898 3250 3141 3303 magnam
3168 3233 3239 3289 de
3271 3235 3357 3289 illo
3385 3234 3725 3305 conci-pissent

2168 3328 2492 3396 opinionem.
2520 3326 2588 3380 Et
2610 3341 2706 3381 nos
2730 3340 2939 3395 quoque
2960 3326 3105 3379 illum
3133 3341 3419 3395 sequamur
3442 3344 3455 3380 :
3479 3342 3590 3381 nant
3611 3325 3725 3379 mul-

2175 3422 2241 3474 tis
2267 3420 2428 3474 animi
2457 3418 2656 3473 morbis
2682 3419 3004 3483 laboramus,
3038 3429 3091 3472 et
3117 3416 3215 3471 hos
3244 3418 3332 3472 ille
3360 3418 3608 3489 prmi-ipue
3629 3416 3726 3471 vult

2171 3529 2379 3567 curare.
2411 3511 2533 3567 ldeo
2556 3514 2696 3566 enim
2729 3511 2824 3575 illa,
2849 3512 2982 3564 mala
3008 3521 3181 3576 curat,
3214 3521 3270 3565 ut
3296 3511 3409 3565 inec
3433 3510 3644 3581 expellat
3668 3524 3723 3565 ex

2170 3604 2449 3658 animabus
2477 3603 2692 3657 uestris.
2722 3601 3049 3656 Accedamus
3078 3602 3237 3671 igitur
3259 3602 3323 3656 ad
3354 3618 3493 3663 eum,
3517 3599 3726 3671 nihilque

2164 3698 2423 3757 suculam
2453 3704 2692 3765 petamus
2712 3736 2726 3757 ,
2755 3695 2847 3749 sed
2875 3695 3241 3749 remissionem
3275 3704 3594 3766 peccaturum
3623 3700 3725 3748 :et-

2173 3792 2315 3847 enim
2340 3789 2498 3843 etiam
2528 3802 2666 3842 nunc
2688 3787 2795 3850 dat,
2821 3788 2865 3841 si
2886 3786 3166 3855 diligenter
3185 3801 3420 3856 agamus.
3438 3785 3580 3839 'func
3597 3784 3721 3840 enim

2175 3880 2227 3934 in
2268 3879 2477 3952 Syriam
2517 3877 2632 3946 ejus
2672 3879 2808 3931 fama
2838 3876 3074 3940 volarat;
3109 3891 3251 3930 uiroc
3282 3891 3410 3931 vero
3452 3890 3541 3945 per
3578 3881 3727 3927 totum

2173 3972 2377 4026 urbem.
2413 3971 2478 4025 Et
2516 3969 2586 4023 illi
2625 3968 2835 4039 quidem
2866 3967 3140 4022 audientes
3163 4010 3179 4033 ,
3210 3968 3380 4038 ipsum
3407 3966 3729 4021 da-moniacos

2174 4062 2466 4126 curavisse,
2496 4059 2888 4115 concurrebant
2918 4075 2932 4111 :
2963 4068 3016 4113 tu
3040 4074 3167 4112 vero
3197 4059 3362 4113 multo
3389 4056 3625 4127 majorem
3647 4070 3727 4126 po-

2177 4155 2379 4211 teSIatis
2423 4153 2588 4221 ipsius
2627 4151 3007 4221 experientiam
3049 4160 3235 4206 nactus
3272 4167 3374 4204 non
3415 4150 3607 4220 surgis,
3638 4162 3726 4200 non

2175 4245 2379 4302 curris?
2402 4244 2507 4300 Sed
2537 4243 2608 4297 illi
2636 4243 2846 4314 quidem
2871 4252 2920 4296 et
2950 4242 3175 4314 patriam
3208 4241 3530 4309 reliquerunt
3551 4248 3601 4293 et
3621 4235 3729 4290 ami-

2175 4352 2268 4393 ρος
2297 4346 2351 4391 et
2381 4347 2667 4406 cognatos;
2697 4343 2749 4388 tu
2777 4348 2904 4388 vero
2930 4349 2995 4387 ne
3034 4333 3196 4387 domo
3234 4332 3443 4402 quidem
3467 4332 3603 4387 exire
3629 4343 3729 4383 sus-

2179 4431 2320 4485 tines
2338 4471 2353 4492 ,
2380 4439 2438 4483 ut
2464 4427 2687 4482 accedas
2710 4467 2724 4490 ,
2751 4435 2804 4480 et
2830 4426 2983 4493 longe
3009 4424 3226 4478 meliora
3251 4420 3616 4495 Consequaris?
3634 4418 3732 4475 imo

2178 4537 2283 4577 non
2313 4521 2414 4574 hoc
2437 4536 2465 4572 a
2496 4529 2547 4573 te
2568 4517 2951 4588 postulamus;
2980 4515 3080 4569 sed-
3113 4517 3304 4569 malam
3344 4515 3511 4569 solum
3546 4511 3731 4580 depono

2179 4608 2646 4672 consuetudinem,
2686 4615 2740 4662 et
2771 4606 2914 4661 domi
2956 4621 3179 4660 manens
3221 4621 3342 4659 cum
3391 4604 3489 4658 tuis
3530 4601 3730 4655 salutem

2181 4701 2332 4757 facile
2370 4698 2620 4768 consequi
2662 4697 2877 4768 poteris.
2905 4695 3021 4751 Jam
3054 4711 3181 4751 vero
3210 4695 3254 4749 si
3293 4694 3478 4749 morbo
3501 4704 3731 4760 corporeo

2181 4793 2486 4848 laboremus
2505 4832 2520 4854 ,
2551 4789 2728 4842 omnia
2768 4785 2986 4843 facimus
3005 4829 3020 4852 ,
3050 4787 3232 4841 omnia
3269 4798 3573 4847 movemus,
3603 4788 3653 4834 ut
3676 4778 3734 4831 ab

2182 4886 2273 4939 illa
2300 4882 2540 4938 molestia
2564 4897 2813 4946 eruamur
2836 4899 2849 4935 :
2871 4880 3046 4933 anima
3071 4894 3198 4933 vero
3221 4888 3399 4933 nostra
3430 4875 3562 4932 male
3580 4887 3635 4927 se
3656 4871 3735 4923 lia-

2182 4976 2342 5030 Lente
2363 5017 2377 5040 ,
2409 4984 2724 5027 cunctamur
2758 4980 2813 5026 et
2854 4970 3162 5041 refugimus.
3202 4969 3325 5025 'di'O
3362 4981 3529 5038 neque
3556 4964 3618 5018 ab
3646 4960 3737 5015 illis

2183 5066 2510 5129 liberamur;
2557 5065 2804 5134 quoniam
2846 5078 2964 5131 qua:
3006 5063 3300 5117 necessaria
3346 5070 3497 5125 sunt,
3539 5053 3735 5113 minoris

2185 5160 2437 5215 momenti
2460 5150 2705 5218 facimus,
2733 5172 2852 5226 quae
2875 5172 3004 5211 vero
3033 5155 3253 5210 minoris
3280 5152 3549 5217 momenti,
3572 5161 3735 5204 neces-

2185 5253 2323 5306 saria
2367 5251 2610 5304 ducimus
2643 5268 2655 5303 :
2689 5258 2741 5301 et
2787 5248 3046 5301 malorum
3091 5246 3234 5301 fonte
3270 5246 3487 5300 dimisso
3511 5284 3526 5307 ,
3563 5238 3736 5295 rivulos

2190 5359 2413 5413 purgare
2440 5342 2701 5395 volumus.
2725 5340 2876 5408 Quod
2906 5341 3045 5394 enim
3072 5338 3381 5393 morborum
3403 5333 3629 5405 corporis
3646 5328 3735 5383 ani—

2190 5452 2290 5488 tua:
2319 5434 2616 5502 malignitas
2644 5448 2804 5489 causa
2835 5432 2925 5497 sit,
2957 5431 3278 5505 paralyticos
3304 5430 3394 5487 ille
3418 5427 3613 5499 triginta
3630 5429 3737 5477 οειο

2191 5542 2453 5582 annorum
2486 5526 2679 5594 (Joan.
2711 5526 2812 5593 5),
2850 5524 2939 5579 ille
2974 5524 3110 5580 alius
3147 5538 3245 5593 per
3280 5530 3474 5579 tectum
3503 5514 3739 5572 demissa!

2191 5616 2365 5687 (ικτι
2382 5617 2588 5689 5).ante
2605 5620 2725 5675 illos
2758 5632 2881 5672 vero
2904 5611 3034 5671 Cain
3060 5612 3443 5671 demonstravit
3473 5614 3737 5677 :stepeque

2260 5732 2275 5762 ι
2312 5728 2501 5788 Quidam
2518 5734 2646 5790 uss,
2672 5733 2871 5792 tuncque
2890 5727 2983 5792 ipsi
3002 5724 3233 5778 naiadum
3254 5722 3412 5787 illum;
3434 5718 3728 5859 minus???
3816 5788 3817 5791 η

3722 5876 3745 5929 ’κ
