3872 6288
424 290 528 345 ﬁl

427 403 488 457 δέ
517 398 693 471 ψυχῆς
743 395 900 467 ήμῶν
953 397 1138 461 κακῶς
1167 396 1534 468 διακειμένης,
1585 391 1847 465 μέλλομεν
1900 397 1996 446 1:01

430 481 788 552 ἀναδυόμεθα.
820 480 918 534 Διὰ
938 480 1092 533 τοῦτο
1119 481 1240 534 οὐδὲ
1272 480 1492 533 ἐκείνων
1519 475 1992 546 ἁπαλλασσόμεθα·

429 567 618 637 ἐπειδὴ
649 565 717 618 τά
750 565 847 634 μὲν
878 565 1150 630 ἀναγκαῖα
1193 565 1326 634 ἡμῖν
1377 562 1626 632 πάρεργα
1658 559 1887 628 γίνεται,
1929 559 1997 613 :0

428 650 484 704 δὲ
510 649 759 720 πάρεργα
797 647 1098 710 ἀναγκαῖα·
1156 647 1249 698 1:01
1295 645 1392 716 τὴν
1425 643 1604 713 πηγὴν
1653 641 1761 694 τῶν
1811 641 1997 695 κακῶν

428 733 677 803 ἀφέντες,
712 733 836 794 τούς
885 731 1091 802 ῥύακας
1143 729 1490 800 ἐκκαθαίρειν
1549 727 1826 797 ἐθέλομεν.
1873 727 1997 778 Ὅτι

428 821 536 887 γάρ
561 816 667 868 τῶν
705 816 761 868 ἐν
785 813 863 885 τῷ
891 813 1102 883 σώματι
1139 813 1325 867 κακῶν
1361 815 1394 884 ή
1435 810 1665 882 πονηρία
1696 813 1794 881 τῆς
1821 809 1998 880 ψυχῆς

429 902 596 964 αίτία,
631 901 724 977 1:01
750 901 778 952 0
805 897 1240 969 παραλελυμένος
1267 898 1559 968 τριάκοντα
1588 897 1682 949 1:01
1701 895 1844 948 όκτώ
1878 896 1994 963 ἔτη,

429 987 524 1040 1:01
548 987 577 1038 0
595 985 684 1037 6:0
706 983 798 1036 :06
826 984 1048 1050 στέγους
1073 981 1380 1052 χαλασθεὶς,
1409 981 1503 1033 καὶ
1545 981 1652 1049 πρὸ
1688 978 1890 1031 τούτων
1939 977 1998 1030 δέ

426 1071 457 1122 ό
491 1069 630 1123 Κάῖν
661 1067 895 1139 ἐδήλωσε
924 1084 938 1097 ο
973 1069 1066 1120 καὶ
1105 1065 1431 1136 πολλαχόθεν
1455 1064 1513 1116 δέ
1555 1063 1817 1133 ἑτέρωθεν
1840 1061 1998 1116 τοῦτο

427 1151 494 1206 ἄν
529 1169 611 1214 τις
634 1150 838 1204 κατίδοι
878 1151 943 1208 ³⁸.
983 1149 1287 1220 ’Δνέλωμεν
1329 1149 1504 1200 τοίνυν
1535 1147 1643 1199 τῶν
1686 1145 1871 1198 κακῶν
1898 1145 1997 1216 τὴν

428 1241 635 1311 πηγὴν,
667 1239 759 1291 1:01
796 1238 972 1292 πάντα
1004 1239 1255 1308 στήσεται
1280 1236 1388 1289 τῶν
1415 1235 1734 1306 νοσημάτων
1765 1234 1835 1286 τὰ
1873 1231 1997 1304 ῥεύ-

431 1341 597 1395 ματα.
631 1324 706 1375 υύ
736 1322 845 1393 γάρ
875 1321 936 1374 :0
963 1320 1364 1392 παραλελύσθαι
1395 1319 1551 1388 μόνον
1581 1318 1812 1388 νόσημα,
1863 1315 1999 1368 0110

427 1410 521 1461 1:01
550 1407 608 1460 :0
643 1404 973 1476 ἁμαρτάνειν
994 1421 1007 1433 ·
1042 1404 1136 1456 1:01
1171 1403 1328 1456 :06:0
1359 1401 1558 1472 μᾶλλον
1591 1401 1624 1472 ἢ
1659 1402 1855 1458 ἐκεῖνο,
1888 1400 1998 1469 ὅσῳ

427 1491 521 1546 1:01
576 1491 720 1561 ψυχὴ
775 1486 1024 1558 σώματος
1069 1487 1325 1556 ἀμείνων.
1385 1484 1772 1556 Προσέλθωμεν
1819 1483 1996 1535 τοίνυν

426 1573 576 1645 αὐτῷ
608 1574 698 1627 1:01
721 1571 835 1638 νῦν,
864 1571 1329 1643 παρακαλέσωμεν
1357 1570 1399 1600 ³⁵⁷
1437 1569 1524 1622 ἵνα
1554 1569 1754 1640 σφίγξῃ
1779 1567 1876 1637 τὴν
1896 1567 1998 1636 ψυ-

425 1658 525 1729 χὴν
551 1657 704 1729 ήμῶν
734 1654 1196 1726 παραλελυμένην,
1246 1653 1339 1706 1:01
1389 1654 1456 1705 τά
1501 1653 1727 1722 βιωτικά
1767 1649 1997 1718 ἀφέντες

425 1744 603 1796 πάντα
639 1741 748 1794 τῶν
781 1741 826 1771 ³³
854 1738 1236 1808 πνευματικῶν
1289 1737 1444 1808 μόνον
1489 1733 1769 1804 ποιώμεθα
1818 1733 1992 1800 λόγον,

425 1826 489 1880 Εἰ
507 1826 564 1879 δὲ
592 1825 685 1878 1:01
707 1825 907 1878 τούτων
927 1824 1145 1896 ἀντέχῃ,
1179 1824 1295 1893 μετ’
1321 1822 1502 1873 ἐκεῖνα
1529 1819 1705 1871 αὐτῶν
1725 1817 1993 1888 φρόντιζε.

425 1910 564 1981 Μηδ’
593 1911 638 1942 ³⁸
666 1911 746 1962 ὃτι
780 1908 877 1961 οὐκ
899 1908 1082 1976 ἀλγεῖς
1115 1906 1444 1976 ἁμαρτάνων
1481 1903 1827 1974 καταφρόνει,
1860 1901 1994 1957 άλλά

423 1994 493 2047 δι’
518 1993 646 2046 αὐτὸ
676 1995 774 2064 μὲν
807 1988 898 2046 οῦν
919 1990 1076 2044 τοῦτο
1113 1991 1343 2061 μάλιστα
1384 1988 1653 2055 στέναξον,
1684 1988 1870 2058 ἐπειδὴ
1897 1987 1997 2042 οὐκ

425 2076 655 2148 αἰσθάνῃ
687 2076 786 2146 τῆς
831 2075 1023 2144 ὀδύνης
1064 2074 1170 2127 τῶν
1221 2072 1722 2143 πλημμελημάτων.
1765 2071 1839 2123 Ού
1886 2071 1996 2142 γάρ

424 2161 576 2228 παρὰ
615 2162 674 2212 τὸ
735 2159 809 2230 μή
845 2159 1060 2213 δάκνειν
1108 2158 1206 2229 τὴν
1245 2157 1517 2226 ἁμαρτίαν
1577 2153 1735 2207 τοῦτο
1765 2155 1993 2222 γίνεται,

423 2244 561 2296 ἀλλα
592 2244 744 2314 παρά
794 2243 856 2295 :0
899 2241 1221 2310 ἀναίσθητον
1264 2237 1402 2292 εἰναι
1436 2241 1535 2308 τὴν
1572 2236 1998 2308 πλημμελοῦσαν

424 2327 624 2396 ψυχήν.
671 2325 948 2394 Ἐννόησον
989 2323 1116 2392 γοῦν
1152 2328 1275 2384 τους
1323 2321 1742 2390 αἰσθανομένους
1768 2321 1875 2372 τῶν
1912 2321 1993 2371 0f.-

426 2410 587 2462 κείων
615 2409 1044 2480 ἁμαρτημάτων,
1080 2407 1195 2470 πῶς
1218 2405 1324 2459 τῶν
1361 2403 1706 2475 τεμνομένων
1733 2403 1825 2455 καὶ
1842 2419 1993 2456 καιοο

427 2496 602 2565 μένων
625 2495 939 2566 πικρότερον
971 2491 1299 2556 όλολύζουσι,
1336 2490 1475 2542 πόσα
1504 2487 1816 2559 πράττουσι,
1855 2487 1995 2539 πόσα

425 2579 708 2649 πάσχουσι.
737 2579 877 2632 πόσα
894 2576 1146 2631 πενθοῦσι
1163 2576 1256 2629 1:01
1283 2572 1729 2646 ὀδύρονται,ὦστε
1750 2570 1994 2624 ἀπαλλα-

423 2666 583 2734 γῆναι
627 2661 719 2715 τοῦ
754 2663 987 2732 πονηροῦ
1025 2661 1348 2723 συνειδότοςο
1384 2661 1518 2729 ὅπερ
1559 2657 1658 2710 οὐκ
1703 2656 1769 2710 ἂν
1811 2656 1996 2728 ἐποίη-

423 2764 542 2814 σαν,
571 2749 619 2800 εί
657 2747 730 2818 μὴ
766 2747 968 2818 σφόδρα
989 2744 1184 2817 ἤλγουν
1214 2743 1350 2798 κατά
1376 2743 1573 2814 ψυχήν.

492 2899 556 2952 δ’.
586 2898 658 2950 Τὸ
693 2897 790 2968 μὲν
813 2889 905 2951 οὖν
930 2896 1172 2968 ἄμεινον.
1207 2895 1269 2948 :0
1303 2895 1437 2966 μηδὲ
1474 2894 1607 2958 ὂλως
1629 2881 1990 2966 ἁμαρτάνεινο

422 2987 483 3040 :0
521 2985 574 3036 δὲ
615 2985 728 3054 μετ’
758 2984 932 3036 ἐκεῖνο
952 3023 967 3048 ,
1001 2981 1060 3036 :0
1087 2981 1498 3053 ἁμαρτάνοντας
1528 2979 1872 3033 αίσθάνεσθαι
1901 2980 1994 3033 καὶ

421 3066 780 3140 διορθοῦσθαι.
817 3067 879 3119 Εἰ
904 3065 960 3118 δέ
995 3064 1069 3136 μὴ
1095 3064 1252 3118 τοῦτο
1281 3063 1516 3134 ἔχοιμεν.
1553 3063 1669 3126 πῶς
1689 3062 1994 3133 δεησόμεθα

421 3152 515 3206 τοῦ
538 3149 692 3214 Θεοῦ,
726 3151 819 3204 καὶ
840 3150 1032 3218 ἄφεσιν
1076 3147 1412 3217 αἰτησόμεθα
1461 3147 1890 3217 ἁμαρτημάτων,
1941 3148 1991 3198 οί

421 3233 624 3288 τούτων
660 3233 861 3304 μηδένα
902 3231 1211 3301 ποιούμενοι
1241 3230 1432 3299 λόγον;
1461 3231 1628 3283 Ὅταν
1650 3229 1758 3300 709
1790 3230 1854 3282 σύ
1895 3231 1994 3284 αύ-

421 3319 513 3382 τδς
533 3321 562 3372 ό
586 3315 1062 3389 πεπλημμεληκώς
1097 3315 1229 3386 μηδέ
1257 3315 1384 3368 αὐτὸ
1414 3315 1590 3379 τοῦτο,
1613 3315 1694 3368 ὅτι
1719 3316 1932 3385 ἥμαρτε
1943 3333 1990 3378 ς,

422 3401 618 3455 εἰδέναι
657 3401 842 3472 ἐθέλῃς
869 3442 884 3461 ,
917 3400 1055 3470 ὑπὲρ
1103 3399 1271 3450 ποίων
1316 3399 1717 3468 παρακαλέσεις
1740 3399 1829 3451 τὸν
1860 3398 1991 3450 Θεὸν

422 3485 938 3558 πλημμελημάτων;
971 3484 1111 3554 ὐπέρ
1140 3478 1214 3536 ὧν
1239 3483 1339 3536 οὐκ
1363 3479 1546 3547 οἷδαςς
1584 3482 1678 3536 1:01
1721 3481 1838 3546 πῶς
1870 3484 1990 3555 εἴσῃ

419 3571 519 3641 τῆς
548 3569 865 3641 εὐεργεσίας
892 3568 950 3621 :0
976 3566 1202 3638 μέγεθος
1221 3583 1236 3628 ;
1255 3567 1388 3619 Εἰπέ
1405 3567 1580 3619 τοίνυν
1602 3582 1695 3619 σου
1717 3567 1785 3620 :0
1813 3565 1992 3635 πλημ-

425 3654 715 3724 μελήματα
771 3651 888 3705 κατ’
922 3647 1079 3715 εἶδος,
1139 3651 1226 3704 ἵνα
1256 3649 1433 3722 μάθῃς
1483 3649 1645 3703 τίνων
1700 3649 1991 3719 λαμϐάνεις

424 3736 788 3807 συγχώρησιν,
823 3735 888 3787 ἵν’
908 3733 1081 3796 οὓτως
1103 3731 1397 3804 εὐγνώμων
1423 3732 1554 3803 γένῃ
1576 3732 1703 3804 περὶ
1728 3732 1816 3784 τὸν
1839 3733 1992 3802 εὐερ-

421 3817 610 3886 γέτην.
643 3819 715 3870 Σὺ
743 3817 798 3869 δὲ
848 3816 1133 3888 ἄνθρωπον
1166 3817 1262 3886 μὲν
1311 3815 1647 3886 παροξύνων,
1682 3815 1778 3868 1:01
1806 3813 1993 3882 φίλους

423 3902 516 3955 καὶ
547 3901 794 3968 γείτονας
828 3902 920 3952 1:01
945 3899 1224 3972 θυρωροὺς
1248 3899 1598 3970 παρακαλεῖς,
1615 3899 1709 3951 1:01
1735 3899 1992 3968 χρήματα

421 3983 687 4054 δαπανᾷς,
715 3983 810 4035 καὶ
835 3981 1036 4046 πολλάς
1066 3981 1375 4044 ἀναλίσκεις
1393 3981 1604 4052 ἡμέρας
1635 3980 1874 4053 προσιών
1897 3981 1992 4033 καὶ

421 4066 693 4137 δεόμενος.
723 4066 826 4119 κᾶν
858 4065 1025 4129 ἅπαξ,
1058 4064 1161 4118 κᾶν
1189 4065 1302 4129 61;,
1337 4063 1440 4118 κᾶν
1475 4064 1732 4135 μυριάκις
1780 4079 1840 4116 σε
1873 4063 1991 4115 δια-

423 4149 720 4223 κρούσηται
754 4150 782 4202 ό
817 4146 1170 4218 παροξυνθεὶς
1195 4186 1210 4210 ,
1242 4149 1342 4200 οὐκ
1376 4148 1730 4213 ἁναπίπτεις,
1764 4146 1877 4199 ἀλλ’
1907 4148 1991 4198 ἐν·

421 4232 654 4303 αγώνιος
682 4232 880 4304 μᾶλλον
908 4231 1212 4300 γενόμενος.
1238 4230 1452 4283 πλείονα
1481 4230 1578 4301 τὴν
1609 4231 1886 4301 ἱκετηρίαν
1913 4229 1992 4281 τί-

425 4316 524 4388 θης
555 4317 600 4348 ⁵⁸
618 4332 634 4348 ·
659 4315 751 4368 τοῦ
777 4315 834 4369 δὲ
858 4314 964 4367 τῶν
995 4312 1145 4386 [185]
1185 4313 1320 4367 ὅλων
1345 4313 1480 4367 Θεοῦ
1531 4312 1988 4386 παροξυνομένου,

421 4398 780 4472 χασμώμεθα,
827 4399 921 4452 1:01
972 4399 1368 4467 άναπίπτομεν,
1421 4397 1513 4451 1:01
1541 4398 1853 4470 τρυφῶμεν,
1897 4397 1991 4450 καὶ

424 4482 717 4553 μεθύομεν,
755 4483 846 4535 1:01
869 4482 937 4535 :0
967 4481 1108 4535 1:0:0
1135 4481 1418 4551 συνήθειαν
1453 4481 1629 4535 πάντα
1657 4483 1988 4554 πράττομεν.

423 4567 534 4622 Καὶ
565 4567 694 4619 πότε
724 4567 884 4620 αὐτὸν
911 4565 1250 4636 δυνησόμεθα
1292 4567 1448 4618 ἵλεων
1495 4566 1748 4636 ποιῆσαι;
1786 4564 1901 4627 πῶς
1933 4564 1991 4617 δέ

423 4651 524 4704 οὐκ
551 4649 699 4720 αὐτῷ
739 4648 910 4721 τούτῳ
962 4649 1220 4718 μειζόνως
1269 4649 1712 4721 παροξυνοῦμενς
1749 4648 1854 4702 Τοῦ
1884 4650 1991 4720 709

424 4734 757 4806 ἁμαρτάνειν
794 4733 853 4787 :0
904 4733 1037 4805 μηδέ
1087 4733 1271 4802 ἀλγεῖν
1325 4734 1737 4804 ἁμαρτάνοντας
1791 4734 1990 4804 μᾶλλον

425 4820 752 4890 ἀγανακτεῖν
779 4819 940 4872 αὐτὸν
992 4820 1135 4871 ποιεῖ
1161 4823 1253 4870 καὶ
1280 4817 1610 4888 ὀργίζεσθαι.
1668 4818 1866 4889 Διόπερ
1909 4819 1990 4882 είς

424 4905 598 4975 αὐτὴν
635 4901 818 4956 λοιπὸν
843 4901 988 4967 άξιον
1017 4900 1310 4954 καταδῦναι
1341 4902 1438 4972 τὴν
1464 4905 1587 4972 γῆν,
1615 4903 1709 4956 καὶ
1737 4902 1871 4973 μηδέ
1901 4902 1992 4954 τὸν

424 4988 576 5059 ἣλιον
622 4989 753 5058 όρᾷν
789 4985 996 5051 τοῦτον,
1033 4985 1165 5056 μηδὲ
1214 4987 1469 5038 ἀναπνεῖν
1499 4986 1655 5050 ὅλως,
1707 4987 1788 5039 ὃτι
1821 4985 1993 5048 οὕτως

426 5072 856 5126 εὐκατάλλακτον
908 5069 1180 5138 Δεσπότην
1219 5068 1451 5139 ἔχοντες,
1516 5069 1886 5141 παροξύνομέν
1933 5087 1993 5124 τε

426 5155 608 5218 αὐτὸν,
645 5156 737 5208 1:01
769 5153 1156 5225 παροξύνοντες
1177 5153 1295 5205 οὐδέ
1326 5153 1688 5224 μετανοοῦμεν
1711 5169 1724 5183 ·
1753 5153 1992 5220 καίτοιγε

427 5236 611 5300 αὐτὸς,
659 5237 778 5290 οὐδὲ
808 5237 936 5291 ὅταν
961 5235 1265 5306 όργίζηται,
1305 5235 1477 5306 μισῶν
1515 5237 1609 5289 καὶ
1660 5236 1994 5306 ἀποστρεφό-

431 5335 590 5389 μενος
617 5321 763 5390 ήμᾶς
787 5320 944 5372 τοῦτο
973 5322 1132 5386 ποιεῖ,
1169 5319 1284 5374 ἁλλ’
1319 5320 1406 5373 ’ίνα
1434 5318 1534 5373 κάν
1568 5320 1612 5351 ⁸⁸
1637 5319 1811 5384 οὕτως
1848 5322 1995 5391 ήμάς

428 5403 796 5472 ἐπισπάσηται
826 5403 961 5474 πρὸς
986 5405 1194 5458 ἑαυτόν.
1220 5405 1284 5457 Εἰ
1301 5404 1411 5475 709
1439 5401 1791 5474 ὑϐριζόμενος
1821 5403 1995 5473 διηνε-

429 5487 542 5550 κῶς
573 5486 878 5557 εὐηργέτει,
923 5488 1120 5558 μᾶλλον
1174 5489 1241 5543 ἂν
1287 5487 1718 5559 κατεφρόνησας.
1769 5486 1866 5540 Ἱν’
1901 5483 1994 5544 οὗν

1113 283 1173 340 S.
1213 279 1496 337 JOANNIS
1532 275 1993 335 CHRYSOSTOM

2094 273 2385 332 iRCHIEP.
2425 268 2974 328 οοινετλμτιαορ.

3565 264 3702 321 8&2"

2101 395 2176 462 μὴ
2203 390 2362 444 τοῦτο
2406 388 2659 459 γένηται,
2704 383 3106 455 ἀποστρέφεται
3165 377 3302 450 1:90;
3351 374 3685 462 01.570v,_lv0

2095 458 2384 534 διαπαντός
2436 487 2497 523 σε
2527 458 2629 542 έχῃ
2660 467 2778 539 μεθ’
2829 463 3045 520 ἐαυτοῦ.
3093 463 3467 534 Θαρρησωμεν
3490 458 3680 512 τοίνυν

2096 554 2259 609 αὐτοῦ
2281 557 2346 626 τῇ
2379 541 2776 624 φιλανθρωπίᾳ,
2817 551 2916 603 1:01
2953 549 3237 620 μετάνοιαν
3275 541 3683 626 ἐπιδειξώμεθα.

2100 625 2604 710 μεμεριμνημένην,
2636 637 2764 706 πρὶν
2794 634 2826 706 ἢ
2875 634 2973 704 τὴν
3002 631 3214 703 ἡμέραν
3243 630 3526 697 ἐπιστῆναι
3571 625 3683 710 τὴν

2098 709 2198 775 οὐκ
2225 709 2398 776 ἐῶσαν
2423 723 2568 792 ἡμᾶς
2595 718 2851 791 κερδᾶναι
2878 719 2942 770 ἐκ
2964 716 3175 770 τούτου.
3202 711 3314 766 Νῦν
3335 710 3432 782 μὲν
3452 710 3562 781 γὰρ
3582 709 3682 779 ἐφ’

2097 811 2230 880 ημῖν
2260 809 2321 861 :0
2353 809 2461 860 πᾶν
2492 809 2698 860 κεῖταιο
2753 805 2876 858 τότε
2925 803 2983 854 δὲ
3029 803 3058 853 ό
3099 798 3334 862 δικάζων
3367 796 3525 880 μόνος
3568 793 3680 880 τῆς

2095 879 2276 962 ψήφου
2332 891 2536 960 γίνεται
2595 887 2804 959 κύριος.
2883 882 3324 954 Πωφθὰσωμεν
3364 879 3544 962 τοίνυν
3601 879 3676 930 τὸ

2096 961 2417 1042 πρόσωπον
2469 972 2654 1025 αὑτοῦ
2704 970 2774 1022 ἐν
2820 963 3274 1036 ἐξομολογήσει,
3324 961 3676 1032 κλαύσωμεν,

2098 1059 2476 1128 θρηνήσωμεν.
2513 1055 2608 1107 "Av
2652 1053 2760 1124 709
2803 1049 3118 1121 δυνηθῶμεν
3153 1044 3528 1116 παρακαλέσαι
3577 1042 3686 1128 τόν

2096 1126 2351 1212 δικαστὴν
2401 1139 2508 1210 1:90
2557 1138 2656 1208 τῆς
2692 1136 2886 1208 κυρίας
2916 1135 3132 1202 ἀφεῖναι
3158 1133 3290 1201 ημῖν
3319 1129 3386 1212 τξ
3417 1126 3673 1212 ἀμαρτής-

2099 1243 2264 1298 ματα,
2297 1209 2639 1278 ούδέείσόδου
2673 1221 2831 1292 χρεία
2859 1218 3077 1272 λοιπόν’
3112 1215 3300 1298 ῶσπερ
3329 1209 3420 1266 οῦν
3463 1212 3558 1298 ἐάν
3591 1209 3687 1281 μὴ,

2095 1293 2254 1362 τοῦτο
2307 1308 2551 1378 γένηται,
2610 1305 2844 1376 δημοσίᾳ
2892 1302 2992 1372 τῆς
3038 1297 3361 1367 οἰκουμένης
3391 1293 3679 1365 παρούσης

2096 1392 2254 1462 ἡμῶν
2281 1391 2571 1446 ἀκούσεται
2599 1390 2642 1421 ⁵⁸
2666 1429 2680 1452 ,
2722 1389 2815 1442 1:01
2866 1385 3088 1456 οὐδεμία
3139 1384 3268 1453 ἡμῖν
3301 1382 3450 1433 ἔσται
3483 1378 3688 1430 λοιπὸν

2098 1461 2424 1545 συγγνώμης
2450 1473 2627 1535 ἐλπίς.
2652 1472 2840 1534 Οὐδεὶς
2865 1471 2975 1542 γὰρ
2995 1468 3103 1522 τῶν
3132 1465 3364 1519 ἐνταῦθα
3394 1463 3468 1534 μὴ
3486 1461 3680 1514 διαλυ-

2097 1562 2347 1630 σαμένων
2378 1558 2425 1589 “
2447 1559 2515 1610 :0
2541 1558 2935 1628 ἁμαρτήματα,
2956 1551 3203 1609 ἀπελθὼν
3237 1553 3354 1603 ἐκεῖ
3381 1548 3678 1618 δυνήσεται

2093 1642 2193 1706 τάς
2234 1642 2326 1694 ἐπὶ
2373 1641 2582 1704 τούτοις
2612 1639 2840 1704 εὐθύνας
2891 1638 3173 1707 διαφυγεῖν
3195 1655 3206 1667 ο
3255 1633 3368 1689 ἀλλ’
3399 1633 3586 1702 ὥσπερ
3619 1632 3690 1682 0L

2095 1726 2204 1778 ἀπὸ
2247 1726 2355 1778 τῶν
2401 1724 2789 1795 δεσμωτηρίων
2843 1722 3046 1777 τούτων
3085 1719 3224 1792 μετὰ
3267 1719 3372 1772 τῶν
3425 1714 3678 1770 ἁλύσεων

2097 1809 2463 1879 προσάγονται
2513 1806 2593 1870 είς
2633 1808 2694 1859 τὸ
2725 1806 3091 1876 δικαστήριον,
3143 1802 3315 1864 οὓτως
3339 1801 3395 1854 αἰ
3426 1798 3473 1830 “
3499 1797 3690 1868 ψυχαὶ

2095 1893 2291 1954 πᾶσαι,
2315 1891 2442 1944 ὅταν
2467 1890 2715 1945 ἐντεῦθεν
2749 1889 3044 1952 ἀπέλθωσι,
3096 1887 3192 1951 τὰς
3238 1883 3483 1946 ποικίλας
3513 1897 3678 1950 περι-

2096 1974 2337 2045 κείμενοι
2372 1975 2558 2045 σειράς
2615 1974 2725 2028 τῶν
2785 1972 3220 2044 ἁμαρτημάτων,
3270 1969 3362 2022 ἐπὶ
3407 1967 3468 2019 :0
3515 1963 3683 2036 βῆμα.

2095 2059 2318 2126 ἄγονται
2369 2059 2432 2112 :0
2487 2058 2735 2130 φοϐερόν.
2786 2059 2896 2112 K01
2949 2056 3054 2127 709
3095 2051 3464 2124 δεσμωτηρίου
3517 2047 3673 2102 ούδέν

2094 2143 2314 2212 άμεινον
2343 2142 2372 2194 ό
2402 2141 2590 2213 παρών
2627 2142 2739 2212 βίος
2768 2141 3037 2195 διάκειται
3060 2155 3074 2170 ’
3114 2138 3227 2192 ἁλλ’
3260 2137 3447 2205 ὥσπερ
3488 2135 3568 2200 εἰς
3605 2133 3675 2185 :0

2094 2226 2301 2295 οἴκημα
2347 2224 2676 2288 εἰσελθόντες
2708 2227 2904 2288 ἐκεῖνο,
2945 2223 3152 2285 πάντας
3193 2220 3406 2292 ὁρῶμεν
3448 2216 3673 2280 ἁλύσεις

2094 2309 2528 2380 περικειμένους*
2553 2308 2694 2361 οὓτω
2734 2307 2828 2361 1:01
2873 2306 2986 2370 νῦν,
3019 2305 3086 2359 ἂν
3111 2305 3207 2376 τῆς
3233 2303 3528 2373 φαντασίας
3563 2299 3673 2370 τῆς

2094 2391 2291 2456 ἔξωθεν
2337 2393 2558 2455 ἐαυτούς
2595 2393 3020 2462 ἀποστήσαντες,
3069 2389 3149 2452 είς
3176 2387 3266 2440 τὸν
3291 2387 3520 2440 ἑκάστου
3552 2383 3678 2452 βίον

2094 2474 2442 2545 εἰσέλθωμεν,
2465 2477 2543 2539 εἰς
2566 2477 2665 2547 τὴν
2695 2476 2927 2530 ἑκάστου
2954 2472 3152 2543 ψυχὴν,
3181 2467 3422 2540 ὀψόμεθα
3445 2468 3674 2539 σιδήρου

2096 2559 2452 2631 χαλεπώτερα
2481 2560 2654 2630 δεσμά
2675 2559 3065 2631 περικειμένην
3084 2574 3097 2587 ο
3126 2557 3220 2610 1:01
3242 2555 3474 2626 μάλιστα
3497 2553 3561 2606 ἂν
3583 2553 3670 2616 είς

2093 2645 2192 2708 :0;
2215 2645 2324 2698 τῶν
2361 2645 2732 2716 πλουτούντων
2785 2641 3031 2713 εἰσέλθῃς
3070 2639 3281 2710 ψυχάς
3315 2639 3425 2709 ὅσῳ
3455 2636 3562 2709 709
3594 2635 3669 2689 ἂν

2097 2729 2314 2783 πλείονα
2361 2723 2462 2783 ὦσι
2513 2727 2986 2800 περιϐεϐλημένοι,
3037 2724 3274 2795 τοσούτῳ
3311 2721 3508 2794 μᾶλλόν
3552 2722 3674 2774 εἰσι

2093 2811 2388 2882 δεδεμένοι.
2423 2812 2630 2882 Ὠσπερ
2652 2807 2744 2864 οὖν
2770 2811 2862 2863 τὸν
2876 2807 3158 2880 δεσμώτην
3184 2806 3403 2860 ἐπειδάν
3431 2805 3544 2880 ίδῃς
3567 2803 3674 2857 καὶ

2093 2897 2186 2949 ἐπὶ
2226 2895 2320 2948 τοῦ
2350 2895 2520 2949 νώτου
2549 2895 2616 2958 ⁸⁵,
2654 2895 2748 2948 1:01
2779 2894 3004 2947 ἐπὶτῶν
3041 2893 3260 2966 χειρῶν,
3302 2889 3558 2953 πολλάκις
3601 2887 3670 2942 δὶ

2094 2981 2188 3032 καὶ
2206 2979 2300 3032 ἐπὶ
2325 2978 2434 3032 τῶν
2463 2977 2639 3032 ποδῶν
2663 2976 3112 3048 σεσιδηρωμένον,
3134 2977 3223 3030 διὰ
3247 2973 3408 3029 τοῦτο
3429 2973 3672 3044 μάλιστα.

2091 3063 2429 3128 ταλανίζεις·
2464 3063 2607 3117 οὕτω
2640 3065 2734 3118 καὶ
2764 3062 2855 3116 τόν
2888 3061 3162 3126 πλούσιον,
3197 3061 3326 3115 ὃταν
3357 3059 3526 3130 θεάσῃ
3561 3073 3672 3129 μυ-

2095 3147 2186 3218 ρία
2213 3145 2506 3217 περιϐεϐλη
2516 3146 2674 3218 μένον
2709 3147 3009 3218 πράγματα
3028 3185 3044 3209 ,
3081 3144 3155 3216 μὴ
3185 3143 3274 3198 διὰ
3295 3142 3465 3197 ταῦτα
3493 3140 3664 3194 πλού-

2095 3247 2230 3294 σιον,
2259 3231 2394 3282 ἀλλὰ
2415 3229 2478 3282 δι’
2501 3231 2636 3283 αὐτά
2664 3230 2760 3302 μὲν
2779 3226 2872 3283 οῦν
2893 3229 3066 3283 ταῦτα
3085 3228 3266 3282 ἄθλιον
3285 3223 3426 3281 εἶναι
3451 3225 3674 3296 νόμιζε’⁵

2095 3313 2234 3386 μετὰ
2263 3313 2372 3386 709
2398 3313 2506 3366 τῶν
2539 3312 2751 3384 δεσμῶν
2782 3312 2985 3366 τούτων
3011 3313 3104 3366 καὶ
3131 3310 3513 3383 δεσμοφύλακα
3547 3309 3664 3380 ἔχει

2093 3399 2343 3472 χαλεπὸν,
2368 3397 2457 3452 τὸν
2493 3397 2726 3469 πονηρὸν
2760 3398 2935 3470 ἔρωτα
2966 3398 3073 3450 τῶν
3098 3397 3392 3469 χρημάτων
3411 3413 3426 3427 ο
3472 3395 3527 3457 ὃς
3559 3395 3668 3448 οὐκ

2092 3484 2315 3554 ἀφίησιν
2333 3484 2630 3555 ὑπερϐῆναι
2644 3481 2801 3536 τοῦτο
2820 3483 2879 3534 τὸ
2893 3483 3279 3554 δεσμωτήριον,
3302 3479 3438 3534 0110
3459 3479 3664 3550 μυρίας

2092 3567 2241 3638 αὐτῷ
2278 3567 2671 3631 κατασκευάζει
2725 3565 2891 3630 πέδας
2935 3565 3033 3619 1:01
3073 3564 3318 3635 φύλακας
3365 3565 3458 3618 1:01
3491 3565 3667 3636 θύρας

2091 3653 2185 3706 καί
2217 3651 2466 3723 μοχλοὺς.
2502 3652 2596 3705 1:01
2622 3652 2700 3714 εἰς
2743 3651 2841 3722 τὴν
2879 3648 3159 3720 ἐνδοτέραν
3201 3649 3363 3702 αὐτὸν
3405 3648 3659 3720 ἐμϐαλὼν

2093 3737 2358 3808 φυλακὴν,
2389 3735 2562 3788 πείθει
2583 3737 2676 3789 1:01
2703 3734 2927 3806 ἥδεσθαι
2953 3736 3066 3797 τοῖς
3085 3735 3302 3804 δεσμοῖς
3322 3732 3550 3798 τούτοις,
3571 3733 3660 3788 ῖνα

2093 3820 2228 3892 μηδὲ
2249 3819 2438 3874 ἐλπίδα
2472 3817 2622 3892 [184]
2653 3818 2774 3871 τινά
2805 3817 3125 3887 ἀπαλλαγῆς
3153 3817 3288 3888 εὕρῃ
3318 3817 3426 3870 τῶν
3449 3818 3662 3870 ἐπικει-

2094 3906 2269 3975 μένων
2302 3901 2508 3958 κακῶν.
2537 3903 2653 3955 Κᾶν
2686 3901 3040 3973 ἁποκαλύψῃς
3060 3899 3138 3970 τῷ
3167 3899 3412 3971 λογισμῷ
3438 3901 3536 3970 τὴν
3561 3901 3667 3969 ψυ-

2091 3987 2191 4058 χὴν
2211 3985 2442 4047 ἐκείνου,
2469 3984 2531 4037 οὐ
2557 3982 2845 4056 δεδεμένην
2863 3984 3046 4056 μόνον,
3073 3983 3209 4038 0110
3237 3985 3331 4037 1:01
3358 3983 3667 4053 αὐχμῶσαν-

2091 4071 2185 4124 καὶ
2217 4069 2475 4140 ρυπῶσαν
2511 4069 2605 4121 1:01
2633 4068 2867 4139 φθειρῶν
2894 4069 3165 4140 γέμουσαν
3189 4067 3331 4138 ὄψει.
3358 4068 3522 4121 Οὐδὲν
3548 4068 3666 4138 709

2092 4152 2313 4206 ἐκείνων
2365 4151 2617 4222 ἀμείνους
2669 4152 2724 4204 αί
2767 4152 2868 4222 τῆς
2913 4152 3120 4223 τρυφῆς
3165 4150 3368 4222 ήδοναί,
3397 4150 3530 4203 ἀλλά
3559 4150 3663 4203 1:01

2094 4233 2512 4308 βδελυρώτεραι,
2526 4235 2620 4288 1:01
2648 4235 2847 4305 μᾶλλον
2864 4235 2925 4288 τὸ
2943 4234 3100 4304 σῶμα
3123 4233 3299 4287 αὐτῶν
3316 4233 3360 4264 ⁵⁸
3379 4231 3441 4284 λυ
3448 4231 3662 4302 μαίνονο

2089 4335 2178 4372 ται
2216 4318 2353 4388 μετά
2385 4319 2602 4390 καὶτῆς
2625 4317 2824 4389 ψυχῆς,
2861 4320 2953 4371 καὶ
2985 4317 3157 4388 τούτῳ
3193 4316 3421 4389 κάκείνῃ
3453 4316 3664 4387 μυρίας

2090 4402 2410 4473 ἐπιφέρουσι
2433 4401 2474 4432 ⁸⁷
2494 4404 2817 4473 νοσημάτων
2836 4402 3068 4471 πληγάς.
3087 4401 3185 4454 Διὰ
3201 4400 3265 4472 δή
3285 4399 3458 4455 ταῦτα
3481 4401 3660 4455 πάντα

2090 4485 2180 4539 τὸν
2213 4485 2505 4556 Δυτρωτὴν
2532 4485 2638 4538 τῶν
2669 4485 2854 4556 ψυχῶν
2879 4486 2986 4539 τῶν
3021 4487 3302 4558 ἡμετέρων
3343 4485 3663 4556 παρακαλέ-

2094 4585 2297 4639 σωμεν,
2327 4568 2412 4620 ῐνα
2438 4570 2532 4622 1:01
2551 4569 2618 4622 :0
2649 4569 2821 4638 δεσμὰ
2855 4569 3138 4643 διαρῤήξῃ,
3173 4569 3266 4622 καὶ
3300 4569 3391 4622 τὸν
3422 4568 3667 4640 χαλεπόν

2093 4651 2247 4723 ήμῶν
2275 4651 2462 4705 τοῦτον
2499 4654 2780 4724 ἀποστήσῃ
2811 4652 3041 4723 φύλακα,
3071 4657 3164 4707 1:01
3184 4653 3277 4706 :06
3301 4655 3518 4726 φορτίου
3546 4654 3658 4709 τῶν

2097 4734 2327 4806 σιδηρῶν
2357 4736 2578 4789 ἐκείνων
2615 4737 2854 4790 ἁλύσεων
2871 4737 3202 4804 ἀπαλλάξας,
3233 4738 3430 4809 πτεροῦ
3456 4738 3657 4808 κουφό-

2093 4835 2248 4891 τερον
2277 4820 2406 4889 ήμῖν
2432 4820 2632 4890 ποιήσῃ
2647 4820 2707 4872 :0
2719 4823 2990 4891 φρόνημα.
3013 4821 3460 4892 Παρακαλοῦντες
3482 4822 3537 4876 6‘s
3565 4823 3656 4875 06-

2092 4903 2203 4966 :0v,
2231 4904 2325 4956 1:01
2351 4901 2422 4955 :0
2447 4905 2578 4974 1:09‘
2599 4903 2806 4956 ἑαυτῶν
2839 4905 3259 4975 είσενέγκωμεν,
3301 4905 3533 4976 σπουδὴν
3561 4911 3658 4960 καὶ

2092 4985 2314 5058 γνώμην
2343 4987 2438 5040 1:01
2483 4986 2790 5058 προθυμίαν
2841 4987 3073 5058 ἀγαθήν.
3103 4988 3257 5042 Οὐτω
3287 4988 3392 5061 709
3435 4989 3665 5058 δυνησό-

2097 5070 2233 5140 μεθα
2277 5070 2370 5122 καὶ
2403 5071 2460 5122 ἐν
2490 5068 2684 5140 βραχεῖ
2735 5069 2911 5143 καιρῷ
2964 5070 3072 5124 τῶν
3127 5071 3463 5142 κατεχόντων
3511 5073 3658 5142 ἡμᾶς

2093 5153 2468 5224 ἀπαλλαγῆναι
2507 5152 2712 5216 κακῶν,
2747 5153 2841 5206 1:01
2874 5154 3062 5223 μαθεῖν
3085 5155 3142 5207 ἐν
3169 5151 3250 5218 οἷς
3271 5151 3411 5225 ἦμεν
3439 5155 3498 5208 :0
3519 5157 3655 5225 πρόο

2092 5254 2269 5308 τερον,
2289 5237 2494 5307 καὶτῆς
2520 5236 2900 5307 προσηκούσης
2923 5236 3300 5290 ἀντιλαϐέσθαι
3324 5238 3653 5309 ἐλευθερίαςο

2092 5316 2160 5391 ἦς
2188 5321 2394 5389 γένοιτο
2417 5320 2618 5384 πάντας
2649 5321 2794 5391 ἡμᾶς
2822 5323 3115 5390 ἐπιτυχεῖν,
3138 5321 3318 5393 χάριτι
3347 5325 3440 5376 καὶ
3471 5324 3657 5392 φιλαν-

2095 5404 2309 5474 θρωπία
2341 5403 2434 5456 τοῦ
2471 5403 2672 5474 Κυρίου
2692 5402 2848 5473 ήμῶν
2888 5404 3060 5474 Ἰησοῦ
3094 5405 3350 5476 Χριστοῦ,
3384 5403 3428 5475 ᾧ
3464 5409 3496 5477 ἡ
3529 5407 3655 5474 δόξα

2096 5491 2189 5540 καὶ
2210 5488 2271 5540 :0
2309 5490 2506 5560 κράτος
2532 5489 2612 5552 είς
2638 5489 2762 5552 τούς
2788 5487 2985 5551 αίῶνας
3009 5488 3118 5540 τῶν
3145 5491 3374 5543 αἰώνων.
3431 5491 3629 5561 Ἀμήν.

486 5703 532 5736 ⁸⁸
571 5699 826 5775 κατίδοι
857 5700 981 5775 ῖδοιᾼ
1007 5701 1140 5756 Edd.
1173 5701 1333 5775 "1:01
1365 5701 2016 5775 παρακαλέσωμεν-υηίί.
2227 5700 2272 5775 '_'
2299 5699 2431 5775 τῶν]
2456 5701 2597 5775 ὐπέρ
2777 5700 2839 5775 Ι).
2875 5701 2935 5756 Ε.
2971 5702 3031 5775 Ε.
3112 5703 3157 5736 ³⁸
3189 5704 3348 5775 ΜηδῚ
3385 5704 3473 5772 Μή
3504 5708 3565 5754 Α.
3592 5703 3652 5758 Β.

429 5777 476 5810 ⁸⁸
509 5774 674 5836 τιθεῖς
705 5771 764 5826 Β.
800 5770 873 5826 ὐ.
905 5770 1071 5857 τιθείς
1117 5777 1182 5825 Α.
1221 5773 1284 5827 ιθ.
1361 5777 1404 5856 ’ξ
1437 5770 1559 5845 κᾶν]
1599 5775 1693 5827 καί
1723 5770 1786 5826 Ᾱ.
1839 5773 1897 5825 Β.
1922 5773 1985 5826 C.
2058 5772 2104 5801 "
2145 5771 2302 5854 ήμῶν
2339 5770 2654 5843 ἀκούσεται]
2689 5773 2782 5828 Sic
2812 5774 2876 5828 υ.
2909 5775 2940 5844 ὴ
2989 5773 3064 5826 ῶν
3101 5770 3501 5845 είσαχθήσεται,
3533 5791 3652 5828 mw

429 5850 654 5900 Ξκαστος
686 5845 748 5899 C.
825 5845 870 5876 ⁸³
886 5845 976 5898 bu:
1013 5842 1074 5899 [θ.
1113 5843 1274 5900 vulgo
1297 5844 1709 5900 διαλυσάμενοςδ
1744 5844 1784 5877 ⁸⁸
1813 5843 1896 5900 αἰι
1924 5841 2017 5897 1:01
2048 5841 2106 5898 αί
2137 5840 2200 5897 Ε.
2271 5841 2314 5874 ⁵⁸
2345 5841 2535 5900 νώτου]
2558 5843 2820 5900 τραγήλου
2840 5844 2898 5898 Ε.
2933 5791 3029 5900 ἕρ.
3058 5843 3178 5900 Sav.
3242 5843 3504 5900 ⁸⁸·αύτῶν1
3525 5844 3652 5899 αὐτό

428 5850 654 5909 Ξκαστος
686 5845 748 5899 C.

432 5918 498 5976 F.
550 5918 594 5948 ⁸⁷
622 5913 959 5986 ἐπιφέρουσι]
979 5913 1326 5984 ἐπεισάγουσι
1349 5912 1412 5968 υ.
1443 5912 1504 5968 Ε.
1532 5912 1592 5968 F.

825 5845 870 5876 ⁸³
886 5845 976 5916 δίει
1013 5842 1074 5899 F.
1113 5843 1274 5916 νιιΙεο
1297 5840 1709 5916 διαλυσάμενος.
1744 5844 1784 5877 ⁸⁸
1813 5843 1896 5916 αἰ]
1924 5841 2017 5897 1:01
2048 5841 2106 5898 αί
2137 5840 2200 5897 Ε.
2271 5841 2314 5874 ⁵⁵
2345 5841 2536 5916 νώτου]
2558 5840 2820 5916 τραχήλου
2840 5844 2898 5898 Ε.

2980 5862 3029 5900 c.
3058 5843 3178 5901 δαν.
3224 5843 3504 5916 υσύτών]
3525 5844 3663 5899 αὐτό
