3856 6180
150 285 235 343 εει
1265 287 1331 343 ΙΝ
1366 282 1769 342 MATTll/EUM
1808 285 2031 342 llOMlL.
2078 289 2215 345 XIV.

152 404 261 459 alibi
285 404 458 474 quivis
482 403 584 458 hoc
616 402 785 473 ipsum
818 401 1011 458 videat.
1041 400 1311 456 Tollamus
1344 402 1518 471 itaque
1548 399 1713 455 malo-

150 512 254 549 rum
283 496 506 558 [υιιιειιι.
529 506 585 550 et
605 494 907 549 morborum
936 492 1130 549 ﬂuenta
1157 494 1333 548 statim
1354 492 1709 547 siccabuntur.

148 589 249 643 Non
280 590 540 661 paralysis
564 589 734 644 solum
762 589 956 642 malum
980 596 1079 651 est,
1104 585 1198 642 sed
1222 588 1383 641 etiam
1406 596 1709 656 peccatum;

150 682 241 731 inm
266 679 369 736 hoc
396 681 569 749 majus
591 697 750 752 quam
783 679 930 744 illud,
958 690 1158 751 quanto
1180 678 1380 733 scilicet
1404 678 1578 731 anima
1602 691 1713 731 me-

147 772 229 825 lior
255 782 336 827 est
362 786 603 843 corpore.
651 773 979 828 Accedamus
1005 770 1162 842 igitur
1185 781 1236 825 et
1265 786 1402 824 nunc
1421 770 1487 823 ad
1516 769 1707 838 ipsum,

152 880 381 934 rogemus
412 875 470 919 ut
500 867 784 921 resolutam
823 864 1055 919 animam
1086 874 1319 919 nostram
1348 863 1708 931 constringat,

148 968 191 1007 et
217 956 561 1009 saecularibus
596 957 772 1010 missis
799 956 1046 1010 omnibus
1069 996 1084 1019 ,
1116 954 1468 1024 spiritualium
1508 962 1709 1007 tantum

151 1048 394 1100 rationem
433 1047 741 1101 habeamus.
769 1048 822 1101 Si
850 1062 977 1102 vero
1004 1046 1118 1101 haec
1143 1045 1417 1109 obtineas,
1446 1046 1531 1099 illa
1560 1060 1712 1098 cures

151 1150 332 1204 postea.
364 1138 479 1194 Nec
507 1143 631 1211 quia
662 1141 713 1194 in
746 1141 1014 1211 peccando
1044 1156 1146 1195 non
1174 1140 1346 1203 doles,
1379 1139 1498 1193 ideo
1526 1150 1712 1193 conte-

151 1247 305 1296 mnus,
336 1232 435 1301 sed
464 1243 739 1301 propterea
769 1234 998 1288 maxime
1026 1234 1329 1302 ingemiscc,
1357 1233 1479 1303 quia
1506 1233 1710 1287 nullum

151 1322 295 1375 habes
332 1323 400 1377 de
448 1325 678 1393 peccatis
713 1323 972 1379 dolorem.
1006 1325 1134 1379 Illud
1175 1342 1300 1379 vero
1340 1325 1461 1379 inde
1499 1326 1710 1389 evenit,

151 1429 239 1465 non
266 1414 407 1482 quod
443 1423 718 1484 peccatum
758 1431 861 1469 non
904 1417 1174 1479 mordeat,
1213 1416 1305 1470 sed
1348 1416 1487 1486 quod
1534 1415 1709 1469 anima

151 1503 423 1559 sceleribus
451 1516 661 1561 assueta
716 1523 929 1562 sensum
979 1523 1082 1562 non
1120 1507 1330 1563 habeat.
1362 1508 1542 1576 Cogita
1583 1522 1711 1575 ergo

152 1594 252 1647 illos
277 1595 367 1663 qui
399 1598 610 1666 propria
640 1610 851 1667 peceata
886 1600 1137 1665 sentiunt,
1168 1598 1435 1668 quomodo
1466 1597 1710 1653 acerbius

150 1686 332 1751 cjulent
356 1703 517 1756 quam
549 1689 580 1741 ii
608 1690 697 1759 qui
735 1700 986 1745 secantur
1012 1690 1093 1745 vel
1122 1699 1345 1744 uruntur
1363 1730 1378 1753 ,
1408 1700 1712 1758 quantaque

151 1776 418 1841 uitiantur,
449 1790 703 1847 quantum
731 1781 945 1849 lugeant
969 1791 1021 1836 et
1049 1782 1415 1851 ingemiscant,
1439 1793 1543 1834 uta
1572 1781 1706 1835 mala

149 1868 458 1923 conscientia
486 1871 797 1938 liberentur,
824 1873 962 1941 quod
993 1888 1277 1942 numquam
1306 1872 1539 1928 facerent
1560 1916 1575 1939 ,
1607 1872 1708 1927 nisi

147 1958 308 2013 animo
331 1960 621 2017 admodum
650 1962 909 2019 dolerent.

203 2050 254 2105 ι.
277 2050 498 2105 Peccata
512 2056 695 2108 sentire
720 2066 766 2111 et
792 2058 1041 2126 corrigere
1058 2074 1252 2113 necesse
1275 2067 1367 2111 est.
1389 2057 1509 2111 Non
1535 2058 1709 2112 dolere

148 2142 199 2195 de
219 2155 418 2211 peccato
440 2149 601 2218 magis
630 2149 796 2202 irritat
821 2149 1007 2215 Deum,
1041 2167 1193 2220 quam
1223 2152 1388 2220 ipsum
1421 2161 1703 2220 peccatum.

146 2237 325 2289 Anime
347 2240 643 2307 peccatricis
669 2241 980 2309 deformitas.
1032 2271 1101 2281 —
1130 2242 1322 2313 Utique
1350 2243 1539 2297 melius
1566 2254 1708 2299 esset

148 2344 416 2398 numquam
447 2347 698 2401 peccare;
724 2334 863 2404 quod
884 2336 1123 2406 sequitur
1151 2346 1326 2390 autem
1357 2347 1458 2399 est,
1493 2349 1705 2405 peccata

144 2423 326 2476 sentire
347 2432 401 2477 et
432 2424 722 2493 corrigere.
756 2424 812 2480 Si
853 2442 979 2481 vero
1024 2426 1076 2482 id
1109 2444 1212 2481 non
1244 2427 1530 2482 habeamus
1552 2470 1567 2491 ,
1599 2445 1704 2497 quo

147 2524 281 2579 pacto
306 2514 417 2569 Deo
444 2518 864 2588 supplicabimus
891 2530 944 2575 et
974 2532 1309 2589 peccatorum
1337 2524 1703 2578 remissionem

146 2605 537 2672 postulabimus,
567 2610 653 2679 qui
675 2609 863 2664 horum
896 2611 1092 2665 nullam
1125 2614 1383 2667 rationem
1408 2614 1706 2669 habemus?

144 2694 260 2749 Cum
284 2698 431 2752 enim
462 2708 515 2753 tu
545 2701 658 2769 ipse
695 2702 783 2770 qui
825 2704 1081 2773 peccasti,
1114 2720 1182 2759 ne
1225 2704 1451 2773 idipsum
1490 2706 1703 2775 quidem

146 2787 265 2853 quod
295 2791 600 2856 peccaveris
617 2793 755 2846 scire
777 2794 921 2860 velis,
949 2810 1044 2864 pro
1068 2795 1259 2865 quibus
1281 2796 1508 2864 peccatis
1538 2797 1704 2853 Deum

144 2890 173 2925 τε
192 2876 337 2944 gabis
357 2918 373 2941 ,
407 2895 527 2949 quae
572 2897 641 2936 ne
666 2882 879 2952 quidem
912 2885 1091 2939 nosti?
1118 2895 1171 2941 et
1194 2888 1462 2957 quomodo
1488 2889 1704 2945 noveris

146 2968 374 3028 beneﬁcii
406 2974 871 3043 magnitudinem?
900 2978 990 3033 Dic
1018 2978 1194 3049 itaque
1225 2991 1438 3049 peccata
1467 2990 1554 3036 tua
1585 2998 1702 3052 spe-

142 3062 306 3116 riatim
331 3106 346 3130 ,
394 3074 451 3119 ut
491 3067 665 3121 discas
694 3084 1040 3138 quarumnam
1071 3072 1440 3128 remissionem
1471 3076 1701 3145 accipis,

148 3165 203 3203 ut
228 3152 291 3206 ita
316 3170 439 3225 erga
463 3156 757 3213 beneﬁcum
794 3170 974 3230 gratus
1005 3162 1100 3216 sis.
1122 3162 1201 3217 Tu
1229 3180 1356 3219 vero
1384 3180 1502 3220 cum
1540 3167 1705 3222 homi-

149 3259 263 3297 nem
283 3245 569 3303 oﬂenderis
589 3291 604 3315 ,
634 3251 869 3318 amicos,
902 3252 1105 3308 vicinos
1134 3263 1189 3308 et
1214 3256 1464 3312 ostiarios
1511 3273 1667 3327 rogas
1686 3300 1701 3323 ,

144 3338 379 3400 inmunias
421 3342 699 3409 expendis,
730 3344 1029 3413 multosque
1057 3344 1172 3401 dies
1200 3347 1423 3403 insumis
1465 3350 1517 3404 in
1547 3366 1704 3407 acce-

140 3426 304 3480 dendo
327 3440 379 3483 et
404 3433 772 3502 supplicando,
804 3438 1010 3491 etiamsi
1037 3439 1223 3501 semel.
1254 3440 1356 3508 bis,
1381 3443 1705 3498 sexcenties-

141 3535 239 3583 que
264 3520 325 3574 ab
361 3521 569 3576 oﬂ‘enso
615 3526 877 3594 repulsam
907 3526 1089 3583 tuleris
1110 3570 1126 3595 ,
1152 3545 1257 3585 non
1292 3532 1527 3587 concidis
1546 3575 1562 3600 ,
1608 3533 1703 3588 sed

144 3611 296 3679 magis
335 3614 597 3668 sollicitus
617 3656 634 3680 ,
664 3618 1074 3686 supplicationes
1102 3621 1332 3693 adauges
1364 3642 1377 3677 :
1409 3639 1530 3679 cum
1574 3640 1704 3680 vero

147 3702 493 3758 universorum
518 3706 656 3761 Deus
671 3708 903 3765 oﬂ‘ensus
923 3721 1025 3779 est,
1047 3714 1352 3779 oscitamus,
1369 3717 1701 3789 negligimus,

146 3790 459 3859 deliciamur,
486 3798 828 3866 inebriamur,
856 3814 911 3857 et
943 3820 1037 3873 pro
1065 3806 1222 3860 solito
1246 3823 1393 3863 more
1418 3811 1592 3864 omnia
1624 3810 1703 3864 fa-

147 3883 300 3938 cimus
324 3906 338 3939 :
367 3897 422 3939 et
442 3889 779 3957 quandonam
804 3893 948 3947 illum
977 3896 1187 3964 placare
1215 3900 1505 3967 poterimus
1525 3901 1548 3953 7
1566 3916 1703 3969 quo-

148 3976 289 4030 modo
309 3995 414 4032 non
438 3994 503 4033 eo
532 3983 647 4049 ipso
668 3984 827 4038 modo
849 3987 1013 4056 magis
1043 3988 1307 4044 irritemus
1332 3991 1355 4044 ?
1384 3991 1496 4046 Non
1522 3992 1706 4049 dolere

148 4068 272 4123 cnim
297 4071 365 4126 de
388 4086 608 4141 peccato
649 4080 815 4149 magis
840 4080 906 4134 ad
937 4082 1347 4151 indignationem
1374 4096 1427 4140 et
1457 4087 1588 4141 iram
1620 4088 1704 4158 ip-

146 4175 249 4212 sum
272 4175 553 4231 provocat,
581 4183 736 4237 quam
770 4170 939 4239 ipsum
968 4182 1263 4240 peccatum.
1292 4175 1623 4246 Quapropter
1651 4179 1704 4232 in
1728 4164 1731 4167 ’

148 4248 297 4314 ipsam
339 4264 537 4309 terrain
581 4274 702 4313 sese
732 4259 1018 4316 detrudere
1063 4272 1351 4332 oporteret,
1400 4282 1499 4321 nec
1535 4269 1704 4323 solem

147 4342 385 4410 aspicere,
414 4347 501 4400 vel
524 4349 1029 4419 respirare,quando
1057 4362 1160 4407 tam
1191 4354 1499 4421 placabilem
1525 4357 1705 4412 Denti-

148 4447 257 4485 num
286 4434 563 4502 habentes,
593 4439 743 4493 illum
766 4441 1055 4508 irritamus,
1080 4453 1134 4497 et
1160 4445 1427 4500 irritantes
1449 4464 1552 4502 non
1584 4465 1703 4519 pm-

149 4527 407 4582 i.itentiam
432 4531 642 4598 agimus
670 4549 686 4585 :
717 4533 927 4589 etiamsi
950 4536 1038 4591 ille
1065 4552 1233 4606 neque
1259 4553 1379 4591 cum
1408 4539 1571 4595 iratus
1599 4551 1700 4607 est,

147 4634 230 4671 nos
249 4620 369 4673 odio
396 4620 591 4676 habeat
620 4622 702 4678 vel
745 4636 1041 4691 aversetur,
1072 4628 1163 4680 sed
1196 4628 1358 4682 iratus
1395 4629 1495 4695 sit,
1524 4639 1580 4684 ut
1608 4647 1705 4686 nos

144 4710 210 4762 vel
232 4711 301 4766 sic
332 4712 398 4766 ad
423 4726 481 4764 se
504 4713 798 4781 pertrahat.
817 4715 947 4769 Nam
967 4717 1011 4772 si
1036 4718 1118 4771 vel
1145 4721 1460 4775 contumelia
1488 4722 1707 4778 allectus

146 4813 383 4869 perpetuo
409 4802 667 4859 beneﬁcia
707 4806 1001 4871 cenl'erret,
1040 4808 1210 4878 ipsum
1241 4814 1407 4881 magis
1452 4811 1704 4882 despice-

146 4908 234 4945 rt‘s.
259 4894 333 4949 Nc
357 4902 542 4949 autem
574 4895 626 4950 id
669 4899 897 4963 eveniat,
926 4898 994 4953 ad
1036 4909 1241 4970 tempus
1270 4904 1463 4956 avertit
1484 4902 1703 4971 faciem,

143 4998 183 5035 ut
208 4997 254 5041 te
304 5004 522 5058 semper
565 5002 746 5043 secum
793 4990 1002 5046 habeat.
1031 4993 1158 5062 Ejus
1187 4995 1362 5064 itaque
1392 4996 1706 5066 benignitati

141 5076 369 5145 ﬁdamus,
397 5089 453 5135 et
492 5080 859 5149 penitentiam
886 5083 1109 5139 sollicite
1135 5086 1506 5151 exhibeamus,
1531 5086 1707 5157 prius-

140 5185 277 5239 quam
322 5170 439 5227 dies
481 5170 575 5229 ille
604 5173 804 5241 veniat,
831 5174 885 5230 in
914 5190 1019 5245 quo
1049 5175 1180 5230 nihil
1209 5178 1360 5232 nobis
1396 5178 1705 5248 poenitentia

3280 271 3388 327 222

1821 400 2071 469 proderit.
2097 401 2249 457 Nunc
2284 403 2425 458 enim
2470 404 2521 457 in
2550 403 2705 457 nobis
2731 414 2836 459 tela
2869 420 2954 461 res
2984 408 3081 460 sita
3114 417 3235 463 est:
3266 416 3393 461 tunc

1817 506 1945 545 vero
1964 491 2133 547 Judex
2173 494 2317 548 solus
2344 494 2443 548 erit
2478 494 2657 563 iudicii
2685 505 2738 547 et
2766 495 2950 549 calculi
2981 497 3182 550 ferendi
3216 498 3391 551 donti-

1819 599 1937 637 ttus.
1964 582 2381 656 Prwoccupemus
2418 586 2578 656 igitur
2605 588 2787 657 faciem
2828 589 2935 657 ejus
2990 592 3041 642 in
3080 591 3390 659 confessione

1822 674 1991 744 (Prol.
2024 676 2114 732 94.
2142 678 2249 749 2.),
2276 678 2515 742 ﬂeamus,
2539 681 2828 750 lugeamus.
2861 680 2914 736 Si
2939 684 3077 734 enim
3102 684 3389 751 poterimus

1818 780 1942 824 ante
1973 770 2244 825 deﬁnitam
2278 772 2416 826 illam
2444 774 2584 827 diem
2618 773 2827 843 placare
2851 774 3114 839 Iudicem,
3149 784 3205 828 ut
3235 774 3389 830 nobis

1816 872 2030 931 peccata
2058 866 2325 932 remittat,
2356 882 2459 920 non
2485 867 2626 922 ultra
2651 869 2867 922 introitu
2898 869 3051 921 nobis
3081 885 3213 937 opus
3241 870 3342 923 erit
3373 888 3387 925 :

1815 963 1874 1007 ut
1897 969 1927 1009 e
1947 969 2225 1021 converso,
2254 958 2295 1011 si
2326 973 2430 1011 non
2460 958 2559 1013 hoc
2580 960 2648 1013 ita
2677 962 2785 1019 liat,
2811 969 2923 1014 toto
2951 962 3080 1015 orhe
3104 974 3387 1027 przeseme.

1819 1047 1993 1114 palam
2048 1064 2148 1102 nos
2198 1048 2501 1117 judicahit,
2575 1059 2630 1101 et
2684 1049 2825 1100 nulla
2878 1051 3031 1100 nobis
3091 1052 3226 1100 ultra
3259 1063 3380 1114 spes

1819 1140 1989 1193 veniae
2022 1140 2303 1209 supererit.
2374 1139 2566 1194 Nullus
2602 1140 2747 1193 enim
2804 1154 2990 1192 eorum
3038 1141 3129 1207 qui
3160 1141 3377 1203 adsunt,

1819 1231 1912 1299 qui
1986 1240 2206 1300 peccata
2278 1248 2376 1286 sua
2454 1249 2558 1286 non
2626 1232 2877 1292 abluerit,
2944 1247 3067 1285 cum
3116 1233 3241 1286 illuc
3280 1232 3380 1286 ad-

1818 1323 2060 1386 venerit,
2109 1325 2309 1395 poterit
2358 1340 2545 1394 pinnas
2596 1325 2664 1378 iis
2708 1325 2917 1381 debitas
2961 1324 3227 1394 eﬂ‘ugere:
3285 1322 3381 1381 sed

1814 1411 2254 1481 quemadmodum
2284 1414 2356 1467 illi
2390 1417 2476 1483 qui
2517 1430 2583 1468 ex
2607 1415 2911 1469 careeribns
2947 1415 3027 1468 his
3053 1415 3120 1469 ad
3155 1415 3383 1468 tribunal

1814 1504 2016 1557 catenis
2038 1506 2209 1558 onusti
2242 1505 2593 1571 adducuntur,
2620 1507 2696 1561 sic
2725 1517 2777 1561 et
2805 1507 2996 1560 animm
3024 1521 3230 1570 omnes,
3262 1522 3383 1559 cum

1814 1592 1937 1648 hinc
1957 1594 2213 1661 abierint,
2256 1597 2416 1651 variis
2445 1607 2776 1666 peccatorum
2828 1613 3046 1652 suorum
3080 1598 3384 1652 constrictzn

1812 1687 2017 1741 catenis
2036 1727 2051 1751 ,
2078 1688 2144 1741 ad
2174 1688 2408 1742 terribile
2438 1688 2563 1742 illud
2596 1689 2823 1743 trilmnal
2870 1690 3219 1744 adducentur.
3249 1688 3383 1744 Nam

1812 1775 1927 1831 hate
1948 1777 2052 1832 vita
2089 1793 2304 1833 carcere
2344 1779 2509 1833 nihilo
2538 1780 2725 1834 melior
2749 1788 2834 1835 est
2862 1779 2992 1844 ;sed
3022 1781 3157 1835 sicut
3179 1796 3297 1835 cum
3330 1781 3383 1834 in

1811 1867 2134 1923 domicilium
2178 1869 2304 1923 illud
2343 1870 2655 1932 introimus,
2701 1887 2888 1925 omnes
2914 1871 3155 1926 videmus
3182 1872 3386 1927 catenis

1811 1959 2198 2014 circumdatos:
2230 1962 2300 2015 ita
2333 1970 2386 2015 et
2413 1977 2586 2023 nunc,
2619 1962 2663 2016 si
2689 1962 2894 2029 ahjecta
2926 1962 3012 2016 illa
3043 1972 3384 2018 externarum

1811 2066 1990 2105 rerum
2036 2052 2441 2122 imaginatione,
2477 2055 2527 2108 in
2556 2055 2882 2125 singulorum
2907 2057 3069 2110 vitam
3116 2057 3381 2127 ingredia-

1811 2157 1952 2208 mur,
1974 2143 2208 2212 ipsorum
2229 2145 2432 2199 animas
2458 2145 2751 2201 videbimus
2776 2147 2919 2201 ferro
2942 2146 3245 2202 durioribus
3265 2149 3383 2202 vin-

1811 2234 1944 2289 culis
1986 2237 2297 2291 constrictas
2324 2255 2338 2292 :
2366 2238 2596 2293 maxime
2618 2254 2746 2293 vero
2774 2238 2819 2294 si
2857 2239 2908 2292 in
2930 2239 3135 2294 animas
3163 2239 3383 2294 divitum

1809 2327 2127 2383 intraveris:
2170 2345 2292 2384 nam
2329 2340 2527 2400 quanto
2548 2331 2783 2399 pluribus
2809 2333 2925 2385 illos
2950 2331 3143 2385 videris
3189 2331 3386 2384 divitiis

1809 2418 2191 2480 circumdatos,
2230 2431 2374 2474 tanto
2413 2423 2579 2491 magis
2621 2431 2745 2478 sunt
2785 2422 3000 2491 alligati.
3032 2421 3386 2489 Quemadmo-

1810 2510 1934 2564 dum
1967 2511 2125 2581 igitur
2149 2512 2193 2566 si
2223 2513 2455 2567 vinctnm
2483 2513 2680 2568 videris
2711 2514 2953 2567 manibus
2977 2556 2992 2579 ,
3017 2513 3176 2567 dorso
3194 2555 3210 2578 ,
3238 2528 3381 2581 su-pc

1808 2604 1967 2659 etiam
1995 2605 2217 2675 pedibus
2242 2606 2508 2675 alligatum
2529 2606 2713 2661 ferreis
2738 2607 2957 2671 catenis,
2984 2607 3127 2660 illum
3153 2605 3384 2660 maxime

1809 2696 2078 2750 miseraris
2099 2713 2111 2749 :
2135 2698 2213 2751 sic
2232 2696 2449 2751 divitem
2472 2712 2591 2751 cum
2610 2697 2802 2752 videris
2816 2696 2993 2751 multis
3013 2694 3383 2750 circumﬂuen-

1810 2794 1915 2841 tem
1944 2787 2134 2854 rebus,
2158 2804 2224 2842 ne
2254 2788 2375 2844 ideo
2397 2788 2635 2852 divitem,
2664 2788 2755 2844 sed
2788 2788 2961 2857 potius
2982 2787 3101 2841 ideo
3129 2787 3382 2841 miserum

1809 2878 2111 2935 existimato
2136 2896 2150 2933 :
2183 2895 2305 2934 nam
2332 2895 2457 2935 cum
2483 2879 2565 2935 his
2595 2880 2821 2935 vinculis
2847 2894 3044 2933 szevum
3069 2878 3230 2932 habet
3256 2892 3380 2932 car-

1808 2968 1946 3025 ceris
1975 2969 2251 3025 cuStodem
2277 3010 2293 3035 ,
2340 2985 2557 3039 pravum
2605 2970 2944 3040 pecuniarum
2978 2984 3213 3023 amorem
3248 2986 3261 3023 :
3291 2966 3385 3042 qui

1810 3079 1914 3118 non
1944 3063 2200 3133 permittit
2224 3064 2297 3118 illi
2324 3079 2388 3119 ex
2410 3065 2512 3119 isto
2537 3078 2751 3119 carcere
2770 3063 2984 3119 exsilire
3003 3104 3018 3126 ,
3040 3060 3134 3118 sed
3164 3076 3386 3120 Sexcen-

1811 3163 1892 3209 tos
1919 3155 2015 3224 ipsi
2039 3163 2191 3225 parat
2217 3154 2508 3225 compedes
2530 3196 2546 3221 ,
2570 3154 2818 3210 custodes
2852 3195 2867 3218 ,
2906 3161 3089 3223 portas
3110 3198 3125 3218 ,
3167 3164 3346 3210 vectes
3364 3195 3383 3221 ,

1808 3258 1860 3302 et
1889 3247 1939 3300 in
1972 3247 2274 3302 interiorem
2303 3263 2572 3301 carcerem
2604 3245 2843 3311 trudens,
2872 3248 3061 3301 suadet
3090 3247 3163 3300 illi
3192 3257 3249 3301 ut
3273 3248 3386 3300 istis

1810 3339 2037 3393 vinculis
2062 3339 2372 3402 delectetur,
2408 3348 2465 3392 ut
2491 3356 2556 3394 ne
2578 3338 2790 3407 quidem
2817 3339 3076 3395 evadendi
3099 3341 3165 3395 ab
3186 3342 3388 3395 instan-

1811 3430 1949 3484 tibus
1972 3430 2126 3483 tnalis
2151 3445 2300 3499 spem
2330 3429 2492 3483 ullam
2523 3429 2734 3483 habeat.
2766 3430 2835 3485 Et
2860 3432 2903 3486 si
2934 3432 3259 3503 cogitatione
3296 3438 3384 3483 tua

1808 3522 2037 3574 animum
2068 3521 2208 3575 illius
2234 3521 2618 3581 denudaveris,
2652 3537 2758 3576 non
2786 3524 3015 3576 vinctam
3042 3521 3201 3575 modo
3232 3520 3385 3575 vide-

1807 3614 1890 3667 his
1908 3654 1923 3678 ,
1950 3612 2043 3667 sed
2081 3614 2238 3667 etiam
2269 3613 2599 3682 squalentem
2620 3656 2636 3681 ,
2666 3615 2899 3684 putidam
2922 3656 2936 3676 ,
2961 3614 3218 3685 pediculis
3245 3630 3381 3668 onu-

1807 3715 1965 3759 stam.
1986 3705 2123 3759 Nihil
2149 3705 2290 3760 enim
2314 3706 2415 3759 illis
2439 3708 2689 3762 meliores
2701 3717 2824 3761 sunt
2851 3707 3133 3773 voluptatis
3151 3707 3379 3769 deliciae,

1808 3796 1916 3851 imo
1943 3796 2343 3861 horribiliores;
2372 3807 2532 3866 atque
2562 3798 2720 3851 etiam
2752 3813 2945 3867 corpus
2984 3813 3105 3852 cum
3135 3797 3243 3866 ipsa
3261 3796 3379 3851 ani-

1808 3904 1892 3942 ma
1924 3887 2282 3955 labefactant,
2328 3899 2383 3944 et
2420 3888 2543 3943 huic
2573 3897 2626 3942 et
2673 3888 2746 3942 illi
2789 3888 3095 3942 innumeras
3141 3887 3384 3957 inﬂigunt

1809 3981 2114 4033 morborum
2147 3978 2347 4049 plagas.
2385 3978 2606 4048 Propter
2634 3977 2750 4032 haec
2775 3979 2953 4032 omnia
2974 3972 3384 4046 Redemptorem

1808 4071 2102 4145 animarum
2146 4081 2446 4124 nostrarum
2494 4085 2804 4140 precemur,
2847 4079 2904 4123 ut
2929 4079 2981 4124 et
3006 4069 3210 4123 vincula
3244 4085 3387 4121 rum-

1810 4172 1918 4233 pat,
1947 4173 1998 4217 et
2028 4178 2227 4216 smvum
2254 4162 2396 4217 hunc
2417 4162 2687 4217 custodem
2714 4176 2742 4213 a
2773 4161 2925 4215 nobis
2946 4169 3206 4225 amovezit,
3229 4168 3388 4229 atque

1810 4271 1840 4307 a
1874 4255 2105 4324 pondere
2138 4255 2425 4310 ferrearum
2456 4266 2766 4309 catenarum
2793 4254 3027 4309 liberatis
3047 4296 3062 4319 ,
3095 4253 3192 4306 alis
3221 4253 3386 4307 levio-

1811 4364 1923 4401 rem
1972 4349 2023 4401 in
2057 4348 2209 4401 nobis
2255 4356 2488 4402 mentem
2531 4346 2795 4416 perﬁciat.
2832 4348 2962 4401 Dum
3013 4359 3191 4401 autem
3237 4346 3387 4401 illum

1811 4440 2168 4510 precabimur,
2200 4456 2317 4509 qua:
2345 4451 2524 4494 nostra
2550 4448 2674 4494 sunt
2702 4440 2861 4495 etiam
2892 4438 3173 4493 aﬂeraiiius
3191 4480 3207 4503 ,
3237 4438 3386 4491 solli-

1810 4533 2120 4599 citudinem,
2151 4536 2410 4599 animum,
2434 4532 2781 4587 alacritatem.
2813 4533 2902 4588 Sic
2926 4533 3066 4586 enim
3096 4532 3388 4602 poti-rimus

1810 4625 1957 4679 brevi
1990 4614 2227 4694 tempore
2255 4641 2284 4678 a
2329 4626 2481 4679 malis
2500 4667 2515 4690 ,
2544 4626 2737 4695 quibus
2766 4625 3066 4681 detinentur
3088 4667 3105 4691 ,
3133 4626 3305 4694 eripi,
3333 4636 3389 4681 et

1810 4716 2049 4772 ediscere
2069 4732 2174 4788 quo
2205 4717 2254 4770 in
2284 4726 2426 4772 statu
2462 4718 2607 4788 prius
2632 4732 2867 4781 eramus,
2899 4727 3388 4788 congruentemque

1811 4808 1967 4862 nobis
1995 4808 2232 4877 recipere
2256 4809 2557 4862 libertatem
2588 4826 2600 4862 :
2631 4823 2789 4879 quam
2816 4808 3016 4862 utinam
3043 4824 3228 4862 omnes
3252 4823 3386 4862 con-

1812 4916 2129 4971 sequamur.
2158 4901 2324 4971 gratia
2361 4910 2415 4956 et
2449 4901 2773 4971 benignitate
2818 4900 3025 4955 Domini
3060 4902 3225 4954 nostri
3260 4900 3386 4954 .Iesu

1812 4991 2006 5047 Christi
2032 5034 2049 5060 ,
2079 4992 2165 5047 cui
2187 4994 2351 5063 gloria
2374 5003 2426 5048 et
2449 4994 2729 5064 imperium
2754 4993 2805 5048 in
2828 4992 3021 5048 swcula
3042 4990 3381 5047 saeculorum.

1813 5092 2004 5145 Amen.
