3856 6180
475 244 583 301 2εό

1194 240 1251 297 S.
1289 239 1566 299 JOANNIS
1601 241 2076 301 CHRYSOSTOMI
2113 245 2427 306 ARCBIEP.
2455 250 2990 311 CONSTANTINOP.

3627 265 3740 323 2‘16

1338 435 1345 442 ’
1812 449 2160 513 HOMILIA
2203 452 2346 515 XV.

470 588 598 646 CAP.
629 589 682 645 5.
714 605 765 643 v.
791 591 842 644 1.
876 587 1062 644 Videns
1108 599 1274 645 autem
1323 589 1474 644 Iesus
1522 595 1713 654 turbas,
1741 592 1965 646 ascendit
1990 593 2045 648 in

540 693 774 736 montem.
808 681 876 736 Et
905 700 1018 736 cum
1055 684 1282 745 sedisset,
1313 695 1624 738 accesserunt
1652 686 1719 738 ad
1747 703 1860 738 eum
1886 687 2044 740 disci-

537 774 648 845 puli
672 775 815 847 ejus:
833 775 888 828 ‘2.
917 785 966 827 et
1001 775 1226 844 aperiens
1249 792 1305 828 os
1333 792 1476 828 suum
1501 776 1704 830 docebat
1733 794 1815 830 eos
1834 776 1932 848 (a),
1964 779 2043 831 di-

535 883 650 919 cens
674 883 692 919 :
723 865 863 918 Beati
891 883 1138 936 pauperes
1165 867 1347 936 spiritu
1366 907 1382 933 ,
1429 868 1665 936 quoniam
1713 869 1940 938 ipsorum
1967 880 2040 924 est

533 975 745 1029 regnum
772 960 1030 1012 calorum.

533 1139 588 1192 l.
644 1139 832 1191 Christi
859 1139 1101 1193 modestia
1123 1142 1288 1208 qualis
1315 1150 1361 1194 et
1385 1142 1633 1210 quomodo
1662 1142 1926 1196 imitanda.
1958 1142 2041 1198 Ex

461 1229 644 1298 agendi
664 1230 858 1284 ratione
884 1230 1066 1283 Christi
1091 1230 1361 1285 Maniclttsi
1378 1233 1534 1286 obiter
1552 1234 1869 1303 refelluntur.
1892 1233 2041 1290 Chri-

459 1329 564 1373 stus
603 1320 882 1389 discipulos
922 1323 1182 1392 alloquens
1232 1334 1390 1376 totum
1440 1325 1604 1378 orbem
1645 1325 1938 1395 alloquitur.
1966 1357 2040 1367 —

463 1410 593 1464 Vide
617 1427 773 1480 quam
803 1429 830 1465 a
879 1413 1014 1467 fastu
1058 1424 1111 1468 et
1137 1417 1428 1468 ambitione
1469 1416 1538 1471 sit
1578 1417 1804 1470 alienus.
1853 1417 2034 1488 Neque

459 1504 599 1556 enim
625 1521 805 1558 secum
834 1506 1188 1562 circumduxit
1214 1525 1328 1573 eos,
1351 1509 1443 1584 sed
1471 1526 1592 1564 cum
1618 1511 1789 1565 morbi
1813 1513 2035 1568 curandi

459 1603 632 1658 erant,
658 1599 769 1665 ipse
799 1597 1057 1652 circuibat
1089 1600 1354 1670 undique.
1387 1589 1442 1655 et
1482 1602 1642 1657 urbes
1669 1611 1724 1657 et
1750 1602 1868 1658 loca
1905 1604 2034 1659 visi-

458 1699 574 1742 tans
599 1707 612 1742 :
640 1691 851 1759 quando
879 1702 1057 1746 autem
1085 1693 1235 1746 turba
1279 1694 1484 1757 aderat,
1517 1711 1621 1747 uno
1659 1697 1711 1748 in
1740 1694 1860 1750 loco
1889 1711 2036 1751 cam-

459 1782 618 1847 pestri
662 1781 808 1835 sedet
835 1823 848 1844 ,
890 1799 994 1836 non
1021 1784 1071 1836 in
1101 1783 1230 1838 urbe
1257 1795 1348 1838 aut
1377 1785 1429 1838 in
1457 1785 1634 1840 medio
1665 1787 1778 1841 foro
1803 1829 1816 1850 ,
1853 1789 1947 1843 sed
1980 1789 2032 1842 in

460 1885 662 1936 monte,
700 1872 1016 1936 indeserto,
1048 1885 1105 1928 ut
1131 1874 1321 1930 doceat
1346 1891 1442 1930 nos
1470 1877 1602 1930 nihil
1629 1877 1695 1932 ad
1722 1880 2035 1934 ostentatio-

453 1981 575 2021 nem
601 1967 890 2022 faciendum
927 1983 1064 2032 esse,
1107 1978 1161 2022 et
1207 1985 1235 2022 a
1267 1969 1456 2024 mediis
1486 1971 1802 2026 tumultibus
1843 1972 2032 2028 absce-

453 2060 682 2114 dendnm
702 2103 716 2127 ,
748 2077 868 2117 cum
919 2062 1144 2119 maxime
1174 2065 1534 2135 philosophari
1581 2073 1824 2134 oportet,
1857 2064 2031 2137 deque

453 2155 769 2210 necessariis
796 2155 953 2209 rebus
1001 2155 1288 2211 disserere.
1321 2157 1454 2211 Cum
1491 2155 1815 2212 ascendisset
1852 2168 2030 2213 autem

450 2255 609 2315 atque
637 2245 882 2310 sedisset,
913 2255 1255 2301 accesserunt
1271 2247 1540 2318 discipuli.
1561 2247 1744 2305 Viden’
1765 2264 1950 2303 eorum
1975 2249 2030 2304 in

448 2337 641 2392 virtute
669 2337 982 2404 profectum,
1005 2349 1057 2393 et
1079 2339 1347 2408 quomodo
1379 2349 1600 2409 repente
1628 2343 1878 2396 meliores
1905 2349 2030 2394 sunt

447 2427 656 2482 allecti?
677 2428 823 2482 Multi
846 2445 1070 2499 namque
1093 2430 1468 2485 miraculorum
1490 2440 1816 2501 spectatores
1837 2440 2025 2497 erant;

447 2521 501 2574 bi
535 2535 661 2575 vero
691 2536 934 2590 magnum
963 2520 1227 2592 quidpiam
1257 2530 1311 2576 et
1330 2522 1602 2578 excelsum
1627 2524 1811 2580 audire
1831 2526 2020 2595 cupieo

445 2611 609 2667 bant:
640 2613 778 2682 quod
807 2613 969 2666 etiam
998 2613 1142 2666 illum
1170 2613 1235 2668 ad
1267 2614 1568 2670 docendum
1598 2616 1827 2686 induxit,
1860 2628 2024 2689 utque

444 2707 543 2761 bos
580 2708 842 2762 ordiretur
870 2724 1146 2763 sermones
1173 2710 1369 2765 effecit.
1412 2709 1596 2783 Neque
1624 2715 1764 2767 enim
1796 2729 2022 2784 corpora

443 2809 643 2853 tantum
684 2801 935 2864 curabat,
963 2800 1055 2854 sed
1107 2802 1265 2856 etiam
1311 2803 1516 2858 animas
1555 2805 1914 2872 emendabat,
1959 2821 2022 2862 ac

441 2905 651 2945 rursum
681 2892 747 2946 ab
791 2892 890 2946 bac
918 2907 1043 2947 cura
1073 2892 1140 2947 ad
1169 2893 1312 2948 illam
1345 2895 1576 2960 redibat,
1628 2897 1706 2951 sic
1753 2898 1902 2952 utilia
1931 2915 2022 2953 va-

440 2984 614 3049 rians,
643 2993 698 3038 et
723 2985 1004 3039 verborum
1036 2987 1290 3040 doctrina:
1316 3002 1542 3064 operum
1569 2987 1890 3043 documenta
1922 2989 2023 3044 mi-

438 3090 613 3141 scens,
636 3075 816 3147 sicque
841 3075 1164 3146 impudentia
1192 3079 1565 3134 bzereticorum
1587 3080 1873 3136 obstruens
1903 3096 2018 3152 ora,

437 3168 563 3222 dum
590 3170 864 3238 utriusque
886 3171 1198 3225 substantia:
1219 3186 1404 3226 curam
1423 3182 1654 3242 gereret,
1675 3174 2018 3230 ostenderet-

435 3275 539 3331 que
565 3275 624 3316 se
643 3261 890 3315 animalis
917 3263 1080 3316 totius
1095 3277 1216 3318 esse
1241 3263 1570 3319 Creatorem.
1596 3265 1721 3321 ldeo
1744 3267 2020 3339 utriusque

435 3363 638 3408 natura:
667 3355 1053 3424 providentiam
1075 3357 1326 3426 gerebat,
1354 3373 1495 3412 nunc
1519 3359 1677 3427 hanc,
1706 3376 1848 3415 nunc
1874 3362 2017 3417 illam

434 3446 744 3502 emendatis.
769 3448 920 3515 Quod
952 3459 1076 3504 tunc
1105 3453 1264 3503 etiam
1298 3451 1543 3506 faciebat.
1577 3452 1708 3508 Nam
1736 3453 1977 3524 Aperiens
1999 3497 2015 3521 ,

433 3541 622 3611 inquit,
641 3558 697 3595 os
714 3559 860 3595 suum
885 3543 1092 3596 docebat
1111 3559 1214 3598 eos.
1242 3543 1312 3598 Et
1331 3561 1432 3614 qua
1457 3545 1525 3600 de
1549 3560 1708 3601 causa
1734 3547 1819 3603 hic
1841 3547 2012 3621 addit,

432 3633 676 3703 Aperiens
705 3651 759 3687 os
782 3636 970 3688 suum?
990 3634 1060 3691 Ut
1083 3636 1257 3691 discas
1286 3653 1406 3691 eum
1433 3639 1592 3692 etiam
1621 3647 1882 3695 tacentem
1913 3641 2016 3695 do-

431 3725 627 3790 cuisse,
660 3741 759 3779 nec
790 3726 947 3780 modo
973 3728 1308 3796 loquentem;
1336 3728 1430 3782 scd
1457 3745 1596 3783 nunc
1621 3745 1683 3784 os
1708 3733 1979 3800 aperuisse
1999 3774 2014 3796 ,

431 3831 570 3870 nunc
601 3829 692 3884 per
718 3831 876 3886 opera
903 3817 1014 3886 ipsa
1044 3833 1226 3872 vocem
1253 3819 1513 3875 emisisse.
1543 3820 1674 3874 Cum
1695 3822 1846 3876 nudis
1865 3839 2012 3890 vero,

430 3904 650 3959 Docebat
676 3923 780 3971 eos,
809 3923 876 3962 ne
895 3918 1048 3976 putes
1076 3908 1248 3980 ipsum
1271 3911 1413 3964 solos
1449 3910 1738 3981 discipulos
1773 3913 1971 3985 alloqui
1995 3932 2011 3981 ;

431 3995 524 4050 sed
556 4011 650 4066 per
678 3997 814 4060 illos,
843 3999 974 4052 alios
1005 4013 1211 4053 omnes.
1236 4000 1367 4068 Quia
1396 4001 1538 4056 enim
1568 4001 1722 4057 turba
1746 4004 2013 4074 popularis

430 4102 546 4144 erat
569 4131 585 4156 ,
616 4108 679 4146 ex
706 4106 889 4146 eorum
921 4108 1143 4147 numero
1171 4094 1260 4164 qui
1294 4094 1436 4148 humi
1467 4097 1756 4166 repebant,
1785 4098 2013 4168 discipu-

429 4181 600 4237 lorum
625 4182 850 4239 chorum
873 4195 996 4238 ante
1019 4200 1078 4239 se
1097 4186 1446 4250 constituens,
1468 4187 1535 4242 ad
1556 4189 1678 4243 illos
1707 4204 2009 4245 sermonem

428 4273 627 4345 dirigit,
654 4274 814 4329 verba
844 4290 936 4329 sua
970 4275 1038 4328 ita
1068 4286 1392 4345 temperans.
1423 4287 1478 4330 ut
1500 4281 1708 4333 czcteris
1739 4279 2006 4348 munibus,

427 4366 516 4436 qui
542 4367 593 4420 in
619 4365 698 4420 bis
721 4366 1004 4421 admodum
1027 4368 1184 4421 rudes
1203 4378 1372 4431 erant,
1397 4369 1746 4440 philosophiae
1768 4372 2008 4427 doctrina

429 4472 533 4512 non
562 4457 783 4511 molesta
807 4468 968 4512 esset.
1001 4459 1152 4524 Quod
1183 4459 1340 4514 etiam
1368 4459 1538 4514 Lucas
1563 4463 1904 4517 subindicans
1927 4463 2010 4519 di-

426 4549 610 4612 cebat,
639 4549 808 4618 ipsum
838 4566 1139 4605 sermonem
1171 4551 1237 4605 ad
1265 4565 1359 4606 eos
1385 4554 1710 4608 convertisse
1755 4553 1918 4624 (Luc.
1949 4555 2001 4611 6.

425 4640 538 4711 27)
577 4659 589 4694 :
621 4651 674 4696 et
705 4642 983 4696 Mattbmus
1013 4642 1238 4711 idipsum
1269 4644 1592 4714 significans,
1621 4644 1755 4699 dixit
1786 4663 1799 4700 :
1827 4647 2006 4701 Acces-

424 4743 596 4788 scrunt
631 4736 697 4787 ad
726 4750 837 4786 eum
868 4735 1101 4805 discipuli
1148 4735 1278 4805 ejus,
1317 4746 1362 4789 et
1391 4735 1596 4789 docebat
1629 4753 1731 4790 eos.
1760 4737 1834 4790 lla
1862 4739 2002 4792 enim

421 4827 598 4881 carteri
640 4827 890 4880 attentius
927 4825 1154 4880 audituri
1181 4835 1370 4889 erant,
1417 4843 1572 4898 quam
1621 4828 1665 4881 si
1709 4828 1775 4882 ad
1818 4845 2004 4886 omnes

421 4919 581 4973 verba
617 4918 915 4973 direxisset.
951 4917 1099 4973 Unde
1126 4933 1252 4988 ergo
1278 4919 1454 4987 incipit
1480 4961 1494 4982 ,
1531 4930 1584 4973 et
1621 4936 1739 4990 qua:
1768 4922 1888 4976 novi
1919 4923 2002 4976 in-

421 5011 589 5067 stituti
618 5011 958 5065 fundamenta
992 5011 1142 5063 nobis
1177 5011 1366 5079 ponit?
1395 5011 1684 5067 Audiamus
1723 5014 2004 5084 diligenter

420 5115 484 5156 ea
510 5117 627 5172 qua!
649 5103 900 5158 tlicuntur
928 5119 941 5154 :
975 5101 1081 5154 illis
1109 5118 1335 5170 namque
1376 5101 1514 5157 dicta
1544 5115 1695 5170 sunt,
1726 5116 1779 5158 et
1807 5107 2000 5176 scripta

421 5204 543 5247 sunt
595 5210 688 5262 pro
740 5195 986 5249 omnibus
1017 5205 1135 5264 post
1177 5195 1389 5249 futuris.
1437 5195 1638 5250 Idcirco
1679 5200 2000 5253 concinnatis

419 5283 632 5352 quidem
681 5283 970 5354 discipulos
1009 5287 1326 5356 alloquitur;
1379 5302 1552 5356 neque
1593 5291 1850 5343 tamenin
1895 5291 2000 5344 illis

419 5374 559 5426 dicta
596 5375 1022 5438 circumscribit,
1070 5377 1163 5431 sed
1194 5378 1602 5434 indeterminate
1645 5381 1998 5436 beatitudines

419 5481 605 5521 omnes
635 5466 851 5536 profert.
896 5467 1010 5522 Non
1041 5471 1180 5523 enim
1210 5470 1343 5524 dixit
1370 5513 1385 5539 ,
1429 5471 1576 5526 Beati
1625 5473 1754 5528 estis
1784 5489 1878 5528 vos
1905 5514 1920 5537 ,
1952 5474 1998 5528 si

482 5682 556 5747 (α)
588 5683 642 5735 in
661 5684 762 5736 hac
787 5686 952 5750 verba,
980 5686 1178 5738 docebat
1199 5701 1296 5752 eos,
1316 5689 1483 5742 titulus
1503 5690 1687 5742 desinit
1706 5705 1830 5755 apuu
1853 5691 1991 5742 sani.

2153 591 2414 667 pauperes
2440 597 2678 666 fueritis;
2719 605 2812 660 sed
2836 645 2850 670 ,
2881 605 3026 662 Beati
3049 625 3314 680 pauperes.
3345 611 3497 669 Certe
3522 617 3742 674 etiamsi

2148 686 2257 742 illis
2302 690 2578 758 speciatim
2626 693 2888 763 dixisset,
2937 704 3236 756 communia
3288 712 3462 760 tamen
3508 709 3740 764 consilia

2149 777 2318 833 futura
2350 792 2520 835 erant.
2553 783 2761 841 Etenim
2785 802 2904 842 cum
2932 789 3134 846 diceret
3166 811 3179 847 :
3214 793 3344 848 Ecce
3365 813 3455 866 ego
3475 799 3740 853 vobiscum

2145 885 2257 922 sum
2286 872 2516 926 omnibus
2559 876 2732 929 diebus
2759 895 2914 948 usque
2943 882 3012 934 ad
3037 888 3517 941 consummationem
3555 893 3737 944 seaculi

2146 960 2370 1033 (Matth.
2402 965 2491 1020 28.
2519 964 2623 1036 20)
2658 986 2672 1022 :
2706 985 2810 1024 non
2842 972 2961 1026 illos
2990 974 3160 1028 solum
3199 978 3519 1047 alloquitur,
3549 981 3644 1036 sed
3675 993 3741 1038 et

2147 1067 2240 1119 per
2281 1053 2400 1108 illos
2430 1064 2597 1111 totum
2626 1060 2811 1114 orbem
2845 1079 2858 1115 :
2885 1073 2940 1117 et
2967 1080 3087 1117 cum
3118 1067 3234 1120 illos
3259 1067 3443 1123 beatos
3475 1071 3736 1138 praedicat

2137 1146 2609 1224 persequutiooem
2653 1150 2912 1216 patientes
2949 1194 2964 1214 ,
2996 1157 3178 1221 pulsos
3205 1198 3220 1220 ,
3267 1169 3322 1211 et
3369 1158 3732 1215 intolerabilia

2142 1234 2497 1301 sustinentes;
2523 1254 2626 1292 non
2652 1240 2757 1294 illis
2783 1251 3006 1310 tantum,
3031 1246 3125 1300 sed
3147 1249 3305 1302 etiam
3332 1252 3578 1306 omnibus
3602 1253 3732 1308 talia

2141 1323 2354 1380 fortiter
2400 1328 2692 1385 ferentibus
2743 1348 2997 1390 coronam
3051 1340 3234 1393 nectit.
3265 1342 3524 1398 Cit-terum
3573 1355 3631 1399 ut
3671 1346 3730 1400 id

2139 1416 2332 1472 clarius
2359 1419 2585 1486 evadat,
2618 1434 2671 1476 et
2699 1423 2874 1480 discas
2901 1442 2962 1481 ea
2991 1445 3108 1498 quae
3132 1431 3268 1485 dicta
3291 1444 3412 1487 sunt
3451 1436 3542 1489 tibi
3567 1453 3730 1490 com-

2137 1510 2316 1562 munia
2334 1525 2480 1578 esse,
2509 1528 2714 1569 necnon
2742 1518 2835 1570 toti
2860 1518 3104 1575 humana:
3127 1534 3347 1587 naturae,
3372 1526 3416 1580 si
3442 1528 3730 1583 attendere

2138 1601 2403 1657 voluerint
2427 1646 2443 1670 ,
2469 1606 2592 1659 audi
2619 1610 2885 1677 quomodo
2915 1612 3054 1667 hunc
3082 1615 3375 1671 mirabilem
3416 1635 3734 1676 sermonem

2136 1691 2391 1747 ordiatur.
2426 1695 2480 1750 5.
2509 1695 2654 1750 Beati
2697 1717 2942 1771 pauperes
2979 1706 3157 1774 spiritu
3182 1748 3197 1772 ,
3226 1711 3464 1779 quoniam
3491 1716 3727 1783 ipsorum

2107 1804 2110 1806 τ
2137 1792 2210 1835 est
2238 1800 2447 1855 regnum
2490 1789 2750 1842 cwlorum.
2779 1794 2877 1860 Qui
2910 1805 3036 1849 sunt
3063 1796 3320 1868 Pauperes
3347 1803 3525 1872 spiritu
3549 1805 3576 1858 .’
3605 1805 3722 1859 llu-

2135 1874 2328 1940 miles,
2359 1888 2413 1930 et
2460 1880 2638 1934 animo
2680 1885 2913 1938 contriti.
2958 1885 3212 1955 Spiritum
3263 1892 3404 1946 enim
3451 1892 3535 1949 hic
3585 1895 3726 1952 dicit

2135 1968 2366 2021 animam
2411 1979 2466 2024 et
2496 1973 2780 2028 voluntatis
2823 1980 3168 2045 propositum.
3203 1981 3332 2048 Quia
3375 1985 3516 2038 enim
3559 1989 3721 2044 multi

2135 2067 2259 2111 sunt
2287 2060 2535 2128 humiles,
2566 2078 2671 2118 non
2700 2077 2891 2134 sponte
2915 2085 3046 2134 sua,
3075 2072 3169 2125 sed
3196 2089 3372 2128 rerum
3397 2078 3725 2134 necessitate

2132 2149 2341 2213 coacti,
2372 2151 2495 2206 illos
2521 2156 2736 2210 mittens
2765 2158 2976 2229 (neque
3003 2163 3143 2216 enim
3174 2165 3224 2218 id
3257 2166 3398 2220 laudi
3429 2166 3576 2243 est),
3618 2187 3717 2227 eos

2130 2240 2220 2309 qui
2264 2257 2329 2296 ex
2358 2245 2649 2301 voluntatis
2677 2253 2952 2319 proposito
2988 2268 3106 2308 sese
3133 2254 3412 2312 bumiliaut
3437 2274 3501 2315 ac
3523 2240 3718 2331 depri-

2131 2341 2313 2398 munt,
2348 2334 2550 2402 primos
2572 2339 2754 2393 beatos
2780 2344 3028 2411 appellat.
3057 2345 3124 2399 Et
3149 2363 3246 2400 cur
3272 2365 3375 2404 non
3402 2351 3564 2420 dixit,
3598 2353 3716 2408 Hu-

2129 2427 2280 2480 miles
2305 2469 2321 2494 ,
2349 2430 2466 2495 sed,
2502 2431 2807 2501 Pauperes?
2832 2438 2966 2502 Quia
2992 2439 3092 2494 hoc
3119 2441 3212 2494 illo
3239 2445 3573 2512 praestantius
3600 2458 3709 2501 est.

2129 2516 2260 2571 Nam
2290 2518 2374 2574 hic
2395 2520 2527 2576 dicit
2555 2539 2672 2591 eos,
2703 2528 2793 2594 qui
2828 2528 2918 2582 Dei
2947 2541 3211 2600 praecepta
3235 2544 3475 2590 metuunt
3497 2543 3554 2590 et
3573 2551 3714 2591 con-

2133 2612 2442 2667 tremiscunt
2471 2630 2486 2668 :
2517 2631 2650 2684 quos
2686 2630 2738 2670 et
2771 2635 2864 2688 per
2890 2620 3077 2676 Isaiam
3110 2625 3423 2696 pr0pbetam
3453 2643 3511 2683 se
3550 2629 3713 2686 valde

2125 2713 2374 2774 acceptos
2405 2705 2600 2761 habere
2635 2709 2772 2764 Deus
2797 2711 3034 2770 declarat
3064 2732 3077 2768 :
3113 2718 3191 2770 ,δά
3216 2735 3359 2789 quem
3389 2721 3659 2792 respiciam
3684 2765 3713 2788 ,

2124 2799 2223 2853 nisi
2255 2799 2327 2852 ad
2347 2812 2666 2857 mansuetum
2688 2816 2734 2860 et
2754 2810 3002 2877 quietum,
3027 2821 3071 2863 et
3093 2820 3389 2868 trementem
3413 2817 3562 2870 verba
3589 2833 3707 2870 mea

2125 2889 2289 2958 (lsai.
2323 2893 2409 2947 66.
2441 2893 2474 2946 2
2503 2896 2562 2964 )‘t

2192 2984 2246 3038 2.
2289 2984 2444 3040 Multi
2487 2991 2787 3047 humilitatis
2831 2996 2986 3049 modi.
3024 3028 3094 3038 —
3129 3000 3335 3058 Etenim
3379 3007 3530 3063 multi
3575 3021 3718 3068 sunt

2124 3076 2432 3134 humilitatis
2449 3083 2593 3136 modi
2619 3105 2631 3138 :
2660 3096 2712 3138 et
2736 3087 2869 3140 alius
2891 3089 3102 3159 quidem
3124 3103 3206 3148 est
3229 3099 3502 3156 moderate
3526 3101 3708 3158 bumi-

2124 3170 2188 3223 lis
2207 3213 2220 3232 ,
2253 3174 2387 3226 al.us
2417 3188 2543 3228 vero
2571 3192 2730 3244 supra
2760 3179 2995 3235 modum.
3044 3183 3190 3240 l-lanc
3236 3204 3396 3255 porro
3428 3191 3704 3251 humilita-

2123 3272 2228 3318 tem
2257 3266 2433 3320 laudat
2466 3270 2652 3323 beatus
2680 3273 2937 3342 propheta
2959 3315 2974 3340 ,
3007 3293 3110 3331 non
3142 3279 3454 3350 depressum
3491 3287 3706 3358 simpli-

2121 3357 2254 3411 citer
2296 3361 2530 3414 animum
2579 3362 2918 3434 describens,
2964 3371 3056 3424 sed
3103 3374 3323 3430 omnino
3373 3357 3700 3448 contritum,

2121 3466 2239 3502 cum
2276 3453 2384 3505 ait:
2423 3453 2746 3522 Sacri/icium
2787 3457 2894 3518 Deo
2933 3464 3141 3529 spiritus
3187 3470 3570 3536 contribulatus,
3613 3492 3706 3529 cor

2120 3543 2391 3596 contritum
2413 3555 2463 3598 et
2484 3546 2838 3616 humiliatum,
2886 3551 3054 3618 Deus,
3104 3573 3206 3611 non
3245 3560 3486 3632 despicies
3522 3565 3700 3636 (Psal.

2121 3634 2208 3688 50.
2254 3636 2364 3704 l9).
2405 3637 2550 3693 llane
2588 3650 2642 3694 et
2687 3651 2795 3696 tres
2839 3647 2990 3713 pueri
3040 3663 3137 3719 pro
3188 3667 3382 3723 magno
3431 3634 3698 3714 Sacrificio

2120 3727 2229 3781 Deo
2259 3730 2506 3795 ollerunt,
2535 3731 2773 3789 dicentes
2797 3753 2810 3788 :
2841 3736 2948 3790 Sed
2985 3739 3039 3792 in
3079 3742 3250 3796 anima
3275 3746 3509 3816 contrita,
3535 3758 3580 3803 et
3599 3755 3704 3820 spi-

2117 3822 2214 3873 ritu
2237 3821 2499 3878 hundliato
2519 3827 2855 3896 suscipiamur
2883 3829 3048 3900 (Dan.
3076 3833 3132 3888 5.
3161 3836 3274 3906 59).
3299 3838 3447 3896 Hatic
3468 3850 3521 3896 et
3543 3842 3704 3899 Chri-

2117 3922 2231 3965 stus
2259 3914 2468 3970 beatam
2495 3933 2635 3971 nunc
2665 3921 2935 3988 pricdicat.
2967 3925 3099 3989 Quia
3130 3927 3271 3980 ettim
3301 3931 3529 3986 maxima
3557 3934 3699 3991 mala

2116 4019 2234 4072 qua:
2287 4015 2452 4060 totum
2501 4010 2688 4064 orbem
2735 4013 3053 4072 labefactant
3099 4032 3164 4072 ex
3209 4022 3454 4090 superbia
3481 4025 3701 4096 prodie-

2097 4107 2273 4164 ,ruut;
2314 4101 2742 4173 quandoquidem
2788 4107 3068 4176 diabolus,
3113 4112 3204 4181 qui
3254 4114 3372 4169 talis
3415 4125 3540 4175 ante
3585 4134 3700 4178 non

2115 4191 2320 4256 fuerat,
2349 4195 2427 4248 sic
2459 4197 2698 4252 diabolus
2725 4199 2949 4256 effectus
2976 4214 3059 4258 est
3091 4223 3104 4258 :
3133 4205 3273 4274 quod
3308 4208 3472 4264 etiam
3500 4210 3696 4267 Paulus

2113 4286 2357 4345 dicebat:
2384 4288 2468 4343 Ne
2489 4294 2697 4360 inﬂatus
2719 4294 2769 4346 in
2784 4295 3035 4364 judicium
3057 4297 3246 4352 incidat
3265 4300 3455 4356 diaboli
3475 4304 3522 4374 (Ι
3537 4303 3694 4360 .Tim.

2112 4379 2168 4434 3.
2201 4380 2275 4449 6).
2307 4381 2513 4436 Primus
2538 4399 2750 4455 quoque
2777 4386 2935 4442 homo
2963 4387 3064 4444 hac
3091 4390 3344 4448 adiabolo
3369 4393 3580 4450 inﬂatus
3597 4410 3698 4468 spe

2111 4473 2472 4542 praecipitatus
2513 4484 2567 4529 et
2597 4477 2836 4532 mortalis
2880 4479 3048 4535 factus
3078 4491 3161 4537 est
3187 4501 3201 4539 :
3232 4499 3353 4541 cum
3383 4487 3524 4542 enim
3565 4503 3694 4560 spe-

2111 4576 2282 4620 rasset
2306 4582 2364 4622 se
2394 4567 2550 4622 deum
2596 4568 2747 4634 fore,
2776 4570 2932 4626 etiam
2976 4573 3026 4626 id
3072 4574 3213 4643 quod
3260 4575 3488 4633 habebat
3516 4580 3701 4650 perdi-

2109 4658 2212 4712 dit.
2240 4657 2390 4726 Quod
2433 4669 2487 4714 et
2537 4661 2674 4715 licus
2723 4661 2822 4732 ipsi
2855 4667 3206 4737 exprobrans,
3239 4676 3294 4722 et
3334 4669 3692 4739 insipientiam

2109 4749 2223 4819 ejus
2265 4751 2547 4806 traducens
2567 4793 2582 4818 ,
2623 4753 2869 4808 dicebat:
2903 4753 3037 4807 Ecce
3068 4757 3232 4810 Adam
3273 4760 3436 4829 [actus
3461 4770 3535 4813 est
3559 4761 3692 4816 sicut

2109 4859 2243 4896 unus
2266 4859 2329 4897 ea:
2355 4843 2496 4896 nobis
2536 4842 2690 4914 (Cen.
2733 4846 2785 4900 5.
2827 4844 2942 4916 22).
2991 4845 3194 4917 Singuli
3239 4859 3414 4906 autem
3446 4852 3538 4921 qui
3570 4865 3693 4922 post

2108 4936 2354 5002 fuerunt,
2402 4935 2528 4991 hinc
2555 4939 2605 4990 in
2655 4938 2978 5008 impietatem
3025 4942 3244 5011 eollapsi
3286 4951 3446 5010 sunt,
3483 4959 3543 4999 se
3577 4945 3692 5001 Deo

2105 5028 2337 5097 mquales
2380 5028 2750 5100 imaginantes.
2794 5030 3053 5097 Quoniam
3095 5031 3255 5105 igitur
3281 5035 3397 5094 haec
3423 5037 3690 5094 malorum

2106 5134 2198 5175 arx
2245 5131 2386 5189 erat,
2423 5124 2656 5194 itemque
2700 5124 2855 5180 radix
2906 5134 2960 5181 et
3006 5126 3124 5181 fons
3167 5128 3343 5184 omnis
3390 5130 3688 5202 nequitiam

2107 5217 2294 5266 morbo
2319 5230 2616 5284 congruens
2647 5217 2945 5271 remedium
2975 5233 3272 5288 apparans,
3302 5221 3451 5290 quasi
3479 5221 3694 5278 [unda-

2107 5318 2343 5363 mcntum
2376 5309 2583 5363 firmum
2608 5319 2662 5364 et
2686 5319 2855 5363 tutum
2884 5309 3022 5364 hanc
3047 5311 3275 5380 primam
3291 5315 3468 5383 posuit
3489 5315 3686 5386 legem.

2106 5401 2216 5456 llac
2257 5402 2400 5456 enim
2443 5403 2643 5470 posita.
2678 5411 2791 5456 tuto
2817 5413 3009 5458 caetera
3037 5404 3214 5459 omnia
3243 5407 3560 5476 superponit
3595 5425 3685 5461 ar-

2103 5496 2366 5552 chiteetus
2394 5514 2408 5550 :
2439 5495 2539 5551 bac
2585 5511 2714 5552 vero
2760 5497 3004 5564 sublata,
3057 5498 3104 5554 si
3153 5499 3274 5570 quis
3317 5514 3389 5555 ex
3435 5501 3686 5556 instituto

2102 5591 2225 5645 vitae
2251 5590 2334 5644 vel
2363 5589 2429 5644 ad
2453 5589 2642 5646 caalum
2671 5591 2969 5661 pertingat,
3004 5592 3184 5647 omnia
3223 5591 3380 5650 facile
3402 5604 3600 5661 ruunt,
3629 5603 3685 5651 et

2105 5681 2156 5735 in
2184 5696 2470 5751 pessnuum
2497 5681 2652 5739 linem
2679 5682 2950 5738 desinunt.
2977 5683 3085 5741 Etsi
3113 5684 3371 5755 jejunium
3389 5725 3405 5754 ,
3431 5686 3535 5743 etsi
3563 5702 3690 5744 ora-
