  <div class='ocr_page' id='page_1' title='image "/cluster/home/n/w/nwhite01/storage/ocr_20150623/57-58/hvd.32044012465811/154.png"; bbox 0 0 3856 6180; ppageno 0'>
   <div class='ocr_carea' id='block_1_1' title="bbox 134 230 238 286">
    <p class='ocr_par' dir='ltr' id='par_1_1' title="bbox 134 230 238 286">
     <span class='ocr_line' id='line_1_1' title="bbox 134 230 238 286; baseline 0 0"><span class='ocrx_word' id='word_1_1' title='bbox 134 230 238 286; x_wconf 65' lang='grc' dir='ltr'><strong>ἥδ</strong></span> 
     </span>
    </p>
   </div>
   <div class='ocr_carea' id='block_1_2' title="bbox 138 345 1707 419">
    <p class='ocr_par' dir='ltr' id='par_1_2' title="bbox 138 345 1707 419">
     <span class='ocr_line' id='line_1_2' title="bbox 138 345 1707 419; baseline 0 -17"><span class='ocrx_word' id='word_1_2' title='bbox 138 352 377 411; x_wconf 87' lang='lat' dir='ltr'><strong>tionem,</strong></span> <span class='ocrx_word' id='word_1_3' title='bbox 432 346 534 402; x_wconf 87' lang='lat' dir='ltr'><strong>etsi</strong></span> <span class='ocrx_word' id='word_1_4' title='bbox 578 345 975 419; x_wconf 81' lang='lat' dir='ltr'><strong>eIeemosynam</strong></span> <span class='ocrx_word' id='word_1_5' title='bbox 1003 387 1018 411; x_wconf 90' lang='lat'><strong>,</strong></span> <span class='ocrx_word' id='word_1_6' title='bbox 1070 346 1171 402; x_wconf 87' lang='lat' dir='ltr'><strong>etsi</strong></span> <span class='ocrx_word' id='word_1_7' title='bbox 1216 349 1514 401; x_wconf 85' lang='lat' dir='ltr'><strong>castitatem</strong></span> <span class='ocrx_word' id='word_1_8' title='bbox 1604 348 1707 402; x_wconf 79' lang='lat' dir='ltr'><strong>etsi</strong></span> 
     </span>
    </p>
   </div>
   <div class='ocr_carea' id='block_1_3' title="bbox 133 437 1708 508">
    <p class='ocr_par' dir='ltr' id='par_1_3' title="bbox 133 437 1708 508">
     <span class='ocr_line' id='line_1_3' title="bbox 133 437 1708 508; baseline 0.001 -17"><span class='ocrx_word' id='word_1_9' title='bbox 133 438 276 492; x_wconf 80' lang='lat' dir='ltr'><strong>aliud</strong></span> <span class='ocrx_word' id='word_1_10' title='bbox 321 438 531 507; x_wconf 79' lang='lat' dir='ltr'><strong>quidvis</strong></span> <span class='ocrx_word' id='word_1_11' title='bbox 567 439 764 492; x_wconf 91' lang='lat' dir='ltr'><strong>bonum</strong></span> <span class='ocrx_word' id='word_1_12' title='bbox 792 438 1106 507; x_wconf 84' lang='lat' dir='ltr'><strong>collegeris,</strong></span> <span class='ocrx_word' id='word_1_13' title='bbox 1149 437 1351 508; x_wconf 84' lang='lat' dir='ltr'><strong>absque</strong></span> <span class='ocrx_word' id='word_1_14' title='bbox 1378 438 1708 506; x_wconf 75' lang='lat' dir='ltr'><strong>humilitate,</strong></span> 
     </span>
    </p>
   </div>
   <div class='ocr_carea' id='block_1_4' title="bbox 138 527 1709 599">
    <p class='ocr_par' dir='ltr' id='par_1_4' title="bbox 138 527 1709 599">
     <span class='ocr_line' id='line_1_4' title="bbox 138 527 1709 599; baseline 0.001 -16"><span class='ocrx_word' id='word_1_15' title='bbox 138 530 385 584; x_wconf 76' lang='lat' dir='ltr'><strong>difﬂuunt</strong></span> <span class='ocrx_word' id='word_1_16' title='bbox 412 530 619 593; x_wconf 84' lang='lat' dir='ltr'><strong>omnia,</strong></span> <span class='ocrx_word' id='word_1_17' title='bbox 652 540 706 583; x_wconf 92' lang='lat' dir='ltr'><strong>et</strong></span> <span class='ocrx_word' id='word_1_18' title='bbox 736 538 974 599; x_wconf 89' lang='lat' dir='ltr'><strong>pereunt.</strong></span> <span class='ocrx_word' id='word_1_19' title='bbox 1002 527 1056 583; x_wconf 90' lang='lat' dir='ltr'><strong>Id</strong></span> <span class='ocrx_word' id='word_1_20' title='bbox 1082 530 1241 584; x_wconf 88' lang='lat' dir='ltr'><strong>etiam</strong></span> <span class='ocrx_word' id='word_1_21' title='bbox 1275 528 1544 584; x_wconf 63' lang='lat' dir='ltr'><strong>Pharisato</strong></span> <span class='ocrx_word' id='word_1_22' title='bbox 1571 531 1709 584; x_wconf 83' lang='lat' dir='ltr'><strong>acci-</strong></span> 
     </span>
    </p>
   </div>
   <div class='ocr_carea' id='block_1_5' title="bbox 132 620 1708 692">
    <p class='ocr_par' dir='ltr' id='par_1_5' title="bbox 132 620 1708 692">
     <span class='ocr_line' id='line_1_5' title="bbox 132 620 1708 692; baseline 0.001 -17"><span class='ocrx_word' id='word_1_23' title='bbox 132 624 203 675; x_wconf 89' lang='lat' dir='ltr'><strong>dit</strong></span> <span class='ocrx_word' id='word_1_24' title='bbox 227 620 387 690; x_wconf 81' lang='lat' dir='ltr'><strong>(Luc.</strong></span> <span class='ocrx_word' id='word_1_25' title='bbox 416 620 540 692; x_wconf 82' lang='lat' dir='ltr'><strong>I8).</strong></span> <span class='ocrx_word' id='word_1_26' title='bbox 566 622 698 676; x_wconf 88' lang='lat' dir='ltr'><strong>Nam</strong></span> <span class='ocrx_word' id='word_1_27' title='bbox 729 637 850 676; x_wconf 92' lang='lat' dir='ltr'><strong>cum</strong></span> <span class='ocrx_word' id='word_1_28' title='bbox 892 621 957 675; x_wconf 92' lang='lat' dir='ltr'><strong>ad</strong></span> <span class='ocrx_word' id='word_1_29' title='bbox 996 622 1166 691; x_wconf 88' lang='lat' dir='ltr'><strong>ipsum</strong></span> <span class='ocrx_word' id='word_1_30' title='bbox 1209 621 1420 677; x_wconf 85' lang='lat' dir='ltr'><strong>culmen</strong></span> <span class='ocrx_word' id='word_1_31' title='bbox 1460 622 1708 692; x_wconf 89' lang='lat' dir='ltr'><strong>pertigis-</strong></span> 
     </span>
    </p>
   </div>
   <div class='ocr_carea' id='block_1_6' title="bbox 133 715 1707 787">
    <p class='ocr_par' dir='ltr' id='par_1_6' title="bbox 133 715 1707 787">
     <span class='ocr_line' id='line_1_6' title="bbox 133 715 1707 787; baseline 0.001 -19"><span class='ocrx_word' id='word_1_32' title='bbox 133 724 240 777; x_wconf 85' lang='lat' dir='ltr'><strong>set,</strong></span> <span class='ocrx_word' id='word_1_33' title='bbox 276 715 527 769; x_wconf 88' lang='lat' dir='ltr'><strong>omnibus</strong></span> <span class='ocrx_word' id='word_1_34' title='bbox 555 716 767 769; x_wconf 88' lang='lat' dir='ltr'><strong>amissis</strong></span> <span class='ocrx_word' id='word_1_35' title='bbox 796 715 1045 784; x_wconf 89' lang='lat' dir='ltr'><strong>delapsus</strong></span> <span class='ocrx_word' id='word_1_36' title='bbox 1075 725 1176 779; x_wconf 88' lang='lat' dir='ltr'><strong>est,</strong></span> <span class='ocrx_word' id='word_1_37' title='bbox 1209 717 1329 787; x_wconf 87' lang='lat' dir='ltr'><strong>quia</strong></span> <span class='ocrx_word' id='word_1_38' title='bbox 1356 727 1582 772; x_wconf 88' lang='lat' dir='ltr'><strong>matrem</strong></span> <span class='ocrx_word' id='word_1_39' title='bbox 1610 717 1707 770; x_wconf 90' lang='lat' dir='ltr'><strong>bo-</strong></span> 
     </span>
    </p>
   </div>
   <div class='ocr_carea' id='block_1_7' title="bbox 135 807 1704 879">
    <p class='ocr_par' dir='ltr' id='par_1_7' title="bbox 135 807 1704 879">
     <span class='ocr_line' id='line_1_7' title="bbox 135 807 1704 879; baseline 0.003 -19"><span class='ocrx_word' id='word_1_40' title='bbox 135 823 324 861; x_wconf 88' lang='lat' dir='ltr'><strong>norum</strong></span> <span class='ocrx_word' id='word_1_41' title='bbox 367 825 472 862; x_wconf 92' lang='lat' dir='ltr'><strong>non</strong></span> <span class='ocrx_word' id='word_1_42' title='bbox 518 808 717 863; x_wconf 88' lang='lat' dir='ltr'><strong>habuit.</strong></span> <span class='ocrx_word' id='word_1_43' title='bbox 765 807 1222 875; x_wconf 80' lang='lat' dir='ltr'><strong>Quemadmodum</strong></span> <span class='ocrx_word' id='word_1_44' title='bbox 1272 810 1415 864; x_wconf 92' lang='lat' dir='ltr'><strong>enim</strong></span> <span class='ocrx_word' id='word_1_45' title='bbox 1459 810 1704 879; x_wconf 80' lang='lat' dir='ltr'><strong>superbia</strong></span> 
     </span>
    </p>
   </div>
   <div class='ocr_carea' id='block_1_8' title="bbox 130 901 1705 972">
    <p class='ocr_par' dir='ltr' id='par_1_8' title="bbox 130 901 1705 972">
     <span class='ocr_line' id='line_1_8' title="bbox 130 901 1705 972; baseline 0.004 -20"><span class='ocrx_word' id='word_1_46' title='bbox 130 902 244 954; x_wconf 85' lang='lat' dir='ltr'><strong>fons</strong></span> <span class='ocrx_word' id='word_1_47' title='bbox 287 902 464 955; x_wconf 90' lang='lat' dir='ltr'><strong>omnis</strong></span> <span class='ocrx_word' id='word_1_48' title='bbox 508 902 755 970; x_wconf 67' lang='lat' dir='ltr'><strong>nequitiac</strong></span> <span class='ocrx_word' id='word_1_49' title='bbox 797 911 911 964; x_wconf 91' lang='lat' dir='ltr'><strong>est,</strong></span> <span class='ocrx_word' id='word_1_50' title='bbox 957 901 1033 955; x_wconf 87' lang='lat' dir='ltr'><strong>sic</strong></span> <span class='ocrx_word' id='word_1_51' title='bbox 1066 901 1333 955; x_wconf 80' lang='lat' dir='ltr'><strong>humilitas</strong></span> <span class='ocrx_word' id='word_1_52' title='bbox 1361 903 1705 972; x_wconf 76' lang='lat' dir='ltr'><strong>philosophia:</strong></span> 
     </span>
    </p>
   </div>
   <div class='ocr_carea' id='block_1_9' title="bbox 129 993 1705 1064">
    <p class='ocr_par' dir='ltr' id='par_1_9' title="bbox 129 993 1705 1064">
     <span class='ocr_line' id='line_1_9' title="bbox 129 993 1705 1064; baseline 0.002 -18"><span class='ocrx_word' id='word_1_53' title='bbox 129 993 301 1047; x_wconf 85' lang='lat' dir='ltr'><strong>omnis</strong></span> <span class='ocrx_word' id='word_1_54' title='bbox 348 993 689 1063; x_wconf 86' lang='lat' dir='ltr'><strong>principium.</strong></span> <span class='ocrx_word' id='word_1_55' title='bbox 735 993 1089 1059; x_wconf 90' lang='lat' dir='ltr'><strong>Quamobrem</strong></span> <span class='ocrx_word' id='word_1_56' title='bbox 1122 993 1245 1048; x_wconf 90' lang='lat' dir='ltr'><strong>hinc</strong></span> <span class='ocrx_word' id='word_1_57' title='bbox 1275 995 1488 1064; x_wconf 92' lang='lat' dir='ltr'><strong>incipit,</strong></span> <span class='ocrx_word' id='word_1_58' title='bbox 1517 1011 1580 1049; x_wconf 85' lang='lat' dir='ltr'><strong>ex</strong></span> <span class='ocrx_word' id='word_1_59' title='bbox 1612 1010 1705 1049; x_wconf 88' lang='lat' dir='ltr'><strong>au-</strong></span> 
     </span>
    </p>
   </div>
   <div class='ocr_carea' id='block_1_10' title="bbox 128 1087 1705 1157">
    <p class='ocr_par' dir='ltr' id='par_1_10' title="bbox 128 1087 1705 1157">
     <span class='ocr_line' id='line_1_10' title="bbox 128 1087 1705 1157; baseline 0.003 -20"><span class='ocrx_word' id='word_1_60' title='bbox 128 1088 358 1142; x_wconf 85' lang='lat' dir='ltr'><strong>ditorum</strong></span> <span class='ocrx_word' id='word_1_61' title='bbox 396 1087 588 1141; x_wconf 89' lang='lat' dir='ltr'><strong>animis</strong></span> <span class='ocrx_word' id='word_1_62' title='bbox 631 1088 988 1157; x_wconf 78' lang='lat' dir='ltr'><strong>arrogantiam</strong></span> <span class='ocrx_word' id='word_1_63' title='bbox 1030 1088 1269 1142; x_wconf 90' lang='lat' dir='ltr'><strong>evellens</strong></span> <span class='ocrx_word' id='word_1_64' title='bbox 1300 1088 1572 1144; x_wconf 88' lang='lat' dir='ltr'><strong>radicitus.</strong></span> <span class='ocrx_word' id='word_1_65' title='bbox 1606 1088 1705 1142; x_wconf 88' lang='lat' dir='ltr'><strong>Ec-</strong></span> 
     </span>
    </p>
   </div>
   <div class='ocr_carea' id='block_1_11' title="bbox 127 1179 1705 1251">
    <p class='ocr_par' dir='ltr' id='par_1_11' title="bbox 127 1179 1705 1251">
     <span class='ocr_line' id='line_1_11' title="bbox 127 1179 1705 1251; baseline 0.002 -17"><span class='ocrx_word' id='word_1_66' title='bbox 127 1180 248 1248; x_wconf 90' lang='lat' dir='ltr'><strong>quid</strong></span> <span class='ocrx_word' id='word_1_67' title='bbox 275 1179 377 1235; x_wconf 88' lang='lat' dir='ltr'><strong>hoc</strong></span> <span class='ocrx_word' id='word_1_68' title='bbox 402 1180 469 1235; x_wconf 88' lang='lat' dir='ltr'><strong>ad</strong></span> <span class='ocrx_word' id='word_1_69' title='bbox 490 1179 811 1249; x_wconf 87' lang='lat' dir='ltr'><strong>discipulos,</strong></span> <span class='ocrx_word' id='word_1_70' title='bbox 842 1180 1049 1250; x_wconf 81' lang='lat' dir='ltr'><strong>inquies</strong></span> <span class='ocrx_word' id='word_1_71' title='bbox 1070 1223 1082 1244; x_wconf 91' lang='lat'><strong>,</strong></span> <span class='ocrx_word' id='word_1_72' title='bbox 1114 1182 1201 1251; x_wconf 89' lang='lat' dir='ltr'><strong>qui</strong></span> <span class='ocrx_word' id='word_1_73' title='bbox 1226 1183 1444 1235; x_wconf 91' lang='lat' dir='ltr'><strong>omnino</strong></span> <span class='ocrx_word' id='word_1_74' title='bbox 1472 1181 1705 1237; x_wconf 87' lang='lat' dir='ltr'><strong>humiles</strong></span> 
     </span>
    </p>
   </div>
   <div class='ocr_carea' id='block_1_12' title="bbox 126 1270 1699 1342">
    <p class='ocr_par' dir='ltr' id='par_1_12' title="bbox 126 1270 1699 1342">
     <span class='ocr_line' id='line_1_12' title="bbox 126 1270 1699 1342; baseline 0.004 -20"><span class='ocrx_word' id='word_1_75' title='bbox 126 1274 320 1326; x_wconf 72' lang='lat' dir='ltr'><strong>erant?</strong></span> <span class='ocrx_word' id='word_1_76' title='bbox 360 1270 568 1326; x_wconf 84' lang='lat' dir='ltr'><strong>Nullam</strong></span> <span class='ocrx_word' id='word_1_77' title='bbox 610 1273 752 1327; x_wconf 91' lang='lat' dir='ltr'><strong>enim</strong></span> <span class='ocrx_word' id='word_1_78' title='bbox 801 1273 1117 1342; x_wconf 68' lang='lat' dir='ltr'><strong>arrogantiae</strong></span> <span class='ocrx_word' id='word_1_79' title='bbox 1161 1287 1345 1327; x_wconf 88' lang='lat' dir='ltr'><strong>ansam</strong></span> <span class='ocrx_word' id='word_1_80' title='bbox 1396 1273 1699 1341; x_wconf 81' lang='lat' dir='ltr'><strong>habebant,</strong></span> 
     </span>
    </p>
   </div>
   <div class='ocr_carea' id='block_1_13' title="bbox 129 1365 1695 1435">
    <p class='ocr_par' dir='ltr' id='par_1_13' title="bbox 129 1365 1695 1435">
     <span class='ocr_line' id='line_1_13' title="bbox 129 1365 1695 1435; baseline 0.001 -16"><span class='ocrx_word' id='word_1_81' title='bbox 129 1367 415 1433; x_wconf 79' lang='lat' dir='ltr'><strong>piscatores</strong></span> <span class='ocrx_word' id='word_1_82' title='bbox 437 1380 555 1420; x_wconf 89' lang='lat' dir='ltr'><strong>cum</strong></span> <span class='ocrx_word' id='word_1_83' title='bbox 577 1375 753 1420; x_wconf 82' lang='lat' dir='ltr'><strong>essent</strong></span> <span class='ocrx_word' id='word_1_84' title='bbox 779 1406 794 1430; x_wconf 92' lang='lat'><strong>,</strong></span> <span class='ocrx_word' id='word_1_85' title='bbox 823 1381 1083 1435; x_wconf 85' lang='lat' dir='ltr'><strong>pauperes</strong></span> <span class='ocrx_word' id='word_1_86' title='bbox 1103 1406 1119 1430; x_wconf 95' lang='lat'><strong>,</strong></span> <span class='ocrx_word' id='word_1_87' title='bbox 1150 1365 1395 1430; x_wconf 91' lang='lat' dir='ltr'><strong>obscuri,</strong></span> <span class='ocrx_word' id='word_1_88' title='bbox 1427 1374 1478 1419; x_wconf 86' lang='lat' dir='ltr'><strong>et</strong></span> <span class='ocrx_word' id='word_1_89' title='bbox 1496 1366 1695 1421; x_wconf 67' lang='lat' dir='ltr'><strong>idiotas.</strong></span> 
     </span>
    </p>
   </div>
   <div class='ocr_carea' id='block_1_14' title="bbox 129 1456 1700 1526">
    <p class='ocr_par' dir='ltr' id='par_1_14' title="bbox 129 1456 1700 1526">
     <span class='ocr_line' id='line_1_14' title="bbox 129 1456 1700 1526; baseline 0.002 -15"><span class='ocrx_word' id='word_1_90' title='bbox 129 1458 231 1511; x_wconf 79' lang='lat' dir='ltr'><strong>Etsi</strong></span> <span class='ocrx_word' id='word_1_91' title='bbox 264 1456 383 1511; x_wconf 69' lang='lat' dir='ltr'><strong>haec</strong></span> <span class='ocrx_word' id='word_1_92' title='bbox 424 1457 492 1510; x_wconf 87' lang='lat' dir='ltr'><strong>ad</strong></span> <span class='ocrx_word' id='word_1_93' title='bbox 533 1457 822 1525; x_wconf 89' lang='lat' dir='ltr'><strong>discipulos</strong></span> <span class='ocrx_word' id='word_1_94' title='bbox 865 1472 970 1509; x_wconf 93' lang='lat' dir='ltr'><strong>non</strong></span> <span class='ocrx_word' id='word_1_95' title='bbox 1017 1466 1354 1526; x_wconf 85' lang='lat' dir='ltr'><strong>spectarent,</strong></span> <span class='ocrx_word' id='word_1_96' title='bbox 1389 1459 1479 1512; x_wconf 90' lang='lat' dir='ltr'><strong>sed</strong></span> <span class='ocrx_word' id='word_1_97' title='bbox 1510 1459 1575 1513; x_wconf 90' lang='lat' dir='ltr'><strong>ad</strong></span> <span class='ocrx_word' id='word_1_98' title='bbox 1606 1474 1700 1514; x_wconf 86' lang='lat' dir='ltr'><strong>eos</strong></span> 
     </span>
    </p>
   </div>
   <div class='ocr_carea' id='block_1_15' title="bbox 126 1546 1696 1619">
    <p class='ocr_par' dir='ltr' id='par_1_15' title="bbox 126 1546 1696 1619">
     <span class='ocr_line' id='line_1_15' title="bbox 126 1546 1696 1619; baseline 0.001 -17"><span class='ocrx_word' id='word_1_99' title='bbox 126 1549 206 1617; x_wconf 86' lang='lat' dir='ltr'><strong>qui</strong></span> <span class='ocrx_word' id='word_1_100' title='bbox 236 1558 532 1619; x_wconf 62' lang='lat' dir='ltr'><strong>prasentcs</strong></span> <span class='ocrx_word' id='word_1_101' title='bbox 557 1558 709 1603; x_wconf 88' lang='lat' dir='ltr'><strong>erant</strong></span> <span class='ocrx_word' id='word_1_102' title='bbox 738 1546 853 1602; x_wconf 64' lang='lat' dir='ltr'><strong>haec</strong></span> <span class='ocrx_word' id='word_1_103' title='bbox 880 1549 1150 1617; x_wconf 88' lang='lat' dir='ltr'><strong>pertinere</strong></span> <span class='ocrx_word' id='word_1_104' title='bbox 1182 1557 1426 1619; x_wconf 84' lang='lat' dir='ltr'><strong>poterant</strong></span> <span class='ocrx_word' id='word_1_105' title='bbox 1446 1590 1459 1610; x_wconf 84' lang='lat'><strong>.</strong></span> <span class='ocrx_word' id='word_1_106' title='bbox 1490 1566 1696 1604; x_wconf 85' lang='lat' dir='ltr'><strong>necnon</strong></span> 
     </span>
    </p>
   </div>
   <div class='ocr_carea' id='block_1_16' title="bbox 124 1640 1695 1711">
    <p class='ocr_par' dir='ltr' id='par_1_16' title="bbox 124 1640 1695 1711">
     <span class='ocr_line' id='line_1_16' title="bbox 124 1640 1695 1711; baseline 0.001 -19"><span class='ocrx_word' id='word_1_107' title='bbox 124 1640 182 1693; x_wconf 84' lang='lat' dir='ltr'><strong>ad</strong></span> <span class='ocrx_word' id='word_1_108' title='bbox 202 1655 301 1694; x_wconf 87' lang='lat' dir='ltr'><strong>eos</strong></span> <span class='ocrx_word' id='word_1_109' title='bbox 327 1641 411 1709; x_wconf 91' lang='lat' dir='ltr'><strong>qui</strong></span> <span class='ocrx_word' id='word_1_110' title='bbox 437 1650 617 1709; x_wconf 83' lang='lat' dir='ltr'><strong>postea</strong></span> <span class='ocrx_word' id='word_1_111' title='bbox 648 1640 791 1710; x_wconf 84' lang='lat' dir='ltr'><strong>ipsos</strong></span> <span class='ocrx_word' id='word_1_112' title='bbox 822 1640 1095 1708; x_wconf 80' lang='lat' dir='ltr'><strong>excepturi</strong></span> <span class='ocrx_word' id='word_1_113' title='bbox 1119 1650 1290 1701; x_wconf 78' lang='lat' dir='ltr'><strong>erant,</strong></span> <span class='ocrx_word' id='word_1_114' title='bbox 1325 1657 1390 1696; x_wconf 91' lang='lat' dir='ltr'><strong>ne</strong></span> <span class='ocrx_word' id='word_1_115' title='bbox 1417 1652 1695 1711; x_wconf 81' lang='lat' dir='ltr'><strong>propterea</strong></span> 
     </span>
    </p>
   </div>
   <div class='ocr_carea' id='block_1_17' title="bbox 130 1730 1694 1801">
    <p class='ocr_par' dir='ltr' id='par_1_17' title="bbox 130 1730 1694 1801">
     <span class='ocr_line' id='line_1_17' title="bbox 130 1730 1694 1801; baseline 0.002 -18"><span class='ocrx_word' id='word_1_116' title='bbox 130 1731 267 1797; x_wconf 84' lang='lat' dir='ltr'><strong>ipsos</strong></span> <span class='ocrx_word' id='word_1_117' title='bbox 298 1730 667 1800; x_wconf 65' lang='lat' dir='ltr'><strong>despicerent;</strong></span> <span class='ocrx_word' id='word_1_118' title='bbox 700 1730 809 1783; x_wconf 91' lang='lat' dir='ltr'><strong>imo</strong></span> <span class='ocrx_word' id='word_1_119' title='bbox 838 1745 968 1785; x_wconf 87' lang='lat' dir='ltr'><strong>vero</strong></span> <span class='ocrx_word' id='word_1_120' title='bbox 996 1730 1061 1783; x_wconf 89' lang='lat' dir='ltr'><strong>ad</strong></span> <span class='ocrx_word' id='word_1_121' title='bbox 1092 1731 1383 1801; x_wconf 89' lang='lat' dir='ltr'><strong>discipulos</strong></span> <span class='ocrx_word' id='word_1_122' title='bbox 1414 1732 1529 1787; x_wconf 81' lang='lat' dir='ltr'><strong>ha-c</strong></span> <span class='ocrx_word' id='word_1_123' title='bbox 1558 1733 1694 1786; x_wconf 85' lang='lat' dir='ltr'><strong>dicta</strong></span> 
     </span>
    </p>
   </div>
   <div class='ocr_carea' id='block_1_18' title="bbox 124 1821 1695 1892">
    <p class='ocr_par' dir='ltr' id='par_1_18' title="bbox 124 1821 1695 1892">
     <span class='ocr_line' id='line_1_18' title="bbox 124 1821 1695 1892; baseline 0.003 -19"><span class='ocrx_word' id='word_1_124' title='bbox 124 1830 287 1876; x_wconf 80' lang='lat' dir='ltr'><strong>erant.</strong></span> <span class='ocrx_word' id='word_1_125' title='bbox 323 1821 540 1876; x_wconf 81' lang='lat' dir='ltr'><strong>Etiamsi</strong></span> <span class='ocrx_word' id='word_1_126' title='bbox 579 1821 722 1875; x_wconf 91' lang='lat' dir='ltr'><strong>enim</strong></span> <span class='ocrx_word' id='word_1_127' title='bbox 761 1837 866 1875; x_wconf 89' lang='lat' dir='ltr'><strong>non</strong></span> <span class='ocrx_word' id='word_1_128' title='bbox 908 1831 1067 1887; x_wconf 91' lang='lat' dir='ltr'><strong>tunc,</strong></span> <span class='ocrx_word' id='word_1_129' title='bbox 1095 1834 1150 1874; x_wconf 90' lang='lat' dir='ltr'><strong>at</strong></span> <span class='ocrx_word' id='word_1_130' title='bbox 1182 1834 1360 1890; x_wconf 81' lang='lat' dir='ltr'><strong>postea</strong></span> <span class='ocrx_word' id='word_1_131' title='bbox 1389 1839 1519 1892; x_wconf 86' lang='lat' dir='ltr'><strong>opus</strong></span> <span class='ocrx_word' id='word_1_132' title='bbox 1548 1822 1695 1877; x_wconf 79' lang='lat' dir='ltr'><strong>hahi-</strong></span> 
     </span>
    </p>
   </div>
   <div class='ocr_carea' id='block_1_19' title="bbox 124 1913 1693 1985">
    <p class='ocr_par' dir='ltr' id='par_1_19' title="bbox 124 1913 1693 1985">
     <span class='ocr_line' id='line_1_19' title="bbox 124 1913 1693 1985; baseline 0.003 -19"><span class='ocrx_word' id='word_1_133' title='bbox 124 1914 217 1968; x_wconf 84' lang='lat' dir='ltr'><strong>turi</strong></span> <span class='ocrx_word' id='word_1_134' title='bbox 256 1923 411 1968; x_wconf 88' lang='lat' dir='ltr'><strong>erant</strong></span> <span class='ocrx_word' id='word_1_135' title='bbox 458 1914 542 1966; x_wconf 87' lang='lat' dir='ltr'><strong>illa</strong></span> <span class='ocrx_word' id='word_1_136' title='bbox 582 1913 695 1967; x_wconf 91' lang='lat' dir='ltr'><strong>utili</strong></span> <span class='ocrx_word' id='word_1_137' title='bbox 739 1914 1015 1970; x_wconf 91' lang='lat' dir='ltr'><strong>cautione.</strong></span> <span class='ocrx_word' id='word_1_138' title='bbox 1066 1923 1185 1983; x_wconf 87' lang='lat' dir='ltr'><strong>post</strong></span> <span class='ocrx_word' id='word_1_139' title='bbox 1227 1915 1375 1984; x_wconf 87' lang='lat' dir='ltr'><strong>signa</strong></span> <span class='ocrx_word' id='word_1_140' title='bbox 1422 1932 1611 1985; x_wconf 85' lang='lat' dir='ltr'><strong>nempe</strong></span> <span class='ocrx_word' id='word_1_141' title='bbox 1641 1927 1693 1971; x_wconf 91' lang='lat' dir='ltr'><strong>et</strong></span> 
     </span>
    </p>
   </div>
   <div class='ocr_carea' id='block_1_20' title="bbox 122 2007 1689 2077">
    <p class='ocr_par' dir='ltr' id='par_1_20' title="bbox 122 2007 1689 2077">
     <span class='ocr_line' id='line_1_20' title="bbox 122 2007 1689 2077; baseline 0.002 -16"><span class='ocrx_word' id='word_1_142' title='bbox 122 2008 368 2061; x_wconf 82' lang='lat' dir='ltr'><strong>miracula</strong></span> <span class='ocrx_word' id='word_1_143' title='bbox 390 2049 407 2072; x_wconf 93' lang='lat'><strong>,</strong></span> <span class='ocrx_word' id='word_1_144' title='bbox 437 2017 555 2077; x_wconf 87' lang='lat' dir='ltr'><strong>post</strong></span> <span class='ocrx_word' id='word_1_145' title='bbox 602 2017 806 2061; x_wconf 89' lang='lat' dir='ltr'><strong>tantum</strong></span> <span class='ocrx_word' id='word_1_146' title='bbox 840 2007 892 2061; x_wconf 92' lang='lat' dir='ltr'><strong>in</strong></span> <span class='ocrx_word' id='word_1_147' title='bbox 923 2009 1052 2063; x_wconf 86' lang='lat' dir='ltr'><strong>urbe</strong></span> <span class='ocrx_word' id='word_1_148' title='bbox 1084 2008 1341 2064; x_wconf 90' lang='lat' dir='ltr'><strong>honorem</strong></span> <span class='ocrx_word' id='word_1_149' title='bbox 1362 2050 1377 2074; x_wconf 96' lang='lat'><strong>,</strong></span> <span class='ocrx_word' id='word_1_150' title='bbox 1407 2020 1461 2063; x_wconf 90' lang='lat' dir='ltr'><strong>et</strong></span> <span class='ocrx_word' id='word_1_151' title='bbox 1492 2020 1689 2065; x_wconf 89' lang='lat' dir='ltr'><strong>tantam</strong></span> 
     </span>
    </p>
   </div>
   <div class='ocr_carea' id='block_1_21' title="bbox 126 2099 1692 2171">
    <p class='ocr_par' dir='ltr' id='par_1_21' title="bbox 126 2099 1692 2171">
     <span class='ocr_line' id='line_1_21' title="bbox 126 2099 1692 2171; baseline 0.002 -18"><span class='ocrx_word' id='word_1_152' title='bbox 126 2102 171 2153; x_wconf 87' lang='lat' dir='ltr'><strong>in</strong></span> <span class='ocrx_word' id='word_1_153' title='bbox 207 2101 321 2155; x_wconf 89' lang='lat' dir='ltr'><strong>Deo</strong></span> <span class='ocrx_word' id='word_1_154' title='bbox 345 2100 612 2155; x_wconf 82' lang='lat' dir='ltr'><strong>ﬁduciam.</strong></span> <span class='ocrx_word' id='word_1_155' title='bbox 654 2099 838 2169; x_wconf 83' lang='lat' dir='ltr'><strong>Neque</strong></span> <span class='ocrx_word' id='word_1_156' title='bbox 875 2103 1015 2155; x_wconf 91' lang='lat' dir='ltr'><strong>enim</strong></span> <span class='ocrx_word' id='word_1_157' title='bbox 1044 2100 1271 2166; x_wconf 63' lang='lat' dir='ltr'><strong>divitiae,</strong></span> <span class='ocrx_word' id='word_1_158' title='bbox 1304 2116 1475 2171; x_wconf 88' lang='lat' dir='ltr'><strong>neque</strong></span> <span class='ocrx_word' id='word_1_159' title='bbox 1508 2112 1692 2171; x_wconf 82' lang='lat' dir='ltr'><strong>poten-</strong></span> 
     </span>
    </p>
   </div>
   <div class='ocr_carea' id='block_1_22' title="bbox 122 2193 1687 2264">
    <p class='ocr_par' dir='ltr' id='par_1_22' title="bbox 122 2193 1687 2264">
     <span class='ocr_line' id='line_1_22' title="bbox 122 2193 1687 2264; baseline 0.003 -19"><span class='ocrx_word' id='word_1_160' title='bbox 122 2196 223 2253; x_wconf 84' lang='lat' dir='ltr'><strong>tia.</strong></span> <span class='ocrx_word' id='word_1_161' title='bbox 251 2207 424 2262; x_wconf 91' lang='lat' dir='ltr'><strong>neque</strong></span> <span class='ocrx_word' id='word_1_162' title='bbox 465 2208 684 2263; x_wconf 89' lang='lat' dir='ltr'><strong>regnum</strong></span> <span class='ocrx_word' id='word_1_163' title='bbox 739 2193 807 2246; x_wconf 92' lang='lat' dir='ltr'><strong>ita</strong></span> <span class='ocrx_word' id='word_1_164' title='bbox 844 2197 1144 2263; x_wconf 91' lang='lat' dir='ltr'><strong>quempiam</strong></span> <span class='ocrx_word' id='word_1_165' title='bbox 1194 2204 1438 2264; x_wconf 79' lang='lat' dir='ltr'><strong>poteiant</strong></span> <span class='ocrx_word' id='word_1_166' title='bbox 1474 2195 1687 2261; x_wconf 67' lang='lat' dir='ltr'><strong>ellerre,</strong></span> 
     </span>
    </p>
   </div>
   <div class='ocr_carea' id='block_1_23' title="bbox 124 2284 1687 2358">
    <p class='ocr_par' dir='ltr' id='par_1_23' title="bbox 124 2284 1687 2358">
     <span class='ocr_line' id='line_1_23' title="bbox 124 2284 1687 2358; baseline 0.004 -22"><span class='ocrx_word' id='word_1_167' title='bbox 124 2292 179 2336; x_wconf 83' lang='lat' dir='ltr'><strong>at</strong></span> <span class='ocrx_word' id='word_1_168' title='bbox 214 2298 277 2337; x_wconf 87' lang='lat' dir='ltr'><strong>ea</strong></span> <span class='ocrx_word' id='word_1_169' title='bbox 328 2284 506 2338; x_wconf 84' lang='lat' dir='ltr'><strong>omnia</strong></span> <span class='ocrx_word' id='word_1_170' title='bbox 555 2299 673 2353; x_wconf 65' lang='lat' dir='ltr'><strong>qua:</strong></span> <span class='ocrx_word' id='word_1_171' title='bbox 717 2285 979 2354; x_wconf 86' lang='lat' dir='ltr'><strong>apostolis</strong></span> <span class='ocrx_word' id='word_1_172' title='bbox 1020 2285 1393 2355; x_wconf 87' lang='lat' dir='ltr'><strong>suppetebant.</strong></span> <span class='ocrx_word' id='word_1_173' title='bbox 1442 2288 1687 2358; x_wconf 81' lang='lat' dir='ltr'><strong>Alioquin</strong></span> 
     </span>
    </p>
   </div>
   <div class='ocr_carea' id='block_1_24' title="bbox 123 2375 1689 2446">
    <p class='ocr_par' dir='ltr' id='par_1_24' title="bbox 123 2375 1689 2446">
     <span class='ocr_line' id='line_1_24' title="bbox 123 2375 1689 2446; baseline 0.004 -20"><span class='ocrx_word' id='word_1_174' title='bbox 123 2385 289 2430; x_wconf 83' lang='lat' dir='ltr'><strong>autem</strong></span> <span class='ocrx_word' id='word_1_175' title='bbox 323 2375 436 2429; x_wconf 85' lang='lat' dir='ltr'><strong>lieri</strong></span> <span class='ocrx_word' id='word_1_176' title='bbox 466 2384 676 2446; x_wconf 87' lang='lat' dir='ltr'><strong>poterat</strong></span> <span class='ocrx_word' id='word_1_177' title='bbox 702 2384 763 2429; x_wconf 94' lang='lat' dir='ltr'><strong>ut</strong></span> <span class='ocrx_word' id='word_1_178' title='bbox 787 2378 945 2429; x_wconf 90' lang='lat' dir='ltr'><strong>etiam</strong></span> <span class='ocrx_word' id='word_1_179' title='bbox 985 2390 1110 2431; x_wconf 88' lang='lat' dir='ltr'><strong>ante</strong></span> <span class='ocrx_word' id='word_1_180' title='bbox 1149 2377 1402 2431; x_wconf 89' lang='lat' dir='ltr'><strong>miracula</strong></span> <span class='ocrx_word' id='word_1_181' title='bbox 1433 2378 1689 2432; x_wconf 74' lang='lat' dir='ltr'><strong>efferren-</strong></span> 
     </span>
    </p>
   </div>
   <div class='ocr_carea' id='block_1_25' title="bbox 123 2464 1685 2533">
    <p class='ocr_par' dir='ltr' id='par_1_25' title="bbox 123 2464 1685 2533">
     <span class='ocr_line' id='line_1_25' title="bbox 123 2464 1685 2533; baseline 0.003 -15"><span class='ocrx_word' id='word_1_182' title='bbox 123 2474 220 2530; x_wconf 86' lang='lat' dir='ltr'><strong>tur,</strong></span> <span class='ocrx_word' id='word_1_183' title='bbox 266 2475 467 2518; x_wconf 86' lang='lat' dir='ltr'><strong>tantam</strong></span> <span class='ocrx_word' id='word_1_184' title='bbox 512 2464 904 2520; x_wconf 84' lang='lat' dir='ltr'><strong>multitudinem</strong></span> <span class='ocrx_word' id='word_1_185' title='bbox 955 2480 1270 2533; x_wconf 90' lang='lat' dir='ltr'><strong>cernentes,</strong></span> <span class='ocrx_word' id='word_1_186' title='bbox 1323 2478 1377 2522; x_wconf 92' lang='lat' dir='ltr'><strong>et</strong></span> <span class='ocrx_word' id='word_1_187' title='bbox 1423 2469 1685 2523; x_wconf 83' lang='lat' dir='ltr'><strong>theatrum</strong></span> 
     </span>
    </p>
   </div>
   <div class='ocr_carea' id='block_1_26' title="bbox 124 2556 1684 2627">
    <p class='ocr_par' dir='ltr' id='par_1_26' title="bbox 124 2556 1684 2627">
     <span class='ocr_line' id='line_1_26' title="bbox 124 2556 1684 2627; baseline 0.003 -18"><span class='ocrx_word' id='word_1_188' title='bbox 124 2557 236 2610; x_wconf 84' lang='lat' dir='ltr'><strong>illud</strong></span> <span class='ocrx_word' id='word_1_189' title='bbox 260 2558 402 2627; x_wconf 87' lang='lat' dir='ltr'><strong>quod</strong></span> <span class='ocrx_word' id='word_1_190' title='bbox 442 2556 718 2611; x_wconf 90' lang='lat' dir='ltr'><strong>doctorem</strong></span> <span class='ocrx_word' id='word_1_191' title='bbox 758 2573 915 2613; x_wconf 88' lang='lat' dir='ltr'><strong>suum</strong></span> <span class='ocrx_word' id='word_1_192' title='bbox 959 2558 1360 2624; x_wconf 87' lang='lat' dir='ltr'><strong>circumdabat;</strong></span> <span class='ocrx_word' id='word_1_193' title='bbox 1406 2571 1550 2615; x_wconf 77' lang='lat' dir='ltr'><strong>certe</strong></span> <span class='ocrx_word' id='word_1_194' title='bbox 1592 2560 1684 2614; x_wconf 89' lang='lat' dir='ltr'><strong>lm-</strong></span> 
     </span>
    </p>
   </div>
   <div class='ocr_carea' id='block_1_27' title="bbox 124 2648 1682 2719">
    <p class='ocr_par' dir='ltr' id='par_1_27' title="bbox 124 2648 1682 2719">
     <span class='ocr_line' id='line_1_27' title="bbox 124 2648 1682 2719; baseline 0.004 -18"><span class='ocrx_word' id='word_1_195' title='bbox 124 2665 319 2702; x_wconf 79' lang='lat' dir='ltr'><strong>msnum</strong></span> <span class='ocrx_word' id='word_1_196' title='bbox 376 2648 649 2718; x_wconf 88' lang='lat' dir='ltr'><strong>quidpiam</strong></span> <span class='ocrx_word' id='word_1_197' title='bbox 692 2650 799 2719; x_wconf 88' lang='lat' dir='ltr'><strong>pati</strong></span> <span class='ocrx_word' id='word_1_198' title='bbox 856 2661 1121 2719; x_wconf 89' lang='lat' dir='ltr'><strong>poterant.</strong></span> <span class='ocrx_word' id='word_1_199' title='bbox 1167 2651 1364 2705; x_wconf 90' lang='lat' dir='ltr'><strong>Idcirco</strong></span> <span class='ocrx_word' id='word_1_200' title='bbox 1410 2652 1527 2707; x_wconf 90' lang='lat' dir='ltr'><strong>illos</strong></span> <span class='ocrx_word' id='word_1_201' title='bbox 1572 2665 1682 2707; x_wconf 81' lang='lat' dir='ltr'><strong>Sta-</strong></span> 
     </span>
    </p>
   </div>
   <div class='ocr_carea' id='block_1_28' title="bbox 124 2741 1683 2812">
    <p class='ocr_par' dir='ltr' id='par_1_28' title="bbox 124 2741 1683 2812">
     <span class='ocr_line' id='line_1_28' title="bbox 124 2741 1683 2812; baseline 0.004 -19"><span class='ocrx_word' id='word_1_202' title='bbox 124 2744 204 2794; x_wconf 85' lang='lat' dir='ltr'><strong>tim</strong></span> <span class='ocrx_word' id='word_1_203' title='bbox 230 2741 475 2810; x_wconf 85' lang='lat' dir='ltr'><strong>reprimit</strong></span> <span class='ocrx_word' id='word_1_204' title='bbox 512 2757 580 2795; x_wconf 92' lang='lat' dir='ltr'><strong>ne</strong></span> <span class='ocrx_word' id='word_1_205' title='bbox 629 2741 795 2796; x_wconf 90' lang='lat' dir='ltr'><strong>altum</strong></span> <span class='ocrx_word' id='word_1_206' title='bbox 840 2742 1067 2811; x_wconf 89' lang='lat' dir='ltr'><strong>sapiant.</strong></span> <span class='ocrx_word' id='word_1_207' title='bbox 1096 2742 1277 2812; x_wconf 85' lang='lat' dir='ltr'><strong>Neque</strong></span> <span class='ocrx_word' id='word_1_208' title='bbox 1305 2744 1443 2799; x_wconf 91' lang='lat' dir='ltr'><strong>dicta</strong></span> <span class='ocrx_word' id='word_1_209' title='bbox 1471 2760 1562 2799; x_wconf 86' lang='lat' dir='ltr'><strong>sua</strong></span> <span class='ocrx_word' id='word_1_210' title='bbox 1592 2746 1683 2799; x_wconf 86' lang='lat' dir='ltr'><strong>ad-</strong></span> 
     </span>
    </p>
   </div>
   <div class='ocr_carea' id='block_1_29' title="bbox 124 2834 1679 2905">
    <p class='ocr_par' dir='ltr' id='par_1_29' title="bbox 124 2834 1679 2905">
     <span class='ocr_line' id='line_1_29' title="bbox 124 2834 1679 2905; baseline 0.003 -20"><span class='ocrx_word' id='word_1_211' title='bbox 124 2834 417 2886; x_wconf 87' lang='lat' dir='ltr'><strong>monitionis</strong></span> <span class='ocrx_word' id='word_1_212' title='bbox 444 2834 526 2886; x_wconf 82' lang='lat' dir='ltr'><strong>vel</strong></span> <span class='ocrx_word' id='word_1_213' title='bbox 560 2843 949 2903; x_wconf 59' lang='lat' dir='ltr'><strong>praeceptorum</strong></span> <span class='ocrx_word' id='word_1_214' title='bbox 976 2849 1127 2889; x_wconf 90' lang='lat' dir='ltr'><strong>more</strong></span> <span class='ocrx_word' id='word_1_215' title='bbox 1154 2835 1376 2904; x_wconf 81' lang='lat' dir='ltr'><strong>profert,</strong></span> <span class='ocrx_word' id='word_1_216' title='bbox 1420 2836 1515 2891; x_wconf 90' lang='lat' dir='ltr'><strong>sed</strong></span> <span class='ocrx_word' id='word_1_217' title='bbox 1555 2855 1679 2905; x_wconf 86' lang='lat' dir='ltr'><strong>pro-</strong></span> 
     </span>
    </p>
   </div>
   <div class='ocr_carea' id='block_1_30' title="bbox 122 2924 1681 2996">
    <p class='ocr_par' dir='ltr' id='par_1_30' title="bbox 122 2924 1681 2996">
     <span class='ocr_line' id='line_1_30' title="bbox 122 2924 1681 2996; baseline 0.003 -17"><span class='ocrx_word' id='word_1_218' title='bbox 122 2926 287 2992; x_wconf 58' lang='lat' dir='ltr'><strong>posita</strong></span> <span class='ocrx_word' id='word_1_219' title='bbox 332 2924 683 2979; x_wconf 79' lang='lat' dir='ltr'><strong>beatitudinis</strong></span> <span class='ocrx_word' id='word_1_220' title='bbox 740 2926 940 2991; x_wconf 89' lang='lat' dir='ltr'><strong>forma,</strong></span> <span class='ocrx_word' id='word_1_221' title='bbox 997 2926 1078 2981; x_wconf 84' lang='lat' dir='ltr'><strong>sic</strong></span> <span class='ocrx_word' id='word_1_222' title='bbox 1132 2928 1419 2996; x_wconf 89' lang='lat' dir='ltr'><strong>gratiorem</strong></span> <span class='ocrx_word' id='word_1_223' title='bbox 1465 2929 1681 2984; x_wconf 87' lang='lat' dir='ltr'><strong>ordiens</strong></span> 
     </span>
    </p>
   </div>
   <div class='ocr_carea' id='block_1_31' title="bbox 121 3016 1677 3091">
    <p class='ocr_par' dir='ltr' id='par_1_31' title="bbox 121 3016 1677 3091">
     <span class='ocr_line' id='line_1_31' title="bbox 121 3016 1677 3091; baseline 0.005 -22"><span class='ocrx_word' id='word_1_224' title='bbox 121 3032 407 3071; x_wconf 76' lang='lat' dir='ltr'><strong>sermonem</strong></span> <span class='ocrx_word' id='word_1_225' title='bbox 430 3056 446 3081; x_wconf 91' lang='lat'><strong>,</strong></span> <span class='ocrx_word' id='word_1_226' title='bbox 489 3028 546 3071; x_wconf 92' lang='lat' dir='ltr'><strong>et</strong></span> <span class='ocrx_word' id='word_1_227' title='bbox 581 3016 839 3073; x_wconf 75' lang='lat' dir='ltr'><strong>doctrina:</strong></span> <span class='ocrx_word' id='word_1_228' title='bbox 878 3017 1103 3072; x_wconf 88' lang='lat' dir='ltr'><strong>stadium</strong></span> <span class='ocrx_word' id='word_1_229' title='bbox 1142 3020 1386 3076; x_wconf 83' lang='lat' dir='ltr'><strong>omnibus</strong></span> <span class='ocrx_word' id='word_1_230' title='bbox 1410 3026 1677 3091; x_wconf 80' lang='lat' dir='ltr'><strong>aperiens.</strong></span> 
     </span>
    </p>
   </div>
   <div class='ocr_carea' id='block_1_32' title="bbox 126 3107 1676 3179">
    <p class='ocr_par' dir='ltr' id='par_1_32' title="bbox 126 3107 1676 3179">
     <span class='ocr_line' id='line_1_32' title="bbox 126 3107 1676 3179; baseline 0.005 -18"><span class='ocrx_word' id='word_1_231' title='bbox 126 3107 224 3162; x_wconf 77' lang='lat' dir='ltr'><strong>Non</strong></span> <span class='ocrx_word' id='word_1_232' title='bbox 266 3110 409 3162; x_wconf 89' lang='lat' dir='ltr'><strong>enim</strong></span> <span class='ocrx_word' id='word_1_233' title='bbox 440 3109 598 3175; x_wconf 80' lang='lat' dir='ltr'><strong>dixit,</strong></span> <span class='ocrx_word' id='word_1_234' title='bbox 635 3109 729 3163; x_wconf 80' lang='lat' dir='ltr'><strong>ilic</strong></span> <span class='ocrx_word' id='word_1_235' title='bbox 766 3109 851 3162; x_wconf 89' lang='lat' dir='ltr'><strong>vel</strong></span> <span class='ocrx_word' id='word_1_236' title='bbox 881 3110 987 3175; x_wconf 88' lang='lat' dir='ltr'><strong>ille,</strong></span> <span class='ocrx_word' id='word_1_237' title='bbox 1014 3112 1147 3179; x_wconf 85' lang='lat' dir='ltr'><strong>sed,</strong></span> <span class='ocrx_word' id='word_1_238' title='bbox 1174 3112 1274 3177; x_wconf 86' lang='lat' dir='ltr'><strong>Qui</strong></span> <span class='ocrx_word' id='word_1_239' title='bbox 1304 3111 1418 3168; x_wconf 75' lang='lat' dir='ltr'><strong>hrec</strong></span> <span class='ocrx_word' id='word_1_240' title='bbox 1449 3114 1676 3179; x_wconf 84' lang='lat' dir='ltr'><strong>faciunt,</strong></span> 
     </span>
    </p>
   </div>
   <div class='ocr_carea' id='block_1_33' title="bbox 124 3199 1681 3268">
    <p class='ocr_par' dir='ltr' id='par_1_33' title="bbox 124 3199 1681 3268">
     <span class='ocr_line' id='line_1_33' title="bbox 124 3199 1681 3268; baseline 0.006 -17"><span class='ocrx_word' id='word_1_241' title='bbox 124 3200 247 3253; x_wconf 79' lang='lat' dir='ltr'><strong>beati</strong></span> <span class='ocrx_word' id='word_1_242' title='bbox 267 3216 459 3255; x_wconf 89' lang='lat' dir='ltr'><strong>omnes</strong></span> <span class='ocrx_word' id='word_1_243' title='bbox 489 3210 667 3255; x_wconf 89' lang='lat' dir='ltr'><strong>erunt.</strong></span> <span class='ocrx_word' id='word_1_244' title='bbox 702 3199 776 3255; x_wconf 86' lang='lat' dir='ltr'><strong>Ita</strong></span> <span class='ocrx_word' id='word_1_245' title='bbox 800 3210 857 3255; x_wconf 94' lang='lat' dir='ltr'><strong>ut</strong></span> <span class='ocrx_word' id='word_1_246' title='bbox 881 3202 994 3257; x_wconf 83' lang='lat' dir='ltr'><strong>sive</strong></span> <span class='ocrx_word' id='word_1_247' title='bbox 1019 3216 1206 3258; x_wconf 86' lang='lat' dir='ltr'><strong>servus</strong></span> <span class='ocrx_word' id='word_1_248' title='bbox 1234 3205 1310 3259; x_wconf 85' lang='lat' dir='ltr'><strong>sis</strong></span> <span class='ocrx_word' id='word_1_249' title='bbox 1329 3246 1343 3268; x_wconf 86' lang='lat'><strong>,</strong></span> <span class='ocrx_word' id='word_1_250' title='bbox 1383 3208 1496 3259; x_wconf 82' lang='lat' dir='ltr'><strong>sive</strong></span> <span class='ocrx_word' id='word_1_251' title='bbox 1531 3222 1681 3260; x_wconf 82' lang='lat' dir='ltr'><strong>men-</strong></span> 
     </span>
    </p>
   </div>
   <div class='ocr_carea' id='block_1_34' title="bbox 120 3290 1675 3363">
    <p class='ocr_par' dir='ltr' id='par_1_34' title="bbox 120 3290 1675 3363">
     <span class='ocr_line' id='line_1_34' title="bbox 120 3290 1675 3363; baseline 0.006 -24"><span class='ocrx_word' id='word_1_252' title='bbox 120 3290 287 3353; x_wconf 85' lang='lat' dir='ltr'><strong>dicos,</strong></span> <span class='ocrx_word' id='word_1_253' title='bbox 332 3293 452 3345; x_wconf 86' lang='lat' dir='ltr'><strong>sive</strong></span> <span class='ocrx_word' id='word_1_254' title='bbox 504 3306 727 3360; x_wconf 88' lang='lat' dir='ltr'><strong>pauper,</strong></span> <span class='ocrx_word' id='word_1_255' title='bbox 771 3291 883 3346; x_wconf 87' lang='lat' dir='ltr'><strong>sive</strong></span> <span class='ocrx_word' id='word_1_256' title='bbox 928 3294 1275 3363; x_wconf 86' lang='lat' dir='ltr'><strong>peregrinus,</strong></span> <span class='ocrx_word' id='word_1_257' title='bbox 1326 3296 1438 3350; x_wconf 85' lang='lat' dir='ltr'><strong>sive</strong></span> <span class='ocrx_word' id='word_1_258' title='bbox 1480 3297 1675 3363; x_wconf 80' lang='lat' dir='ltr'><strong>idiota,</strong></span> 
     </span>
    </p>
   </div>
   <div class='ocr_carea' id='block_1_35' title="bbox 125 3380 1675 3453">
    <p class='ocr_par' dir='ltr' id='par_1_35' title="bbox 125 3380 1675 3453">
     <span class='ocr_line' id='line_1_35' title="bbox 125 3380 1675 3453; baseline 0.006 -21"><span class='ocrx_word' id='word_1_259' title='bbox 125 3380 239 3434; x_wconf 84' lang='lat' dir='ltr'><strong>nihil</strong></span> <span class='ocrx_word' id='word_1_260' title='bbox 265 3392 316 3436; x_wconf 92' lang='lat' dir='ltr'><strong>te</strong></span> <span class='ocrx_word' id='word_1_261' title='bbox 343 3383 603 3451; x_wconf 82' lang='lat' dir='ltr'><strong>impediat</strong></span> <span class='ocrx_word' id='word_1_262' title='bbox 644 3387 770 3453; x_wconf 85' lang='lat' dir='ltr'><strong>quin</strong></span> <span class='ocrx_word' id='word_1_263' title='bbox 812 3384 886 3437; x_wconf 89' lang='lat' dir='ltr'><strong>sis</strong></span> <span class='ocrx_word' id='word_1_264' title='bbox 929 3383 1145 3449; x_wconf 90' lang='lat' dir='ltr'><strong>beatus,</strong></span> <span class='ocrx_word' id='word_1_265' title='bbox 1192 3386 1234 3439; x_wconf 91' lang='lat' dir='ltr'><strong>si</strong></span> <span class='ocrx_word' id='word_1_266' title='bbox 1266 3385 1400 3439; x_wconf 91' lang='lat' dir='ltr'><strong>hanc</strong></span> <span class='ocrx_word' id='word_1_267' title='bbox 1432 3388 1675 3441; x_wconf 84' lang='lat' dir='ltr'><strong>virtutem</strong></span> 
     </span>
    </p>
   </div>
   <div class='ocr_carea' id='block_1_36' title="bbox 125 3474 1676 3548">
    <p class='ocr_par' dir='ltr' id='par_1_36' title="bbox 125 3474 1676 3548">
     <span class='ocr_line' id='line_1_36' title="bbox 125 3474 1676 3548; baseline 0.006 -25"><span class='ocrx_word' id='word_1_268' title='bbox 125 3474 355 3527; x_wconf 76' lang='lat' dir='ltr'><strong>colueris.</strong></span> <span class='ocrx_word' id='word_1_269' title='bbox 387 3474 527 3528; x_wconf 81' lang='lat' dir='ltr'><strong>Hinc</strong></span> <span class='ocrx_word' id='word_1_270' title='bbox 554 3475 731 3544; x_wconf 86' lang='lat' dir='ltr'><strong>itaque</strong></span> <span class='ocrx_word' id='word_1_271' title='bbox 758 3490 945 3537; x_wconf 83' lang='lat' dir='ltr'><strong>orsus,</strong></span> <span class='ocrx_word' id='word_1_272' title='bbox 976 3477 1116 3530; x_wconf 91' lang='lat' dir='ltr'><strong>unde</strong></span> <span class='ocrx_word' id='word_1_273' title='bbox 1144 3478 1373 3532; x_wconf 80' lang='lat' dir='ltr'><strong>maxime</strong></span> <span class='ocrx_word' id='word_1_274' title='bbox 1406 3495 1496 3548; x_wconf 88' lang='lat' dir='ltr'><strong>par</strong></span> <span class='ocrx_word' id='word_1_275' title='bbox 1523 3490 1638 3533; x_wconf 87' lang='lat' dir='ltr'><strong>erat</strong></span> <span class='ocrx_word' id='word_1_276' title='bbox 1658 3520 1676 3547; x_wconf 89' lang='lat'><strong>,</strong></span> 
     </span>
    </p>
   </div>
   <div class='ocr_carea' id='block_1_37' title="bbox 126 3564 1678 3635">
    <p class='ocr_par' dir='ltr' id='par_1_37' title="bbox 126 3564 1678 3635">
     <span class='ocr_line' id='line_1_37' title="bbox 126 3564 1678 3635; baseline 0.008 -20"><span class='ocrx_word' id='word_1_277' title='bbox 126 3564 185 3615; x_wconf 85' lang='lat' dir='ltr'><strong>ad</strong></span> <span class='ocrx_word' id='word_1_278' title='bbox 210 3565 341 3618; x_wconf 80' lang='lat' dir='ltr'><strong>aliud</strong></span> <span class='ocrx_word' id='word_1_279' title='bbox 374 3564 682 3619; x_wconf 88' lang='lat' dir='ltr'><strong>mandatum</strong></span> <span class='ocrx_word' id='word_1_280' title='bbox 713 3566 978 3635; x_wconf 89' lang='lat' dir='ltr'><strong>procedit,</strong></span> <span class='ocrx_word' id='word_1_281' title='bbox 1009 3568 1148 3634; x_wconf 88' lang='lat' dir='ltr'><strong>quod</strong></span> <span class='ocrx_word' id='word_1_282' title='bbox 1179 3570 1386 3623; x_wconf 87' lang='lat' dir='ltr'><strong>videtur</strong></span> <span class='ocrx_word' id='word_1_283' title='bbox 1414 3573 1571 3625; x_wconf 88' lang='lat' dir='ltr'><strong>totius</strong></span> <span class='ocrx_word' id='word_1_284' title='bbox 1592 3588 1678 3626; x_wconf 86' lang='lat' dir='ltr'><strong>or-</strong></span> 
     </span>
    </p>
   </div>
   <div class='ocr_carea' id='block_1_38' title="bbox 123 3656 1681 3733">
    <p class='ocr_par' dir='ltr' id='par_1_38' title="bbox 123 3656 1681 3733">
     <span class='ocr_line' id='line_1_38' title="bbox 123 3656 1681 3733; baseline 0.006 -24"><span class='ocrx_word' id='word_1_285' title='bbox 123 3656 194 3710; x_wconf 85' lang='lat' dir='ltr'><strong>bis</strong></span> <span class='ocrx_word' id='word_1_286' title='bbox 214 3674 512 3729; x_wconf 88' lang='lat' dir='ltr'><strong>oppugnare</strong></span> <span class='ocrx_word' id='word_1_287' title='bbox 540 3660 876 3713; x_wconf 82' lang='lat' dir='ltr'><strong>sententiam.</strong></span> <span class='ocrx_word' id='word_1_288' title='bbox 919 3661 1050 3713; x_wconf 78' lang='lat' dir='ltr'><strong>Cum</strong></span> <span class='ocrx_word' id='word_1_289' title='bbox 1095 3663 1237 3716; x_wconf 90' lang='lat' dir='ltr'><strong>enim</strong></span> <span class='ocrx_word' id='word_1_290' title='bbox 1279 3680 1464 3717; x_wconf 85' lang='lat' dir='ltr'><strong>omnes</strong></span> <span class='ocrx_word' id='word_1_291' title='bbox 1498 3673 1681 3733; x_wconf 86' lang='lat' dir='ltr'><strong>putent</strong></span> 
     </span>
    </p>
   </div>
   <div class='ocr_carea' id='block_1_39' title="bbox 122 3750 1678 3826">
    <p class='ocr_par' dir='ltr' id='par_1_39' title="bbox 122 3750 1678 3826">
     <span class='ocr_line' id='line_1_39' title="bbox 122 3750 1678 3826; baseline 0.006 -25"><span class='ocrx_word' id='word_1_292' title='bbox 122 3764 201 3802; x_wconf 75' lang='lat' dir='ltr'><strong>eos</strong></span> <span class='ocrx_word' id='word_1_293' title='bbox 222 3752 304 3819; x_wconf 91' lang='lat' dir='ltr'><strong>qui</strong></span> <span class='ocrx_word' id='word_1_294' title='bbox 335 3750 571 3819; x_wconf 86' lang='lat' dir='ltr'><strong>gaudent</strong></span> <span class='ocrx_word' id='word_1_295' title='bbox 595 3761 650 3804; x_wconf 90' lang='lat' dir='ltr'><strong>et</strong></span> <span class='ocrx_word' id='word_1_296' title='bbox 676 3750 923 3804; x_wconf 61' lang='lat' dir='ltr'><strong>laetantur</strong></span> <span class='ocrx_word' id='word_1_297' title='bbox 947 3767 1066 3806; x_wconf 85' lang='lat' dir='ltr'><strong>esse</strong></span> <span class='ocrx_word' id='word_1_298' title='bbox 1093 3753 1295 3817; x_wconf 89' lang='lat' dir='ltr'><strong>beatos,</strong></span> <span class='ocrx_word' id='word_1_299' title='bbox 1324 3771 1414 3809; x_wconf 80' lang='lat' dir='ltr'><strong>cos</strong></span> <span class='ocrx_word' id='word_1_300' title='bbox 1441 3771 1567 3810; x_wconf 87' lang='lat' dir='ltr'><strong>vero</strong></span> <span class='ocrx_word' id='word_1_301' title='bbox 1587 3756 1678 3826; x_wconf 91' lang='lat' dir='ltr'><strong>qui</strong></span> 
     </span>
    </p>
   </div>
   <div class='ocr_carea' id='block_1_40' title="bbox 126 3841 1677 3911">
    <p class='ocr_par' dir='ltr' id='par_1_40' title="bbox 126 3841 1677 3911">
     <span class='ocr_line' id='line_1_40' title="bbox 126 3841 1677 3911; baseline 0.006 -20"><span class='ocrx_word' id='word_1_302' title='bbox 126 3841 169 3893; x_wconf 87' lang='lat' dir='ltr'><strong>iu</strong></span> <span class='ocrx_word' id='word_1_303' title='bbox 203 3856 463 3907; x_wconf 71' lang='lat' dir='ltr'><strong>mterore,</strong></span> <span class='ocrx_word' id='word_1_304' title='bbox 506 3852 817 3911; x_wconf 86' lang='lat' dir='ltr'><strong>paupertate</strong></span> <span class='ocrx_word' id='word_1_305' title='bbox 846 3852 900 3896; x_wconf 88' lang='lat' dir='ltr'><strong>et</strong></span> <span class='ocrx_word' id='word_1_306' title='bbox 926 3843 1067 3897; x_wconf 82' lang='lat' dir='ltr'><strong>luctu</strong></span> <span class='ocrx_word' id='word_1_307' title='bbox 1096 3857 1400 3909; x_wconf 83' lang='lat' dir='ltr'><strong>versantur,</strong></span> <span class='ocrx_word' id='word_1_308' title='bbox 1430 3862 1548 3902; x_wconf 82' lang='lat' dir='ltr'><strong>esse</strong></span> <span class='ocrx_word' id='word_1_309' title='bbox 1576 3848 1677 3901; x_wconf 88' lang='lat' dir='ltr'><strong>mi-</strong></span> 
     </span>
    </p>
   </div>
   <div class='ocr_carea' id='block_1_41' title="bbox 122 3932 1675 4003">
    <p class='ocr_par' dir='ltr' id='par_1_41' title="bbox 122 3932 1675 4003">
     <span class='ocr_line' id='line_1_41' title="bbox 122 3932 1675 4003; baseline 0.006 -20"><span class='ocrx_word' id='word_1_310' title='bbox 122 3947 273 3995; x_wconf 65' lang='lat' dir='ltr'><strong>seros,</strong></span> <span class='ocrx_word' id='word_1_311' title='bbox 305 3932 404 3986; x_wconf 90' lang='lat' dir='ltr'><strong>hos</strong></span> <span class='ocrx_word' id='word_1_312' title='bbox 439 3933 528 3987; x_wconf 89' lang='lat' dir='ltr'><strong>ille</strong></span> <span class='ocrx_word' id='word_1_313' title='bbox 556 3948 663 4001; x_wconf 69' lang='lat' dir='ltr'><strong>prae</strong></span> <span class='ocrx_word' id='word_1_314' title='bbox 692 3932 812 3985; x_wconf 89' lang='lat' dir='ltr'><strong>aliis</strong></span> <span class='ocrx_word' id='word_1_315' title='bbox 841 3934 1023 3987; x_wconf 86' lang='lat' dir='ltr'><strong>beatos</strong></span> <span class='ocrx_word' id='word_1_316' title='bbox 1054 3935 1301 4003; x_wconf 65' lang='lat' dir='ltr'><strong>praedicat</strong></span> <span class='ocrx_word' id='word_1_317' title='bbox 1326 3978 1338 3996; x_wconf 87' lang='lat'><strong>.</strong></span> <span class='ocrx_word' id='word_1_318' title='bbox 1372 3938 1554 3992; x_wconf 88' lang='lat' dir='ltr'><strong>dicens</strong></span> <span class='ocrx_word' id='word_1_319' title='bbox 1580 3956 1592 3992; x_wconf 93' lang='lat'>:</span> 
     </span>
    </p>
   </div>
   <div class='ocr_carea' id='block_1_42' title="bbox 123 4021 1680 4093">
    <p class='ocr_par' dir='ltr' id='par_1_42' title="bbox 123 4021 1680 4093">
     <span class='ocr_line' id='line_1_42' title="bbox 123 4021 1680 4093; baseline 0.007 -20"><span class='ocrx_word' id='word_1_320' title='bbox 123 4021 247 4075; x_wconf 74' lang='lat' dir='ltr'><strong>Beati</strong></span> <span class='ocrx_word' id='word_1_321' title='bbox 268 4025 353 4092; x_wconf 79' lang='lat' dir='ltr'><strong>qui</strong></span> <span class='ocrx_word' id='word_1_322' title='bbox 382 4024 578 4093; x_wconf 80' lang='lat' dir='ltr'><strong>lugent.</strong></span> <span class='ocrx_word' id='word_1_323' title='bbox 609 4025 766 4093; x_wconf 79' lang='lat' dir='ltr'><strong>Atqui</strong></span> <span class='ocrx_word' id='word_1_324' title='bbox 812 4025 880 4077; x_wconf 88' lang='lat' dir='ltr'><strong>ab</strong></span> <span class='ocrx_word' id='word_1_325' title='bbox 924 4026 1170 4080; x_wconf 88' lang='lat' dir='ltr'><strong>omnibus</strong></span> <span class='ocrx_word' id='word_1_326' title='bbox 1207 4027 1257 4080; x_wconf 93' lang='lat' dir='ltr'><strong>hi</strong></span> <span class='ocrx_word' id='word_1_327' title='bbox 1296 4026 1533 4083; x_wconf 81' lang='lat' dir='ltr'><strong>infelices</strong></span> <span class='ocrx_word' id='word_1_328' title='bbox 1562 4045 1680 4084; x_wconf 86' lang='lat' dir='ltr'><strong>esse</strong></span> 
     </span>
    </p>
   </div>
   <div class='ocr_carea' id='block_1_43' title="bbox 122 4114 1677 4190">
    <p class='ocr_par' dir='ltr' id='par_1_43' title="bbox 122 4114 1677 4190">
     <span class='ocr_line' id='line_1_43' title="bbox 122 4114 1677 4190; baseline 0.008 -27"><span class='ocrx_word' id='word_1_329' title='bbox 122 4114 386 4167; x_wconf 82' lang='lat' dir='ltr'><strong>dicuntur:</strong></span> <span class='ocrx_word' id='word_1_330' title='bbox 418 4114 515 4167; x_wconf 90' lang='lat' dir='ltr'><strong>sed</strong></span> <span class='ocrx_word' id='word_1_331' title='bbox 557 4114 675 4167; x_wconf 86' lang='lat' dir='ltr'><strong>ideo</strong></span> <span class='ocrx_word' id='word_1_332' title='bbox 704 4115 792 4169; x_wconf 87' lang='lat' dir='ltr'><strong>ille</strong></span> <span class='ocrx_word' id='word_1_333' title='bbox 818 4116 966 4183; x_wconf 87' lang='lat' dir='ltr'><strong>signa</strong></span> <span class='ocrx_word' id='word_1_334' title='bbox 996 4119 1284 4185; x_wconf 62' lang='lat' dir='ltr'><strong>praemisit,</strong></span> <span class='ocrx_word' id='word_1_335' title='bbox 1328 4130 1383 4173; x_wconf 91' lang='lat' dir='ltr'><strong>ut</strong></span> <span class='ocrx_word' id='word_1_336' title='bbox 1424 4120 1569 4190; x_wconf 86' lang='lat' dir='ltr'><strong>leges</strong></span> <span class='ocrx_word' id='word_1_337' title='bbox 1594 4122 1677 4175; x_wconf 84' lang='lat' dir='ltr'><strong>af-</strong></span> 
     </span>
    </p>
   </div>
   <div class='ocr_carea' id='block_1_44' title="bbox 124 4204 1678 4275">
    <p class='ocr_par' dir='ltr' id='par_1_44' title="bbox 124 4204 1678 4275">
     <span class='ocr_line' id='line_1_44' title="bbox 124 4204 1678 4275; baseline 0.006 -17"><span class='ocrx_word' id='word_1_338' title='bbox 124 4206 279 4259; x_wconf 79' lang='lat' dir='ltr'><strong>lerens</strong></span> <span class='ocrx_word' id='word_1_339' title='bbox 317 4208 452 4259; x_wconf 83' lang='lat' dir='ltr'><strong>tales</strong></span> <span class='ocrx_word' id='word_1_340' title='bbox 486 4206 591 4260; x_wconf 86' lang='lat' dir='ltr'><strong>fide</strong></span> <span class='ocrx_word' id='word_1_341' title='bbox 619 4204 809 4275; x_wconf 87' lang='lat' dir='ltr'><strong>dignus</strong></span> <span class='ocrx_word' id='word_1_342' title='bbox 838 4216 999 4261; x_wconf 86' lang='lat' dir='ltr'><strong>esset.</strong></span> <span class='ocrx_word' id='word_1_343' title='bbox 1032 4209 1126 4263; x_wconf 89' lang='lat' dir='ltr'><strong>llic</strong></span> <span class='ocrx_word' id='word_1_344' title='bbox 1151 4221 1325 4265; x_wconf 89' lang='lat' dir='ltr'><strong>autem</strong></span> <span class='ocrx_word' id='word_1_345' title='bbox 1358 4229 1542 4268; x_wconf 89' lang='lat' dir='ltr'><strong>rursus</strong></span> <span class='ocrx_word' id='word_1_346' title='bbox 1572 4230 1678 4267; x_wconf 92' lang='lat' dir='ltr'><strong>non</strong></span> 
     </span>
    </p>
   </div>
   <div class='ocr_carea' id='block_1_45' title="bbox 123 4296 1678 4373">
    <p class='ocr_par' dir='ltr' id='par_1_45' title="bbox 123 4296 1678 4373">
     <span class='ocr_line' id='line_1_45' title="bbox 123 4296 1678 4373; baseline 0.009 -27"><span class='ocrx_word' id='word_1_347' title='bbox 123 4296 415 4363; x_wconf 80' lang='lat' dir='ltr'><strong>simpliciter</strong></span> <span class='ocrx_word' id='word_1_348' title='bbox 442 4298 683 4366; x_wconf 86' lang='lat' dir='ltr'><strong>lugentes</strong></span> <span class='ocrx_word' id='word_1_349' title='bbox 726 4301 934 4366; x_wconf 87' lang='lat' dir='ltr'><strong>posuit,</strong></span> <span class='ocrx_word' id='word_1_350' title='bbox 982 4299 1073 4353; x_wconf 89' lang='lat' dir='ltr'><strong>sed</strong></span> <span class='ocrx_word' id='word_1_351' title='bbox 1119 4316 1211 4355; x_wconf 91' lang='lat' dir='ltr'><strong>eos</strong></span> <span class='ocrx_word' id='word_1_352' title='bbox 1239 4303 1325 4371; x_wconf 89' lang='lat' dir='ltr'><strong>qui</strong></span> <span class='ocrx_word' id='word_1_353' title='bbox 1352 4303 1419 4358; x_wconf 89' lang='lat' dir='ltr'><strong>de</strong></span> <span class='ocrx_word' id='word_1_354' title='bbox 1446 4306 1678 4373; x_wconf 86' lang='lat' dir='ltr'><strong>peccatis</strong></span> 
     </span>
    </p>
   </div>
   <div class='ocr_carea' id='block_1_46' title="bbox 126 4385 1677 4459">
    <p class='ocr_par' dir='ltr' id='par_1_46' title="bbox 126 4385 1677 4459">
     <span class='ocr_line' id='line_1_46' title="bbox 126 4385 1677 4459; baseline 0.008 -21"><span class='ocrx_word' id='word_1_355' title='bbox 126 4385 350 4457; x_wconf 78' lang='lat' dir='ltr'><strong>lugerent</strong></span> <span class='ocrx_word' id='word_1_356' title='bbox 384 4407 399 4442; x_wconf 88' lang='lat'>:</span> <span class='ocrx_word' id='word_1_357' title='bbox 431 4400 485 4441; x_wconf 92' lang='lat' dir='ltr'><strong>ut</strong></span> <span class='ocrx_word' id='word_1_358' title='bbox 513 4398 568 4441; x_wconf 90' lang='lat' dir='ltr'><strong>et</strong></span> <span class='ocrx_word' id='word_1_359' title='bbox 598 4388 741 4441; x_wconf 85' lang='lat' dir='ltr'><strong>aliud</strong></span> <span class='ocrx_word' id='word_1_360' title='bbox 771 4405 981 4458; x_wconf 89' lang='lat' dir='ltr'><strong>quoque</strong></span> <span class='ocrx_word' id='word_1_361' title='bbox 1007 4391 1179 4444; x_wconf 88' lang='lat' dir='ltr'><strong>luctus</strong></span> <span class='ocrx_word' id='word_1_362' title='bbox 1208 4408 1375 4459; x_wconf 85' lang='lat' dir='ltr'><strong>genus</strong></span> <span class='ocrx_word' id='word_1_363' title='bbox 1396 4395 1677 4450; x_wconf 84' lang='lat' dir='ltr'><strong>admodum</strong></span> 
     </span>
    </p>
   </div>
   <div class='ocr_carea' id='block_1_47' title="bbox 128 4480 1680 4557">
    <p class='ocr_par' dir='ltr' id='par_1_47' title="bbox 128 4480 1680 4557">
     <span class='ocr_line' id='line_1_47' title="bbox 128 4480 1680 4557; baseline 0.007 -25"><span class='ocrx_word' id='word_1_364' title='bbox 128 4480 441 4547; x_wconf 83' lang='lat' dir='ltr'><strong>prohibetur,</strong></span> <span class='ocrx_word' id='word_1_365' title='bbox 482 4496 675 4549; x_wconf 88' lang='lat' dir='ltr'><strong>nempe</strong></span> <span class='ocrx_word' id='word_1_366' title='bbox 702 4480 770 4535; x_wconf 89' lang='lat' dir='ltr'><strong>de</strong></span> <span class='ocrx_word' id='word_1_367' title='bbox 799 4498 972 4536; x_wconf 91' lang='lat' dir='ltr'><strong>rerum</strong></span> <span class='ocrx_word' id='word_1_368' title='bbox 1016 4485 1352 4539; x_wconf 67' lang='lat' dir='ltr'><strong>sazcularium</strong></span> <span class='ocrx_word' id='word_1_369' title='bbox 1398 4488 1680 4557; x_wconf 84' lang='lat' dir='ltr'><strong>dispendio</strong></span> 
     </span>
    </p>
   </div>
   <div class='ocr_carea' id='block_1_48' title="bbox 127 4570 1682 4643">
    <p class='ocr_par' dir='ltr' id='par_1_48' title="bbox 127 4570 1682 4643">
     <span class='ocr_line' id='line_1_48' title="bbox 127 4570 1682 4643; baseline 0.008 -22"><span class='ocrx_word' id='word_1_370' title='bbox 127 4570 305 4639; x_wconf 80' lang='lat' dir='ltr'><strong>lugere.</strong></span> <span class='ocrx_word' id='word_1_371' title='bbox 334 4571 485 4639; x_wconf 83' lang='lat' dir='ltr'><strong>Quod</strong></span> <span class='ocrx_word' id='word_1_372' title='bbox 528 4571 861 4641; x_wconf 67' lang='lat' dir='ltr'><strong>significibat</strong></span> <span class='ocrx_word' id='word_1_373' title='bbox 891 4583 943 4627; x_wconf 88' lang='lat' dir='ltr'><strong>et</strong></span> <span class='ocrx_word' id='word_1_374' title='bbox 971 4573 1162 4629; x_wconf 82' lang='lat' dir='ltr'><strong>Paulus</strong></span> <span class='ocrx_word' id='word_1_375' title='bbox 1183 4577 1363 4630; x_wconf 84' lang='lat' dir='ltr'><strong>dicens</strong></span> <span class='ocrx_word' id='word_1_376' title='bbox 1393 4597 1404 4629; x_wconf 88' lang='lat'>:</span> <span class='ocrx_word' id='word_1_377' title='bbox 1438 4580 1566 4643; x_wconf 75' lang='lat' dir='ltr'><strong>Quia</strong></span> <span class='ocrx_word' id='word_1_378' title='bbox 1587 4597 1682 4635; x_wconf 75' lang='lat' dir='ltr'><strong>ste-</strong></span> 
     </span>
    </p>
   </div>
   <div class='ocr_carea' id='block_1_49' title="bbox 126 4665 1671 4737">
    <p class='ocr_par' dir='ltr' id='par_1_49' title="bbox 126 4665 1671 4737">
     <span class='ocr_line' id='line_1_49' title="bbox 126 4665 1671 4737; baseline 0.007 -21"><span class='ocrx_word' id='word_1_379' title='bbox 126 4666 212 4717; x_wconf 71' lang='grc' dir='ltr'><strong>τειιί</strong></span> <span class='ocrx_word' id='word_1_380' title='bbox 247 4667 445 4735; x_wconf 77' lang='lat' dir='ltr'><strong>quidnn</strong></span> <span class='ocrx_word' id='word_1_381' title='bbox 494 4665 697 4718; x_wconf 72' lang='lat' dir='ltr'><strong>tristitia</strong></span> <span class='ocrx_word' id='word_1_382' title='bbox 735 4676 943 4719; x_wconf 85' lang='lat' dir='ltr'><strong>mortem</strong></span> <span class='ocrx_word' id='word_1_383' title='bbox 979 4680 1217 4737; x_wconf 87' lang='lat' dir='ltr'><strong>aperatur</strong></span> <span class='ocrx_word' id='word_1_384' title='bbox 1240 4684 1389 4737; x_wconf 75' lang='lat' dir='ltr'><strong>:quw</strong></span> <span class='ocrx_word' id='word_1_385' title='bbox 1412 4684 1574 4726; x_wconf 78' lang='lat' dir='ltr'><strong>autem</strong></span> <span class='ocrx_word' id='word_1_386' title='bbox 1598 4692 1671 4727; x_wconf 84' lang='lat' dir='ltr'><strong>se-</strong></span> 
     </span>
    </p>
   </div>
   <div class='ocr_carea' id='block_1_50' title="bbox 126 4756 1680 4824">
    <p class='ocr_par' dir='ltr' id='par_1_50' title="bbox 126 4756 1680 4824">
     <span class='ocr_line' id='line_1_50' title="bbox 126 4756 1680 4824; baseline 0.008 -17"><span class='ocrx_word' id='word_1_387' title='bbox 126 4756 324 4809; x_wconf 75' lang='lat' dir='ltr'><strong>midam</strong></span> <span class='ocrx_word' id='word_1_388' title='bbox 349 4756 514 4809; x_wconf 75' lang='lat' dir='ltr'><strong>Deum</strong></span> <span class='ocrx_word' id='word_1_389' title='bbox 537 4768 606 4809; x_wconf 84' lang='lat' dir='ltr'><strong>est</strong></span> <span class='ocrx_word' id='word_1_390' title='bbox 641 4758 841 4810; x_wconf 77' lang='lat' dir='ltr'><strong>tristitia</strong></span> <span class='ocrx_word' id='word_1_391' title='bbox 862 4801 876 4821; x_wconf 88' lang='lat'><strong>,</strong></span> <span class='ocrx_word' id='word_1_392' title='bbox 906 4760 1241 4824; x_wconf 70' lang='lat' dir='ltr'><strong>paenitentiam</strong></span> <span class='ocrx_word' id='word_1_393' title='bbox 1266 4763 1317 4815; x_wconf 88' lang='lat' dir='ltr'><strong>in</strong></span> <span class='ocrx_word' id='word_1_394' title='bbox 1340 4764 1555 4817; x_wconf 87' lang='lat' dir='ltr'><strong>salutem</strong></span> <span class='ocrx_word' id='word_1_395' title='bbox 1574 4776 1680 4819; x_wconf 86' lang='lat' dir='ltr'><strong>sla-</strong></span> 
     </span>
    </p>
   </div>
   <div class='ocr_carea' id='block_1_51' title="bbox 124 4844 965 4918">
    <p class='ocr_par' dir='ltr' id='par_1_51' title="bbox 124 4844 965 4918">
     <span class='ocr_line' id='line_1_51' title="bbox 124 4844 965 4918; baseline 0.008 -22"><span class='ocrx_word' id='word_1_396' title='bbox 124 4844 251 4899; x_wconf 70' lang='lat' dir='ltr'><strong>biletn</strong></span> <span class='ocrx_word' id='word_1_397' title='bbox 276 4858 511 4912; x_wconf 76' lang='lat' dir='ltr'><strong>operatur</strong></span> <span class='ocrx_word' id='word_1_398' title='bbox 532 4847 605 4915; x_wconf 73' lang='lat'><strong>(‘2.</strong></span> <span class='ocrx_word' id='word_1_399' title='bbox 631 4846 749 4900; x_wconf 79' lang='lat' dir='ltr'><strong>Cor.</strong></span> <span class='ocrx_word' id='word_1_400' title='bbox 775 4848 826 4901; x_wconf 82' lang='grc'><strong>7.</strong></span> <span class='ocrx_word' id='word_1_401' title='bbox 852 4849 965 4918; x_wconf 78' lang='grc'><strong>10).</strong></span> 
     </span>
    </p>
   </div>
   <div class='ocr_carea' id='block_1_52' title="bbox 182 4936 1682 5015">
    <p class='ocr_par' dir='ltr' id='par_1_52' title="bbox 182 4936 1682 5015">
     <span class='ocr_line' id='line_1_52' title="bbox 182 4936 1682 5015; baseline 0.005 -24"><span class='ocrx_word' id='word_1_402' title='bbox 182 4938 229 4991; x_wconf 78' lang='lat'><strong>3.</strong></span> <span class='ocrx_word' id='word_1_403' title='bbox 274 4936 457 4992; x_wconf 81' lang='lat' dir='ltr'><strong>Beatos</strong></span> <span class='ocrx_word' id='word_1_404' title='bbox 492 4939 769 5008; x_wconf 65' lang='lat' dir='ltr'><strong>praedicare</strong></span> <span class='ocrx_word' id='word_1_405' title='bbox 798 4940 882 5009; x_wconf 87' lang='lat' dir='ltr'><strong>qui</strong></span> <span class='ocrx_word' id='word_1_406' title='bbox 912 4940 1099 5010; x_wconf 79' lang='lat' dir='ltr'><strong>lugent,</strong></span> <span class='ocrx_word' id='word_1_407' title='bbox 1126 4942 1445 5013; x_wconf 78' lang='lat' dir='ltr'><strong>philosophia</strong></span> <span class='ocrx_word' id='word_1_408' title='bbox 1480 4944 1682 5015; x_wconf 87' lang='lat' dir='ltr'><strong>plenum</strong></span> 
     </span>
    </p>
   </div>
   <div class='ocr_carea' id='block_1_53' title="bbox 122 5030 1681 5107">
    <p class='ocr_par' dir='ltr' id='par_1_53' title="bbox 122 5030 1681 5107">
     <span class='ocr_line' id='line_1_53' title="bbox 122 5030 1681 5107; baseline 0.008 -24"><span class='ocrx_word' id='word_1_409' title='bbox 122 5042 195 5083; x_wconf 76' lang='lat' dir='ltr'><strong>est.</strong></span> <span class='ocrx_word' id='word_1_410' title='bbox 226 5030 511 5085; x_wconf 81' lang='lat' dir='ltr'><strong>Consolatio</strong></span> <span class='ocrx_word' id='word_1_411' title='bbox 536 5048 568 5084; x_wconf 78' lang='grc' dir='ltr'><em>α</em></span> <span class='ocrx_word' id='word_1_412' title='bbox 593 5032 699 5086; x_wconf 85' lang='lat' dir='ltr'><strong>Deo</strong></span> <span class='ocrx_word' id='word_1_413' title='bbox 720 5036 940 5103; x_wconf 80' lang='lat' dir='ltr'><strong>profecta</strong></span> <span class='ocrx_word' id='word_1_414' title='bbox 954 5045 1159 5103; x_wconf 86' lang='lat' dir='ltr'><strong>quanta.</strong></span> <span class='ocrx_word' id='word_1_415' title='bbox 1186 5036 1373 5092; x_wconf 87' lang='lat' dir='ltr'><strong>—-Ilos</strong></span> <span class='ocrx_word' id='word_1_416' title='bbox 1398 5038 1556 5107; x_wconf 88' lang='lat' dir='ltr'><strong>igitur</strong></span> <span class='ocrx_word' id='word_1_417' title='bbox 1575 5040 1681 5107; x_wconf 91' lang='lat' dir='ltr'><strong>ille,</strong></span> 
     </span>
    </p>
   </div>
   <div class='ocr_carea' id='block_1_54' title="bbox 124 5121 1685 5199">
    <p class='ocr_par' dir='ltr' id='par_1_54' title="bbox 124 5121 1685 5199">
     <span class='ocr_line' id='line_1_54' title="bbox 124 5121 1685 5199; baseline 0.006 -22"><span class='ocrx_word' id='word_1_418' title='bbox 124 5121 199 5187; x_wconf 80' lang='lat' dir='ltr'><strong>qui</strong></span> <span class='ocrx_word' id='word_1_419' title='bbox 241 5124 316 5177; x_wconf 89' lang='lat' dir='ltr'><strong>sic</strong></span> <span class='ocrx_word' id='word_1_420' title='bbox 344 5124 528 5193; x_wconf 84' lang='lat' dir='ltr'><strong>lugent</strong></span> <span class='ocrx_word' id='word_1_421' title='bbox 552 5162 567 5189; x_wconf 93' lang='lat'><strong>,</strong></span> <span class='ocrx_word' id='word_1_422' title='bbox 614 5123 799 5177; x_wconf 88' lang='lat' dir='ltr'><strong>beatos</strong></span> <span class='ocrx_word' id='word_1_423' title='bbox 842 5124 1135 5193; x_wconf 66' lang='lat' dir='ltr'><strong>praedicat:</strong></span> <span class='ocrx_word' id='word_1_424' title='bbox 1168 5142 1338 5197; x_wconf 90' lang='lat' dir='ltr'><strong>neque</strong></span> <span class='ocrx_word' id='word_1_425' title='bbox 1376 5130 1685 5199; x_wconf 90' lang='lat' dir='ltr'><strong>simpliciter</strong></span> 
     </span>
    </p>
   </div>
   <div class='ocr_carea' id='block_1_55' title="bbox 126 5211 1686 5291">
    <p class='ocr_par' dir='ltr' id='par_1_55' title="bbox 126 5211 1686 5291">
     <span class='ocr_line' id='line_1_55' title="bbox 126 5211 1686 5291; baseline 0.008 -28"><span class='ocrx_word' id='word_1_426' title='bbox 126 5211 341 5282; x_wconf 63' lang='lat' dir='ltr'><strong>lugentes</strong></span> <span class='ocrx_word' id='word_1_427' title='bbox 363 5216 517 5285; x_wconf 89' lang='lat' dir='ltr'><strong>ponit</strong></span> <span class='ocrx_word' id='word_1_428' title='bbox 540 5255 555 5278; x_wconf 91' lang='lat'><strong>,</strong></span> <span class='ocrx_word' id='word_1_429' title='bbox 598 5214 693 5268; x_wconf 90' lang='lat' dir='ltr'><strong>sed</strong></span> <span class='ocrx_word' id='word_1_430' title='bbox 721 5216 807 5283; x_wconf 87' lang='lat' dir='ltr'><strong>qui</strong></span> <span class='ocrx_word' id='word_1_431' title='bbox 854 5216 1089 5285; x_wconf 87' lang='lat' dir='ltr'><strong>impense</strong></span> <span class='ocrx_word' id='word_1_432' title='bbox 1129 5217 1328 5287; x_wconf 85' lang='lat' dir='ltr'><strong>lugent.</strong></span> <span class='ocrx_word' id='word_1_433' title='bbox 1355 5220 1686 5291; x_wconf 81' lang='lat' dir='ltr'><strong>Quapropter</strong></span> 
     </span>
    </p>
   </div>
   <div class='ocr_carea' id='block_1_56' title="bbox 126 5304 1685 5380">
    <p class='ocr_par' dir='ltr' id='par_1_56' title="bbox 126 5304 1685 5380">
     <span class='ocr_line' id='line_1_56' title="bbox 126 5304 1685 5380; baseline 0.006 -22"><span class='ocrx_word' id='word_1_434' title='bbox 126 5319 215 5358; x_wconf 82' lang='lat' dir='ltr'><strong>nou</strong></span> <span class='ocrx_word' id='word_1_435' title='bbox 247 5305 419 5367; x_wconf 88' lang='lat' dir='ltr'><strong>dixit,</strong></span> <span class='ocrx_word' id='word_1_436' title='bbox 448 5304 551 5372; x_wconf 89' lang='lat' dir='ltr'><strong>Qui</strong></span> <span class='ocrx_word' id='word_1_437' title='bbox 579 5316 807 5360; x_wconf 67' lang='lat' dir='ltr'><strong>iuuarent</strong></span> <span class='ocrx_word' id='word_1_438' title='bbox 829 5347 845 5371; x_wconf 91' lang='lat'><strong>,</strong></span> <span class='ocrx_word' id='word_1_439' title='bbox 876 5307 969 5362; x_wconf 86' lang='lat' dir='ltr'><strong>sed</strong></span> <span class='ocrx_word' id='word_1_440' title='bbox 994 5350 1008 5371; x_wconf 96' lang='lat'><strong>,</strong></span> <span class='ocrx_word' id='word_1_441' title='bbox 1040 5307 1140 5373; x_wconf 85' lang='lat' dir='ltr'><strong>Qui</strong></span> <span class='ocrx_word' id='word_1_442' title='bbox 1165 5310 1335 5380; x_wconf 81' lang='lat' dir='ltr'><strong>lugent</strong></span> <span class='ocrx_word' id='word_1_443' title='bbox 1360 5326 1380 5365; x_wconf 90' lang='lat'><strong><em>:</em></strong></span> <span class='ocrx_word' id='word_1_444' title='bbox 1412 5326 1536 5365; x_wconf 82' lang='lat' dir='ltr'><strong>nam</strong></span> <span class='ocrx_word' id='word_1_445' title='bbox 1584 5312 1685 5367; x_wconf 88' lang='lat' dir='ltr'><strong>hoc</strong></span> 
     </span>
    </p>
   </div>
   <div class='ocr_carea' id='block_1_57' title="bbox 129 5399 1686 5473">
    <p class='ocr_par' dir='ltr' id='par_1_57' title="bbox 129 5399 1686 5473">
     <span class='ocr_line' id='line_1_57' title="bbox 129 5399 1686 5473; baseline 0.005 -23"><span class='ocrx_word' id='word_1_446' title='bbox 129 5408 432 5469; x_wconf 56' lang='lat' dir='ltr'><strong>receptum</strong></span> <span class='ocrx_word' id='word_1_447' title='bbox 479 5399 643 5451; x_wconf 89' lang='lat' dir='ltr'><strong>totius</strong></span> <span class='ocrx_word' id='word_1_448' title='bbox 684 5408 768 5453; x_wconf 88' lang='lat' dir='ltr'><strong>est</strong></span> <span class='ocrx_word' id='word_1_449' title='bbox 810 5399 1158 5469; x_wconf 66' lang='lat' dir='ltr'><strong>philosophiae</strong></span> <span class='ocrx_word' id='word_1_450' title='bbox 1207 5403 1589 5473; x_wconf 85' lang='lat' dir='ltr'><strong>magisterium.</strong></span> <span class='ocrx_word' id='word_1_451' title='bbox 1631 5405 1686 5459; x_wconf 83' lang='lat' dir='ltr'><strong>Si</strong></span> 
     </span>
    </p>
   </div>
   <div class='ocr_carea' id='block_1_58' title="bbox 126 5490 1686 5567">
    <p class='ocr_par' dir='ltr' id='par_1_58' title="bbox 126 5490 1686 5567">
     <span class='ocr_line' id='line_1_58' title="bbox 126 5490 1686 5567; baseline 0.005 -25"><span class='ocrx_word' id='word_1_452' title='bbox 126 5490 247 5542; x_wconf 81' lang='lat' dir='ltr'><strong>enim</strong></span> <span class='ocrx_word' id='word_1_453' title='bbox 274 5491 361 5559; x_wconf 89' lang='lat' dir='ltr'><strong>qui</strong></span> <span class='ocrx_word' id='word_1_454' title='bbox 394 5490 535 5544; x_wconf 87' lang='lat' dir='ltr'><strong>filios</strong></span> <span class='ocrx_word' id='word_1_455' title='bbox 552 5530 566 5555; x_wconf 88' lang='lat'><strong>,</strong></span> <span class='ocrx_word' id='word_1_456' title='bbox 600 5506 843 5555; x_wconf 86' lang='lat' dir='ltr'><strong>uxorem,</strong></span> <span class='ocrx_word' id='word_1_457' title='bbox 870 5492 951 5546; x_wconf 85' lang='lat' dir='ltr'><strong>vel</strong></span> <span class='ocrx_word' id='word_1_458' title='bbox 975 5492 1138 5546; x_wconf 91' lang='lat' dir='ltr'><strong>alium</strong></span> <span class='ocrx_word' id='word_1_459' title='bbox 1163 5496 1463 5565; x_wconf 90' lang='lat' dir='ltr'><strong>quempiam</strong></span> <span class='ocrx_word' id='word_1_460' title='bbox 1489 5510 1686 5567; x_wconf 83' lang='lat' dir='ltr'><strong>cogna-</strong></span> 
     </span>
    </p>
   </div>
   <div class='ocr_carea' id='block_1_59' title="bbox 127 5580 1688 5657">
    <p class='ocr_par' dir='ltr' id='par_1_59' title="bbox 127 5580 1688 5657">
     <span class='ocr_line' id='line_1_59' title="bbox 127 5580 1688 5657; baseline 0.005 -23"><span class='ocrx_word' id='word_1_461' title='bbox 127 5586 223 5634; x_wconf 86' lang='lat' dir='ltr'><strong>tltn</strong></span> <span class='ocrx_word' id='word_1_462' title='bbox 244 5580 549 5637; x_wconf 87' lang='lat' dir='ltr'><strong>defunctum</strong></span> <span class='ocrx_word' id='word_1_463' title='bbox 581 5582 794 5651; x_wconf 87' lang='lat' dir='ltr'><strong>lugent,</strong></span> <span class='ocrx_word' id='word_1_464' title='bbox 825 5599 927 5638; x_wconf 91' lang='lat' dir='ltr'><strong>non</strong></span> <span class='ocrx_word' id='word_1_465' title='bbox 956 5584 1298 5654; x_wconf 85' lang='lat' dir='ltr'><strong>pecuniarum</strong></span> <span class='ocrx_word' id='word_1_466' title='bbox 1318 5627 1335 5651; x_wconf 91' lang='lat'><strong>,</strong></span> <span class='ocrx_word' id='word_1_467' title='bbox 1368 5600 1470 5641; x_wconf 90' lang='lat' dir='ltr'><strong>non</strong></span> <span class='ocrx_word' id='word_1_468' title='bbox 1496 5603 1688 5657; x_wconf 88' lang='lat' dir='ltr'><strong>corpo-</strong></span> 
     </span>
    </p>
   </div>
   <div class='ocr_carea' id='block_1_60' title="bbox 132 5670 1683 5750">
    <p class='ocr_par' dir='ltr' id='par_1_60' title="bbox 132 5670 1683 5750">
     <span class='ocr_line' id='line_1_60' title="bbox 132 5670 1683 5750; baseline 0.005 -25"><span class='ocrx_word' id='word_1_469' title='bbox 132 5686 231 5727; x_wconf 82' lang='lat' dir='ltr'><strong>mn</strong></span> <span class='ocrx_word' id='word_1_470' title='bbox 251 5686 434 5728; x_wconf 84' lang='lat' dir='ltr'><strong>amore</strong></span> <span class='ocrx_word' id='word_1_471' title='bbox 456 5679 703 5729; x_wconf 84' lang='lat' dir='ltr'><strong>tenentur</strong></span> <span class='ocrx_word' id='word_1_472' title='bbox 721 5670 811 5729; x_wconf 90' lang='lat' dir='ltr'><strong>illo</strong></span> <span class='ocrx_word' id='word_1_473' title='bbox 829 5672 1031 5731; x_wconf 89' lang='lat' dir='ltr'><strong>doloris</strong></span> <span class='ocrx_word' id='word_1_474' title='bbox 1052 5684 1313 5747; x_wconf 86' lang='lat' dir='ltr'><strong>tempore,</strong></span> <span class='ocrx_word' id='word_1_475' title='bbox 1337 5692 1442 5733; x_wconf 90' lang='lat' dir='ltr'><strong>non</strong></span> <span class='ocrx_word' id='word_1_476' title='bbox 1462 5678 1683 5750; x_wconf 76' lang='lat' dir='ltr'><strong>gloriam</strong></span> 
     </span>
    </p>
   </div>
   <div class='ocr_carea' id='block_1_61' title="bbox 1280 230 2213 292">
    <p class='ocr_par' dir='ltr' id='par_1_61' title="bbox 1280 230 2213 292">
     <span class='ocr_line' id='line_1_61' title="bbox 1280 230 2213 292; baseline 0.002 -7"><span class='ocrx_word' id='word_1_477' title='bbox 1280 231 1344 285; x_wconf 80' lang='lat' dir='ltr'><strong>IN</strong></span> <span class='ocrx_word' id='word_1_478' title='bbox 1383 230 1786 290; x_wconf 62' lang='lat' dir='ltr'><strong>MATTHJSUM</strong></span> <span class='ocrx_word' id='word_1_479' title='bbox 1829 232 2057 292; x_wconf 75' lang='lat' dir='ltr'><strong>HOMIL.</strong></span> <span class='ocrx_word' id='word_1_480' title='bbox 2097 234 2213 289; x_wconf 76' lang='lat' dir='ltr'><strong>XV.</strong></span> 
     </span>
    </p>
   </div>
   <div class='ocr_carea' id='block_1_62' title="bbox 1822 268 3404 420">
    <p class='ocr_par' dir='ltr' id='par_1_62' title="bbox 1822 268 3404 420">
     <span class='ocr_line' id='line_1_62' title="bbox 1829 268 3404 324; baseline -0.003 -36"><span class='ocrx_word' id='word_1_481' title='bbox 1829 268 2057 292; x_wconf 64' lang='grc' dir='ltr'><strong>..υιηημ</strong></span> <span class='ocrx_word' id='word_1_482' title='bbox 2101 268 2213 289; x_wconf 64' lang='grc' dir='ltr'><strong>ι...</strong></span> <span class='ocrx_word' id='word_1_483' title='bbox 3298 268 3404 324; x_wconf 57' lang='grc' dir='ltr'><strong>,ηδ</strong></span> 
     </span>
     <span class='ocr_line' id='line_1_63' title="bbox 1822 348 3403 420; baseline 0.009 -18"><span class='ocrx_word' id='word_1_484' title='bbox 1822 356 2080 417; x_wconf 86' lang='lat' dir='ltr'><strong>appetant</strong></span> <span class='ocrx_word' id='word_1_485' title='bbox 2104 389 2120 415; x_wconf 93' lang='lat'><strong>,</strong></span> <span class='ocrx_word' id='word_1_486' title='bbox 2150 363 2258 403; x_wconf 88' lang='lat' dir='ltr'><strong>non</strong></span> <span class='ocrx_word' id='word_1_487' title='bbox 2289 348 2496 419; x_wconf 85' lang='lat' dir='ltr'><strong>injuriis</strong></span> <span class='ocrx_word' id='word_1_488' title='bbox 2520 362 2801 408; x_wconf 84' lang='lat' dir='ltr'><strong>moventur</strong></span> <span class='ocrx_word' id='word_1_489' title='bbox 2823 395 2837 419; x_wconf 92' lang='lat'><strong>,</strong></span> <span class='ocrx_word' id='word_1_490' title='bbox 2867 370 2971 410; x_wconf 92' lang='lat' dir='ltr'><strong>non</strong></span> <span class='ocrx_word' id='word_1_491' title='bbox 3003 358 3194 415; x_wconf 83' lang='lat' dir='ltr'><strong>invidia</strong></span> <span class='ocrx_word' id='word_1_492' title='bbox 3230 366 3403 420; x_wconf 80' lang='lat' dir='ltr'><strong>corri-</strong></span> 
     </span>
    </p>
   </div>
   <div class='ocr_carea' id='block_1_63' title="bbox 1817 439 3399 512">
    <p class='ocr_par' dir='ltr' id='par_1_63' title="bbox 1817 439 3399 512">
     <span class='ocr_line' id='line_1_64' title="bbox 1817 439 3399 512; baseline 0.012 -21"><span class='ocrx_word' id='word_1_493' title='bbox 1817 439 2052 507; x_wconf 86' lang='lat' dir='ltr'><strong>piuntur.</strong></span> <span class='ocrx_word' id='word_1_494' title='bbox 2076 454 2249 510; x_wconf 89' lang='lat' dir='ltr'><strong>neque</strong></span> <span class='ocrx_word' id='word_1_495' title='bbox 2269 440 2374 495; x_wconf 88' lang='lat' dir='ltr'><strong>alio</strong></span> <span class='ocrx_word' id='word_1_496' title='bbox 2399 443 2648 512; x_wconf 89' lang='lat' dir='ltr'><strong>quopiam</strong></span> <span class='ocrx_word' id='word_1_497' title='bbox 2669 444 2832 499; x_wconf 90' lang='lat' dir='ltr'><strong>animi</strong></span> <span class='ocrx_word' id='word_1_498' title='bbox 2853 448 3041 503; x_wconf 88' lang='lat' dir='ltr'><strong>morbo</strong></span> <span class='ocrx_word' id='word_1_499' title='bbox 3061 450 3399 510; x_wconf 88' lang='lat' dir='ltr'><strong>obsidentur:</strong></span> 
     </span>
    </p>
   </div>
   <div class='ocr_carea' id='block_1_64' title="bbox 1815 529 3399 613">
    <p class='ocr_par' dir='ltr' id='par_1_64' title="bbox 1815 529 3399 613">
     <span class='ocr_line' id='line_1_65' title="bbox 1815 529 3399 613; baseline 0.011 -30"><span class='ocrx_word' id='word_1_500' title='bbox 1815 529 1908 583; x_wconf 88' lang='lat' dir='ltr'><strong>sed</strong></span> <span class='ocrx_word' id='word_1_501' title='bbox 1938 544 2158 598; x_wconf 89' lang='lat' dir='ltr'><strong>prorsus</strong></span> <span class='ocrx_word' id='word_1_502' title='bbox 2176 530 2339 586; x_wconf 91' lang='lat' dir='ltr'><strong>luctui</strong></span> <span class='ocrx_word' id='word_1_503' title='bbox 2366 532 2561 587; x_wconf 88' lang='lat' dir='ltr'><strong>addicti</strong></span> <span class='ocrx_word' id='word_1_504' title='bbox 2589 543 2715 590; x_wconf 85' lang='lat' dir='ltr'><strong>sunt</strong></span> <span class='ocrx_word' id='word_1_505' title='bbox 2740 552 2753 589; x_wconf 90' lang='lat'><strong>:</strong></span> <span class='ocrx_word' id='word_1_506' title='bbox 2782 538 2945 594; x_wconf 91' lang='lat' dir='ltr'><strong>multo</strong></span> <span class='ocrx_word' id='word_1_507' title='bbox 2965 542 3133 611; x_wconf 89' lang='lat' dir='ltr'><strong>magis</strong></span> <span class='ocrx_word' id='word_1_508' title='bbox 3160 558 3249 612; x_wconf 83' lang='lat' dir='ltr'><strong>qui</strong></span> <span class='ocrx_word' id='word_1_509' title='bbox 3281 561 3399 613; x_wconf 87' lang='lat' dir='ltr'><strong>pec-</strong></span> 
     </span>
    </p>
   </div>
   <div class='ocr_carea' id='block_1_65' title="bbox 1813 622 3396 703">
    <p class='ocr_par' dir='ltr' id='par_1_65' title="bbox 1813 622 3396 703">
     <span class='ocr_line' id='line_1_66' title="bbox 1813 622 3396 703; baseline 0.01 -29"><span class='ocrx_word' id='word_1_510' title='bbox 1813 632 1932 676; x_wconf 88' lang='lat' dir='ltr'><strong>cata</strong></span> <span class='ocrx_word' id='word_1_511' title='bbox 1957 636 2054 677; x_wconf 85' lang='lat' dir='ltr'><strong>sua</strong></span> <span class='ocrx_word' id='word_1_512' title='bbox 2080 622 2282 693; x_wconf 91' lang='lat' dir='ltr'><strong>lugent,</strong></span> <span class='ocrx_word' id='word_1_513' title='bbox 2312 624 2449 679; x_wconf 92' lang='lat' dir='ltr'><strong>sicut</strong></span> <span class='ocrx_word' id='word_1_514' title='bbox 2475 641 2537 680; x_wconf 89' lang='lat' dir='ltr'><strong>ea</strong></span> <span class='ocrx_word' id='word_1_515' title='bbox 2568 626 2793 697; x_wconf 88' lang='lat' dir='ltr'><strong>lugenda</strong></span> <span class='ocrx_word' id='word_1_516' title='bbox 2822 639 2947 684; x_wconf 91' lang='lat' dir='ltr'><strong>sunt</strong></span> <span class='ocrx_word' id='word_1_517' title='bbox 2970 673 2983 693; x_wconf 87' lang='lat'><strong>,</strong></span> <span class='ocrx_word' id='word_1_518' title='bbox 3019 630 3117 688; x_wconf 86' lang='lat' dir='ltr'><strong>hac</strong></span> <span class='ocrx_word' id='word_1_519' title='bbox 3144 636 3396 703; x_wconf 86' lang='lat' dir='ltr'><strong>majorem</strong></span> 
     </span>
    </p>
   </div>
   <div class='ocr_carea' id='block_1_66' title="bbox 1812 712 3390 795">
    <p class='ocr_par' dir='ltr' id='par_1_66' title="bbox 1812 712 3390 795">
     <span class='ocr_line' id='line_1_67' title="bbox 1812 712 3390 795; baseline 0.009 -29"><span class='ocrx_word' id='word_1_520' title='bbox 1812 712 2141 769; x_wconf 84' lang='lat' dir='ltr'><strong>exhibebunt</strong></span> <span class='ocrx_word' id='word_1_521' title='bbox 2166 715 2575 785; x_wconf 80' lang='lat' dir='ltr'><strong>philoSOphiatn.</strong></span> <span class='ocrx_word' id='word_1_522' title='bbox 2607 718 2804 774; x_wconf 89' lang='lat' dir='ltr'><strong>Deinde</strong></span> <span class='ocrx_word' id='word_1_523' title='bbox 2823 760 2839 784; x_wconf 90' lang='lat'><strong>,</strong></span> <span class='ocrx_word' id='word_1_524' title='bbox 2870 722 3010 791; x_wconf 91' lang='lat' dir='ltr'><strong>quod</strong></span> <span class='ocrx_word' id='word_1_525' title='bbox 3044 740 3227 779; x_wconf 87' lang='lat' dir='ltr'><strong>eorum</strong></span> <span class='ocrx_word' id='word_1_526' title='bbox 3256 742 3390 795; x_wconf 56' lang='lat' dir='ltr'><strong>prae.</strong></span> 
     </span>
    </p>
   </div>
   <div class='ocr_carea' id='block_1_67' title="bbox 1812 804 3394 886">
    <p class='ocr_par' dir='ltr' id='par_1_67' title="bbox 1812 804 3394 886">
     <span class='ocr_line' id='line_1_68' title="bbox 1812 804 3394 886; baseline 0.011 -29"><span class='ocrx_word' id='word_1_527' title='bbox 1812 804 1976 859; x_wconf 91' lang='lat' dir='ltr'><strong>mium</strong></span> <span class='ocrx_word' id='word_1_528' title='bbox 1998 806 2145 860; x_wconf 78' lang='lat' dir='ltr'><strong>erit?</strong></span> <span class='ocrx_word' id='word_1_529' title='bbox 2192 808 2441 872; x_wconf 83' lang='lat' dir='ltr'><strong>Quoniam</strong></span> <span class='ocrx_word' id='word_1_530' title='bbox 2470 809 2570 879; x_wconf 86' lang='lat' dir='ltr'><strong>ipsi</strong></span> <span class='ocrx_word' id='word_1_531' title='bbox 2594 812 2990 868; x_wconf 81' lang='lat' dir='ltr'><strong>consolabuntur</strong></span> <span class='ocrx_word' id='word_1_532' title='bbox 3013 857 3028 881; x_wconf 97' lang='lat'><strong>,</strong></span> <span class='ocrx_word' id='word_1_533' title='bbox 3061 816 3249 886; x_wconf 90' lang='lat' dir='ltr'><strong>inquit.</strong></span> <span class='ocrx_word' id='word_1_534' title='bbox 3293 818 3394 874; x_wconf 82' lang='lat' dir='ltr'><strong>Ubi</strong></span> 
     </span>
    </p>
   </div>
   <div class='ocr_carea' id='block_1_68' title="bbox 1809 898 3390 977">
    <p class='ocr_par' dir='ltr' id='par_1_68' title="bbox 1809 898 3390 977">
     <span class='ocr_line' id='line_1_69' title="bbox 1809 898 3390 977; baseline 0.01 -28"><span class='ocrx_word' id='word_1_535' title='bbox 1809 911 1968 963; x_wconf 87' lang='lat' dir='ltr'><strong>vero,</strong></span> <span class='ocrx_word' id='word_1_536' title='bbox 1992 898 2079 954; x_wconf 84' lang='lat' dir='ltr'><strong>dic</strong></span> <span class='ocrx_word' id='word_1_537' title='bbox 2108 899 2269 965; x_wconf 90' lang='lat' dir='ltr'><strong>mihi,</strong></span> <span class='ocrx_word' id='word_1_538' title='bbox 2302 903 2747 957; x_wconf 84' lang='lat' dir='ltr'><strong>consolabuntur?</strong></span> <span class='ocrx_word' id='word_1_539' title='bbox 2777 905 2843 959; x_wconf 87' lang='lat' dir='ltr'><strong>Et</strong></span> <span class='ocrx_word' id='word_1_540' title='bbox 2869 905 2986 971; x_wconf 91' lang='lat' dir='ltr'><strong>hic,</strong></span> <span class='ocrx_word' id='word_1_541' title='bbox 3019 917 3072 961; x_wconf 90' lang='lat' dir='ltr'><strong>et</strong></span> <span class='ocrx_word' id='word_1_542' title='bbox 3104 908 3229 963; x_wconf 93' lang='lat' dir='ltr'><strong>illic.</strong></span> <span class='ocrx_word' id='word_1_543' title='bbox 3261 911 3390 977; x_wconf 85' lang='lat' dir='ltr'><strong>Quia</strong></span> 
     </span>
    </p>
   </div>
   <div class='ocr_carea' id='block_1_69' title="bbox 1808 991 3378 1065">
    <p class='ocr_par' dir='ltr' id='par_1_69' title="bbox 1808 991 3378 1065">
     <span class='ocr_line' id='line_1_70' title="bbox 1808 991 3378 1065; baseline 0.007 -22"><span class='ocrx_word' id='word_1_544' title='bbox 1808 991 1950 1044; x_wconf 90' lang='lat' dir='ltr'><strong>enim</strong></span> <span class='ocrx_word' id='word_1_545' title='bbox 1982 1002 2300 1061; x_wconf 73' lang='lat' dir='ltr'><strong>prmceptttm</strong></span> <span class='ocrx_word' id='word_1_546' title='bbox 2331 1008 2493 1063; x_wconf 88' lang='lat' dir='ltr'><strong>grave</strong></span> <span class='ocrx_word' id='word_1_547' title='bbox 2519 995 2802 1050; x_wconf 88' lang='lat' dir='ltr'><strong>admodum</strong></span> <span class='ocrx_word' id='word_1_548' title='bbox 2831 1008 2946 1051; x_wconf 89' lang='lat' dir='ltr'><strong>erat</strong></span> <span class='ocrx_word' id='word_1_549' title='bbox 2970 1009 3023 1052; x_wconf 91' lang='lat' dir='ltr'><strong>et</strong></span> <span class='ocrx_word' id='word_1_550' title='bbox 3053 1014 3378 1065; x_wconf 78' lang='lat' dir='ltr'><strong>onerosum,</strong></span> 
     </span>
    </p>
   </div>
   <div class='ocr_carea' id='block_1_70' title="bbox 1809 1080 3392 1157">
    <p class='ocr_par' dir='ltr' id='par_1_70' title="bbox 1809 1080 3392 1157">
     <span class='ocr_line' id='line_1_71' title="bbox 1809 1080 3392 1157; baseline 0.008 -22"><span class='ocrx_word' id='word_1_551' title='bbox 1809 1080 1913 1136; x_wconf 87' lang='lat' dir='ltr'><strong>hoc</strong></span> <span class='ocrx_word' id='word_1_552' title='bbox 1958 1097 2017 1138; x_wconf 85' lang='lat' dir='ltr'><strong>se</strong></span> <span class='ocrx_word' id='word_1_553' title='bbox 2062 1085 2305 1152; x_wconf 83' lang='lat' dir='ltr'><strong>promisit</strong></span> <span class='ocrx_word' id='word_1_554' title='bbox 2349 1085 2637 1149; x_wconf 91' lang='lat' dir='ltr'><strong>daturum,</strong></span> <span class='ocrx_word' id='word_1_555' title='bbox 2670 1087 2809 1157; x_wconf 90' lang='lat' dir='ltr'><strong>quod</strong></span> <span class='ocrx_word' id='word_1_556' title='bbox 2840 1088 2965 1143; x_wconf 87' lang='lat' dir='ltr'><strong>illud</strong></span> <span class='ocrx_word' id='word_1_557' title='bbox 3007 1091 3235 1147; x_wconf 80' lang='lat' dir='ltr'><strong>maxime</strong></span> <span class='ocrx_word' id='word_1_558' title='bbox 3278 1094 3392 1148; x_wconf 82' lang='lat' dir='ltr'><strong>leve</strong></span> 
     </span>
    </p>
   </div>
   <div class='ocr_carea' id='block_1_71' title="bbox 1807 1171 3386 1252">
    <p class='ocr_par' dir='ltr' id='par_1_71' title="bbox 1807 1171 3386 1252">
     <span class='ocr_line' id='line_1_72' title="bbox 1807 1171 3386 1252; baseline 0.009 -29"><span class='ocrx_word' id='word_1_559' title='bbox 1807 1180 1987 1240; x_wconf 69' lang='lat' dir='ltr'><strong>posset</strong></span> <span class='ocrx_word' id='word_1_560' title='bbox 2005 1171 2234 1229; x_wconf 87' lang='lat' dir='ltr'><strong>efticere.</strong></span> <span class='ocrx_word' id='word_1_561' title='bbox 2261 1173 2441 1245; x_wconf 91' lang='lat' dir='ltr'><strong>Itaque</strong></span> <span class='ocrx_word' id='word_1_562' title='bbox 2465 1176 2508 1229; x_wconf 92' lang='lat' dir='ltr'><strong>si</strong></span> <span class='ocrx_word' id='word_1_563' title='bbox 2533 1177 2663 1231; x_wconf 87' lang='lat' dir='ltr'><strong>velis</strong></span> <span class='ocrx_word' id='word_1_564' title='bbox 2688 1179 3105 1235; x_wconf 77' lang='lat' dir='ltr'><strong>consolationem</strong></span> <span class='ocrx_word' id='word_1_565' title='bbox 3127 1182 3386 1252; x_wconf 87' lang='lat' dir='ltr'><strong>accipere,</strong></span> 
     </span>
    </p>
   </div>
   <div class='ocr_carea' id='block_1_72' title="bbox 1806 1264 3385 1343">
    <p class='ocr_par' dir='ltr' id='par_1_72' title="bbox 1806 1264 3385 1343">
     <span class='ocr_line' id='line_1_73' title="bbox 1806 1264 3385 1343; baseline 0.011 -26"><span class='ocrx_word' id='word_1_566' title='bbox 1806 1264 1947 1335; x_wconf 89' lang='lat' dir='ltr'><strong>luge.</strong></span> <span class='ocrx_word' id='word_1_567' title='bbox 1990 1266 2057 1321; x_wconf 89' lang='lat' dir='ltr'><strong>Et</strong></span> <span class='ocrx_word' id='word_1_568' title='bbox 2084 1283 2151 1323; x_wconf 86' lang='lat' dir='ltr'><strong>ne</strong></span> <span class='ocrx_word' id='word_1_569' title='bbox 2183 1278 2337 1339; x_wconf 90' lang='lat' dir='ltr'><strong>putes</strong></span> <span class='ocrx_word' id='word_1_570' title='bbox 2381 1271 2606 1341; x_wconf 69' lang='lat' dir='ltr'><strong>aenigma</strong></span> <span class='ocrx_word' id='word_1_571' title='bbox 2636 1287 2755 1327; x_wconf 89' lang='lat' dir='ltr'><strong>esse</strong></span> <span class='ocrx_word' id='word_1_572' title='bbox 2782 1272 2833 1327; x_wconf 87' lang='lat' dir='ltr'><strong>id</strong></span> <span class='ocrx_word' id='word_1_573' title='bbox 2867 1274 3008 1343; x_wconf 91' lang='lat' dir='ltr'><strong>quod</strong></span> <span class='ocrx_word' id='word_1_574' title='bbox 3055 1275 3253 1332; x_wconf 89' lang='lat' dir='ltr'><strong>dictum</strong></span> <span class='ocrx_word' id='word_1_575' title='bbox 3284 1288 3385 1335; x_wconf 85' lang='lat' dir='ltr'><strong>est.</strong></span> 
     </span>
    </p>
   </div>
   <div class='ocr_carea' id='block_1_73' title="bbox 1805 1355 3389 1425">
    <p class='ocr_par' dir='ltr' id='par_1_73' title="bbox 1805 1355 3389 1425">
     <span class='ocr_line' id='line_1_74' title="bbox 1805 1355 3389 1425; baseline 0.01 -16"><span class='ocrx_word' id='word_1_576' title='bbox 1805 1355 1935 1409; x_wconf 88' lang='lat' dir='ltr'><strong>Cum</strong></span> <span class='ocrx_word' id='word_1_577' title='bbox 1960 1359 2103 1412; x_wconf 90' lang='lat' dir='ltr'><strong>enim</strong></span> <span class='ocrx_word' id='word_1_578' title='bbox 2130 1358 2270 1414; x_wconf 89' lang='lat' dir='ltr'><strong>Deus</strong></span> <span class='ocrx_word' id='word_1_579' title='bbox 2292 1361 2620 1425; x_wconf 89' lang='lat' dir='ltr'><strong>consolatur,</strong></span> <span class='ocrx_word' id='word_1_580' title='bbox 2649 1364 2859 1418; x_wconf 89' lang='lat' dir='ltr'><strong>etiamsi</strong></span> <span class='ocrx_word' id='word_1_581' title='bbox 2888 1366 3033 1421; x_wconf 90' lang='lat' dir='ltr'><strong>mille</strong></span> <span class='ocrx_word' id='word_1_582' title='bbox 3056 1368 3221 1422; x_wconf 83' lang='lat' dir='ltr'><strong>tristia</strong></span> <span class='ocrx_word' id='word_1_583' title='bbox 3250 1372 3389 1425; x_wconf 82' lang='lat' dir='ltr'><strong>acci-</strong></span> 
     </span>
    </p>
   </div>
   <div class='ocr_carea' id='block_1_74' title="bbox 1763 1447 3387 1531">
    <p class='ocr_par' dir='ltr' id='par_1_74' title="bbox 1763 1447 3387 1531">
     <span class='ocr_line' id='line_1_75' title="bbox 1763 1447 3387 1531; baseline 0.011 -32"><span class='ocrx_word' id='word_1_584' title='bbox 1763 1469 1775 1486; x_wconf 70' lang='grc' dir='ltr'><strong>ι</strong></span> <span class='ocrx_word' id='word_1_585' title='bbox 1802 1447 1949 1511; x_wconf 90' lang='lat' dir='ltr'><strong>dant,</strong></span> <span class='ocrx_word' id='word_1_586' title='bbox 1980 1450 2227 1504; x_wconf 90' lang='lat' dir='ltr'><strong>omnibus</strong></span> <span class='ocrx_word' id='word_1_587' title='bbox 2254 1452 2499 1521; x_wconf 87' lang='lat' dir='ltr'><strong>superior</strong></span> <span class='ocrx_word' id='word_1_588' title='bbox 2536 1454 2666 1508; x_wconf 90' lang='lat' dir='ltr'><strong>eris.</strong></span> <span class='ocrx_word' id='word_1_589' title='bbox 2700 1454 2909 1511; x_wconf 82' lang='lat' dir='ltr'><strong>Etenim</strong></span> <span class='ocrx_word' id='word_1_590' title='bbox 2952 1458 3120 1514; x_wconf 91' lang='lat' dir='ltr'><strong>multo</strong></span> <span class='ocrx_word' id='word_1_591' title='bbox 3158 1461 3387 1531; x_wconf 81' lang='lat' dir='ltr'><strong>majores</strong></span> 
     </span>
    </p>
   </div>
   <div class='ocr_carea' id='block_1_75' title="bbox 1801 1538 3384 1619">
    <p class='ocr_par' dir='ltr' id='par_1_75' title="bbox 1801 1538 3384 1619">
     <span class='ocr_line' id='line_1_76' title="bbox 1801 1538 3384 1619; baseline 0.008 -27"><span class='ocrx_word' id='word_1_592' title='bbox 1801 1538 1892 1593; x_wconf 90' lang='lat' dir='ltr'><strong>dat</strong></span> <span class='ocrx_word' id='word_1_593' title='bbox 1921 1554 2134 1611; x_wconf 85' lang='lat' dir='ltr'><strong>semper</strong></span> <span class='ocrx_word' id='word_1_594' title='bbox 2159 1544 2298 1599; x_wconf 84' lang='lat' dir='ltr'><strong>Deus</strong></span> <span class='ocrx_word' id='word_1_595' title='bbox 2339 1543 2579 1599; x_wconf 89' lang='lat' dir='ltr'><strong>laborum</strong></span> <span class='ocrx_word' id='word_1_596' title='bbox 2617 1548 2892 1602; x_wconf 89' lang='lat' dir='ltr'><strong>mercedes</strong></span> <span class='ocrx_word' id='word_1_597' title='bbox 2919 1566 2932 1602; x_wconf 89' lang='lat'><strong>:</strong></span> <span class='ocrx_word' id='word_1_598' title='bbox 2962 1548 3012 1603; x_wconf 91' lang='lat' dir='ltr'><strong>id</strong></span> <span class='ocrx_word' id='word_1_599' title='bbox 3056 1551 3194 1619; x_wconf 91' lang='lat' dir='ltr'><strong>quod</strong></span> <span class='ocrx_word' id='word_1_600' title='bbox 3225 1553 3384 1607; x_wconf 89' lang='lat' dir='ltr'><strong>etiam</strong></span> 
     </span>
    </p>
   </div>
   <div class='ocr_carea' id='block_1_76' title="bbox 1803 1632 3385 1710">
    <p class='ocr_par' dir='ltr' id='par_1_76' title="bbox 1803 1632 3385 1710">
     <span class='ocr_line' id='line_1_77' title="bbox 1803 1632 3385 1710; baseline 0.009 -25"><span class='ocrx_word' id='word_1_601' title='bbox 1803 1632 1887 1685; x_wconf 91' lang='lat' dir='ltr'><strong>hic</strong></span> <span class='ocrx_word' id='word_1_602' title='bbox 1927 1634 2049 1688; x_wconf 85' lang='lat' dir='ltr'><strong>fecit</strong></span> <span class='ocrx_word' id='word_1_603' title='bbox 2072 1674 2087 1699; x_wconf 92' lang='lat'><strong>,</strong></span> <span class='ocrx_word' id='word_1_604' title='bbox 2117 1650 2235 1689; x_wconf 92' lang='lat' dir='ltr'><strong>cum</strong></span> <span class='ocrx_word' id='word_1_605' title='bbox 2262 1635 2395 1689; x_wconf 81' lang='lat' dir='ltr'><strong>dixit</strong></span> <span class='ocrx_word' id='word_1_606' title='bbox 2420 1636 2603 1690; x_wconf 89' lang='lat' dir='ltr'><strong>beatos</strong></span> <span class='ocrx_word' id='word_1_607' title='bbox 2632 1653 2751 1693; x_wconf 87' lang='lat' dir='ltr'><strong>esse</strong></span> <span class='ocrx_word' id='word_1_608' title='bbox 2778 1653 2871 1693; x_wconf 86' lang='lat' dir='ltr'><strong>eos</strong></span> <span class='ocrx_word' id='word_1_609' title='bbox 2909 1641 2999 1709; x_wconf 90' lang='lat' dir='ltr'><strong>qui</strong></span> <span class='ocrx_word' id='word_1_610' title='bbox 3033 1641 3250 1710; x_wconf 92' lang='lat' dir='ltr'><strong>lugent,</strong></span> <span class='ocrx_word' id='word_1_611' title='bbox 3279 1659 3385 1699; x_wconf 80' lang='lat' dir='ltr'><strong>non</strong></span> 
     </span>
    </p>
   </div>
   <div class='ocr_carea' id='block_1_77' title="bbox 1801 1723 3383 1803">
    <p class='ocr_par' dir='ltr' id='par_1_77' title="bbox 1801 1723 3383 1803">
     <span class='ocr_line' id='line_1_78' title="bbox 1801 1723 3383 1803; baseline 0.007 -26"><span class='ocrx_word' id='word_1_612' title='bbox 1801 1723 2091 1778; x_wconf 86' lang='lat' dir='ltr'><strong>secundum</strong></span> <span class='ocrx_word' id='word_1_613' title='bbox 2123 1726 2198 1779; x_wconf 91' lang='lat' dir='ltr'><strong>rei</strong></span> <span class='ocrx_word' id='word_1_614' title='bbox 2221 1728 2492 1791; x_wconf 91' lang='lat' dir='ltr'><strong>meritum,</strong></span> <span class='ocrx_word' id='word_1_615' title='bbox 2523 1727 2618 1782; x_wconf 90' lang='lat' dir='ltr'><strong>sed</strong></span> <span class='ocrx_word' id='word_1_616' title='bbox 2644 1728 2931 1783; x_wconf 89' lang='lat' dir='ltr'><strong>secundum</strong></span> <span class='ocrx_word' id='word_1_617' title='bbox 2956 1731 3118 1800; x_wconf 89' lang='lat' dir='ltr'><strong>ipsius</strong></span> <span class='ocrx_word' id='word_1_618' title='bbox 3140 1733 3383 1803; x_wconf 86' lang='lat' dir='ltr'><strong>benigni-</strong></span> 
     </span>
    </p>
   </div>
   <div class='ocr_carea' id='block_1_78' title="bbox 1800 1818 3383 1891">
    <p class='ocr_par' dir='ltr' id='par_1_78' title="bbox 1800 1818 3383 1891">
     <span class='ocr_line' id='line_1_79' title="bbox 1800 1818 3383 1891; baseline 0.008 -24"><span class='ocrx_word' id='word_1_619' title='bbox 1800 1822 1959 1868; x_wconf 84' lang='lat' dir='ltr'><strong>tatem</strong></span> <span class='ocrx_word' id='word_1_620' title='bbox 1986 1831 2000 1880; x_wconf 94' lang='lat'><strong>;</strong></span> <span class='ocrx_word' id='word_1_621' title='bbox 2033 1831 2139 1869; x_wconf 90' lang='lat' dir='ltr'><strong>non</strong></span> <span class='ocrx_word' id='word_1_622' title='bbox 2168 1832 2232 1871; x_wconf 92' lang='lat' dir='ltr'><strong>ex</strong></span> <span class='ocrx_word' id='word_1_623' title='bbox 2260 1818 2438 1886; x_wconf 87' lang='lat' dir='ltr'><strong>operis</strong></span> <span class='ocrx_word' id='word_1_624' title='bbox 2463 1818 2668 1872; x_wconf 85' lang='lat' dir='ltr'><strong>scilicet</strong></span> <span class='ocrx_word' id='word_1_625' title='bbox 2712 1820 2966 1889; x_wconf 88' lang='lat' dir='ltr'><strong>dignitate</strong></span> <span class='ocrx_word' id='word_1_626' title='bbox 2990 1864 3004 1883; x_wconf 84' lang='lat'><strong>.</strong></span> <span class='ocrx_word' id='word_1_627' title='bbox 3026 1823 3117 1877; x_wconf 88' lang='lat' dir='ltr'><strong>sed</strong></span> <span class='ocrx_word' id='word_1_628' title='bbox 3160 1840 3225 1878; x_wconf 81' lang='lat' dir='ltr'><strong>ex</strong></span> <span class='ocrx_word' id='word_1_629' title='bbox 3268 1825 3383 1891; x_wconf 86' lang='lat' dir='ltr'><strong>ejus</strong></span> 
     </span>
    </p>
   </div>
   <div class='ocr_carea' id='block_1_79' title="bbox 1796 1905 3379 1981">
    <p class='ocr_par' dir='ltr' id='par_1_79' title="bbox 1796 1905 3379 1981">
     <span class='ocr_line' id='line_1_80' title="bbox 1796 1905 3379 1981; baseline 0.006 -21"><span class='ocrx_word' id='word_1_630' title='bbox 1796 1921 1920 1976; x_wconf 89' lang='lat' dir='ltr'><strong>erga</strong></span> <span class='ocrx_word' id='word_1_631' title='bbox 1950 1905 2197 1961; x_wconf 85' lang='lat' dir='ltr'><strong>homines</strong></span> <span class='ocrx_word' id='word_1_632' title='bbox 2235 1922 2438 1962; x_wconf 89' lang='lat' dir='ltr'><strong>amore.</strong></span> <span class='ocrx_word' id='word_1_633' title='bbox 2484 1908 2614 1962; x_wconf 89' lang='lat' dir='ltr'><strong>Nam</strong></span> <span class='ocrx_word' id='word_1_634' title='bbox 2650 1910 2735 1980; x_wconf 91' lang='lat' dir='ltr'><strong>qui</strong></span> <span class='ocrx_word' id='word_1_635' title='bbox 2766 1911 2984 1980; x_wconf 87' lang='lat' dir='ltr'><strong>lugent,</strong></span> <span class='ocrx_word' id='word_1_636' title='bbox 3032 1927 3242 1981; x_wconf 77' lang='lat' dir='ltr'><strong>pet-cata</strong></span> <span class='ocrx_word' id='word_1_637' title='bbox 3287 1930 3379 1969; x_wconf 85' lang='lat' dir='ltr'><strong>sua</strong></span> 
     </span>
    </p>
   </div>
   <div class='ocr_carea' id='block_1_80' title="bbox 1795 1996 3383 2073">
    <p class='ocr_par' dir='ltr' id='par_1_80' title="bbox 1795 1996 3383 2073">
     <span class='ocr_line' id='line_1_81' title="bbox 1795 1996 3383 2073; baseline 0.007 -22"><span class='ocrx_word' id='word_1_638' title='bbox 1795 1996 2013 2067; x_wconf 88' lang='lat' dir='ltr'><strong>lugent;</strong></span> <span class='ocrx_word' id='word_1_639' title='bbox 2044 1997 2127 2053; x_wconf 86' lang='lat' dir='ltr'><strong>bis</strong></span> <span class='ocrx_word' id='word_1_640' title='bbox 2156 2013 2284 2053; x_wconf 86' lang='lat' dir='ltr'><strong>vero</strong></span> <span class='ocrx_word' id='word_1_641' title='bbox 2309 1998 2503 2055; x_wconf 87' lang='lat' dir='ltr'><strong>suflicit</strong></span> <span class='ocrx_word' id='word_1_642' title='bbox 2525 2003 2805 2056; x_wconf 82' lang='lat' dir='ltr'><strong>si-veniam</strong></span> <span class='ocrx_word' id='word_1_643' title='bbox 2836 2003 3121 2073; x_wconf 87' lang='lat' dir='ltr'><strong>impetrent</strong></span> <span class='ocrx_word' id='word_1_644' title='bbox 3143 2016 3196 2060; x_wconf 84' lang='lat' dir='ltr'><strong>et</strong></span> <span class='ocrx_word' id='word_1_645' title='bbox 3221 2024 3383 2062; x_wconf 77' lang='lat' dir='ltr'><strong>excu-</strong></span> 
     </span>
    </p>
   </div>
   <div class='ocr_carea' id='block_1_81' title="bbox 1797 2088 3379 2165">
    <p class='ocr_par' dir='ltr' id='par_1_81' title="bbox 1797 2088 3379 2165">
     <span class='ocr_line' id='line_1_82' title="bbox 1797 2088 3379 2165; baseline 0.007 -24"><span class='ocrx_word' id='word_1_646' title='bbox 1797 2088 2082 2143; x_wconf 83' lang='lat' dir='ltr'><strong>sationem.</strong></span> <span class='ocrx_word' id='word_1_647' title='bbox 2128 2089 2388 2156; x_wconf 88' lang='lat' dir='ltr'><strong>Quoniam</strong></span> <span class='ocrx_word' id='word_1_648' title='bbox 2416 2101 2594 2146; x_wconf 88' lang='lat' dir='ltr'><strong>autem</strong></span> <span class='ocrx_word' id='word_1_649' title='bbox 2624 2093 2715 2147; x_wconf 91' lang='lat' dir='ltr'><strong>ille</strong></span> <span class='ocrx_word' id='word_1_650' title='bbox 2744 2109 2936 2164; x_wconf 82' lang='lat' dir='ltr'><strong>magno</strong></span> <span class='ocrx_word' id='word_1_651' title='bbox 2976 2110 3099 2165; x_wconf 84' lang='lat' dir='ltr'><strong>erga</strong></span> <span class='ocrx_word' id='word_1_652' title='bbox 3132 2096 3379 2152; x_wconf 85' lang='lat' dir='ltr'><strong>homines</strong></span> 
     </span>
    </p>
   </div>
   <div class='ocr_carea' id='block_1_82' title="bbox 1793 2184 3381 2260">
    <p class='ocr_par' dir='ltr' id='par_1_82' title="bbox 1793 2184 3381 2260">
     <span class='ocr_line' id='line_1_83' title="bbox 1793 2184 3381 2260; baseline 0.006 -25"><span class='ocrx_word' id='word_1_653' title='bbox 1793 2196 1977 2237; x_wconf 88' lang='lat' dir='ltr'><strong>amore</strong></span> <span class='ocrx_word' id='word_1_654' title='bbox 2016 2190 2248 2250; x_wconf 89' lang='lat' dir='ltr'><strong>tenetur,</strong></span> <span class='ocrx_word' id='word_1_655' title='bbox 2276 2199 2449 2253; x_wconf 90' lang='lat' dir='ltr'><strong>neque</strong></span> <span class='ocrx_word' id='word_1_656' title='bbox 2472 2184 2524 2239; x_wconf 92' lang='lat' dir='ltr'><strong>in</strong></span> <span class='ocrx_word' id='word_1_657' title='bbox 2552 2186 2796 2255; x_wconf 83' lang='lat' dir='ltr'><strong>supplicii</strong></span> <span class='ocrx_word' id='word_1_658' title='bbox 2826 2188 3140 2241; x_wconf 72' lang='lat' dir='ltr'><strong>remissione.</strong></span> <span class='ocrx_word' id='word_1_659' title='bbox 3165 2229 3180 2252; x_wconf 96' lang='lat'><strong>,</strong></span> <span class='ocrx_word' id='word_1_660' title='bbox 3212 2206 3381 2260; x_wconf 79' lang='lat' dir='ltr'><strong>noque</strong></span> 
     </span>
    </p>
   </div>
   <div class='ocr_carea' id='block_1_83' title="bbox 1792 2274 3381 2343">
    <p class='ocr_par' dir='ltr' id='par_1_83' title="bbox 1792 2274 3381 2343">
     <span class='ocr_line' id='line_1_84' title="bbox 1792 2274 3381 2343; baseline 0.007 -16"><span class='ocrx_word' id='word_1_661' title='bbox 1792 2274 1845 2328; x_wconf 87' lang='lat' dir='ltr'><strong>in</strong></span> <span class='ocrx_word' id='word_1_662' title='bbox 1869 2284 2202 2343; x_wconf 87' lang='lat' dir='ltr'><strong>peccatorum</strong></span> <span class='ocrx_word' id='word_1_663' title='bbox 2222 2277 2373 2331; x_wconf 88' lang='lat' dir='ltr'><strong>venia</strong></span> <span class='ocrx_word' id='word_1_664' title='bbox 2402 2280 2700 2332; x_wconf 87' lang='lat' dir='ltr'><strong>mercedem</strong></span> <span class='ocrx_word' id='word_1_665' title='bbox 2724 2280 2882 2339; x_wconf 83' lang='lat' dir='ltr'><strong>sistit.</strong></span> <span class='ocrx_word' id='word_1_666' title='bbox 2901 2281 2993 2335; x_wconf 87' lang='lat' dir='ltr'><strong>sed</strong></span> <span class='ocrx_word' id='word_1_667' title='bbox 3018 2284 3176 2336; x_wconf 84' lang='lat' dir='ltr'><strong>etiam</strong></span> <span class='ocrx_word' id='word_1_668' title='bbox 3199 2284 3381 2339; x_wconf 83' lang='lat' dir='ltr'><strong>beatos</strong></span> 
     </span>
    </p>
   </div>
   <div class='ocr_carea' id='block_1_84' title="bbox 1791 2365 3377 2443">
    <p class='ocr_par' dir='ltr' id='par_1_84' title="bbox 1791 2365 3377 2443">
     <span class='ocr_line' id='line_1_85' title="bbox 1791 2365 3377 2443; baseline 0.006 -24"><span class='ocrx_word' id='word_1_669' title='bbox 1791 2365 1973 2431; x_wconf 76' lang='lat' dir='ltr'><strong>efﬁcit,</strong></span> <span class='ocrx_word' id='word_1_670' title='bbox 2002 2378 2056 2420; x_wconf 89' lang='lat' dir='ltr'><strong>et</strong></span> <span class='ocrx_word' id='word_1_671' title='bbox 2086 2368 2304 2421; x_wconf 87' lang='lat' dir='ltr'><strong>multam</strong></span> <span class='ocrx_word' id='word_1_672' title='bbox 2328 2369 2481 2422; x_wconf 86' lang='lat' dir='ltr'><strong>all&#39;ert</strong></span> <span class='ocrx_word' id='word_1_673' title='bbox 2507 2370 2946 2425; x_wconf 87' lang='lat' dir='ltr'><strong>consolationem.</strong></span> <span class='ocrx_word' id='word_1_674' title='bbox 2970 2371 3176 2443; x_wconf 87' lang='lat' dir='ltr'><strong>Lugere</strong></span> <span class='ocrx_word' id='word_1_675' title='bbox 3201 2387 3377 2429; x_wconf 90' lang='lat' dir='ltr'><strong>autem</strong></span> 
     </span>
    </p>
   </div>
   <div class='ocr_carea' id='block_1_85' title="bbox 1795 2458 3374 2530">
    <p class='ocr_par' dir='ltr' id='par_1_85' title="bbox 1795 2458 3374 2530">
     <span class='ocr_line' id='line_1_86' title="bbox 1795 2458 3374 2530; baseline 0.006 -18"><span class='ocrx_word' id='word_1_676' title='bbox 1795 2472 1895 2512; x_wconf 86' lang='lat' dir='ltr'><strong>nos</strong></span> <span class='ocrx_word' id='word_1_677' title='bbox 1921 2458 2092 2528; x_wconf 90' lang='lat' dir='ltr'><strong>jubet,</strong></span> <span class='ocrx_word' id='word_1_678' title='bbox 2118 2474 2221 2514; x_wconf 90' lang='lat' dir='ltr'><strong>non</strong></span> <span class='ocrx_word' id='word_1_679' title='bbox 2248 2461 2315 2515; x_wconf 93' lang='lat' dir='ltr'><strong>de</strong></span> <span class='ocrx_word' id='word_1_680' title='bbox 2342 2463 2573 2530; x_wconf 89' lang='lat' dir='ltr'><strong>peccatis</strong></span> <span class='ocrx_word' id='word_1_681' title='bbox 2603 2464 2803 2516; x_wconf 85' lang='lat' dir='ltr'><strong>tantum</strong></span> <span class='ocrx_word' id='word_1_682' title='bbox 2836 2466 3058 2527; x_wconf 68' lang='lat' dir='ltr'><strong>nostris,</strong></span> <span class='ocrx_word' id='word_1_683' title='bbox 3096 2466 3189 2520; x_wconf 82' lang='lat' dir='ltr'><strong>sed</strong></span> <span class='ocrx_word' id='word_1_684' title='bbox 3216 2468 3374 2522; x_wconf 88' lang='lat' dir='ltr'><strong>etiam</strong></span> 
     </span>
    </p>
   </div>
   <div class='ocr_carea' id='block_1_86' title="bbox 1788 2552 3371 2625">
    <p class='ocr_par' dir='ltr' id='par_1_86' title="bbox 1788 2552 3371 2625">
     <span class='ocr_line' id='line_1_87' title="bbox 1788 2552 3371 2625; baseline 0.004 -19"><span class='ocrx_word' id='word_1_685' title='bbox 1788 2552 1856 2606; x_wconf 89' lang='lat' dir='ltr'><strong>de</strong></span> <span class='ocrx_word' id='word_1_686' title='bbox 1881 2553 2093 2608; x_wconf 90' lang='lat' dir='ltr'><strong>alienis.</strong></span> <span class='ocrx_word' id='word_1_687' title='bbox 2126 2553 2436 2622; x_wconf 83' lang='lat' dir='ltr'><strong>Ilujusmodi</strong></span> <span class='ocrx_word' id='word_1_688' title='bbox 2467 2569 2595 2609; x_wconf 82' lang='lat' dir='ltr'><strong>vero</strong></span> <span class='ocrx_word' id='word_1_689' title='bbox 2629 2565 2783 2610; x_wconf 89' lang='lat' dir='ltr'><strong>erant</strong></span> <span class='ocrx_word' id='word_1_690' title='bbox 2809 2566 3112 2611; x_wconf 89' lang='lat' dir='ltr'><strong>sanctorum</strong></span> <span class='ocrx_word' id='word_1_691' title='bbox 3147 2558 3371 2625; x_wconf 64' lang='lat' dir='ltr'><strong>anima},</strong></span> 
     </span>
    </p>
   </div>
   <div class='ocr_carea' id='block_1_87' title="bbox 1787 2646 3373 2723">
    <p class='ocr_par' dir='ltr' id='par_1_87' title="bbox 1787 2646 3373 2723">
     <span class='ocr_line' id='line_1_88' title="bbox 1787 2646 3373 2723; baseline 0.006 -24"><span class='ocrx_word' id='word_1_692' title='bbox 1787 2656 1844 2700; x_wconf 92' lang='lat' dir='ltr'><strong>ut</strong></span> <span class='ocrx_word' id='word_1_693' title='bbox 1867 2646 2081 2717; x_wconf 88' lang='lat' dir='ltr'><strong>Moysis,</strong></span> <span class='ocrx_word' id='word_1_694' title='bbox 2112 2658 2169 2701; x_wconf 91' lang='lat' dir='ltr'><strong>ut</strong></span> <span class='ocrx_word' id='word_1_695' title='bbox 2196 2647 2364 2710; x_wconf 85' lang='lat' dir='ltr'><strong>Pauli.</strong></span> <span class='ocrx_word' id='word_1_696' title='bbox 2390 2658 2448 2702; x_wconf 92' lang='lat' dir='ltr'><strong>ut</strong></span> <span class='ocrx_word' id='word_1_697' title='bbox 2468 2648 2680 2703; x_wconf 88' lang='lat' dir='ltr'><strong>Davidis</strong></span> <span class='ocrx_word' id='word_1_698' title='bbox 2711 2669 2723 2703; x_wconf 89' lang='lat'><strong>:</strong></span> <span class='ocrx_word' id='word_1_699' title='bbox 2755 2668 2873 2705; x_wconf 86' lang='lat' dir='ltr'><strong>nam</strong></span> <span class='ocrx_word' id='word_1_700' title='bbox 2904 2651 2955 2705; x_wconf 92' lang='lat' dir='ltr'><strong>hi</strong></span> <span class='ocrx_word' id='word_1_701' title='bbox 2984 2652 3208 2705; x_wconf 87' lang='lat' dir='ltr'><strong>aliorqu</strong></span> <span class='ocrx_word' id='word_1_702' title='bbox 3230 2668 3373 2723; x_wconf 83' lang='lat' dir='ltr'><strong>sa-pe</strong></span> 
     </span>
    </p>
   </div>
   <div class='ocr_carea' id='block_1_88' title="bbox 1788 2739 3373 2814">
    <p class='ocr_par' dir='ltr' id='par_1_88' title="bbox 1788 2739 3373 2814">
     <span class='ocr_line' id='line_1_89' title="bbox 1788 2739 3373 2814; baseline 0.003 -20"><span class='ocrx_word' id='word_1_703' title='bbox 1788 2749 1997 2809; x_wconf 85' lang='lat' dir='ltr'><strong>peccata</strong></span> <span class='ocrx_word' id='word_1_704' title='bbox 2024 2739 2294 2794; x_wconf 85' lang='lat' dir='ltr'><strong>luxerunt.</strong></span> <span class='ocrx_word' id='word_1_705' title='bbox 2323 2741 2374 2794; x_wconf 76' lang='grc'><strong>4.</strong></span> <span class='ocrx_word' id='word_1_706' title='bbox 2406 2740 2546 2794; x_wconf 83' lang='lat' dir='ltr'><strong>Beati</strong></span> <span class='ocrx_word' id='word_1_707' title='bbox 2570 2742 2729 2803; x_wconf 84' lang='lat' dir='ltr'><strong>mites,</strong></span> <span class='ocrx_word' id='word_1_708' title='bbox 2764 2744 2999 2811; x_wconf 84' lang='lat' dir='ltr'><strong>quoniam</strong></span> <span class='ocrx_word' id='word_1_709' title='bbox 3026 2744 3125 2814; x_wconf 88' lang='lat' dir='ltr'><strong>ipsi</strong></span> <span class='ocrx_word' id='word_1_710' title='bbox 3151 2745 3373 2813; x_wconf 85' lang='lat' dir='ltr'><strong>posside-</strong></span> 
     </span>
    </p>
   </div>
   <div class='ocr_carea' id='block_1_89' title="bbox 1794 2830 3369 2904">
    <p class='ocr_par' dir='ltr' id='par_1_89' title="bbox 1794 2830 3369 2904">
     <span class='ocr_line' id='line_1_90' title="bbox 1794 2830 3369 2904; baseline 0.004 -21"><span class='ocrx_word' id='word_1_711' title='bbox 1794 2830 1915 2884; x_wconf 87' lang='lat' dir='ltr'><strong>bunt</strong></span> <span class='ocrx_word' id='word_1_712' title='bbox 1938 2842 2146 2885; x_wconf 88' lang='lat' dir='ltr'><strong>terram.</strong></span> <span class='ocrx_word' id='word_1_713' title='bbox 2179 2832 2273 2886; x_wconf 91' lang='lat' dir='ltr'><strong>Dic</strong></span> <span class='ocrx_word' id='word_1_714' title='bbox 2300 2832 2448 2897; x_wconf 87' lang='lat' dir='ltr'><strong>mihi,</strong></span> <span class='ocrx_word' id='word_1_715' title='bbox 2473 2849 2629 2902; x_wconf 90' lang='lat' dir='ltr'><strong>quam</strong></span> <span class='ocrx_word' id='word_1_716' title='bbox 2657 2833 2891 2887; x_wconf 84' lang='lat' dir='ltr'><strong>terram?</strong></span> <span class='ocrx_word' id='word_1_717' title='bbox 2916 2834 3132 2888; x_wconf 84' lang='lat' dir='ltr'><strong>Terram</strong></span> <span class='ocrx_word' id='word_1_718' title='bbox 3160 2836 3369 2904; x_wconf 80' lang='lat' dir='ltr'><strong>quidem</strong></span> 
     </span>
    </p>
   </div>
   <div class='ocr_carea' id='block_1_90' title="bbox 1784 2922 3366 2993">
    <p class='ocr_par' dir='ltr' id='par_1_90' title="bbox 1784 2922 3366 2993">
     <span class='ocr_line' id='line_1_91' title="bbox 1784 2922 3366 2993; baseline 0.003 -16"><span class='ocrx_word' id='word_1_719' title='bbox 1784 2922 2173 2993; x_wconf 88' lang='lat' dir='ltr'><strong>intelligtbilem</strong></span> <span class='ocrx_word' id='word_1_720' title='bbox 2219 2924 2419 2979; x_wconf 89' lang='lat' dir='ltr'><strong>dicunt.</strong></span> <span class='ocrx_word' id='word_1_721' title='bbox 2468 2926 2657 2978; x_wconf 79' lang='lat' dir='ltr'><strong>Verum</strong></span> <span class='ocrx_word' id='word_1_722' title='bbox 2702 2941 2807 2979; x_wconf 89' lang='lat' dir='ltr'><strong>non</strong></span> <span class='ocrx_word' id='word_1_723' title='bbox 2857 2926 2925 2979; x_wconf 92' lang='lat' dir='ltr'><strong>ita</strong></span> <span class='ocrx_word' id='word_1_724' title='bbox 2956 2941 3013 2980; x_wconf 90' lang='lat' dir='ltr'><strong>se</strong></span> <span class='ocrx_word' id='word_1_725' title='bbox 3059 2943 3143 2981; x_wconf 89' lang='lat' dir='ltr'><strong>res</strong></span> <span class='ocrx_word' id='word_1_726' title='bbox 3185 2927 3366 2982; x_wconf 78' lang='lat' dir='ltr'><strong>habet.</strong></span> 
     </span>
    </p>
   </div>
   <div class='ocr_carea' id='block_1_91' title="bbox 1783 3013 3371 3086">
    <p class='ocr_par' dir='ltr' id='par_1_91' title="bbox 1783 3013 3371 3086">
     <span class='ocr_line' id='line_1_92' title="bbox 1783 3013 3371 3086; baseline 0.004 -18"><span class='ocrx_word' id='word_1_727' title='bbox 1783 3013 2053 3085; x_wconf 89' lang='lat' dir='ltr'><strong>Nusquam</strong></span> <span class='ocrx_word' id='word_1_728' title='bbox 2081 3016 2223 3069; x_wconf 91' lang='lat' dir='ltr'><strong>enim</strong></span> <span class='ocrx_word' id='word_1_729' title='bbox 2265 3016 2315 3069; x_wconf 94' lang='lat' dir='ltr'><strong>in</strong></span> <span class='ocrx_word' id='word_1_730' title='bbox 2348 3016 2615 3086; x_wconf 89' lang='lat' dir='ltr'><strong>Scriptura</strong></span> <span class='ocrx_word' id='word_1_731' title='bbox 2655 3016 2949 3086; x_wconf 88' lang='lat' dir='ltr'><strong>reperimus</strong></span> <span class='ocrx_word' id='word_1_732' title='bbox 2991 3028 3183 3072; x_wconf 87' lang='lat' dir='ltr'><strong>terram</strong></span> <span class='ocrx_word' id='word_1_733' title='bbox 3212 3019 3371 3073; x_wconf 81' lang='lat' dir='ltr'><strong>intel-</strong></span> 
     </span>
    </p>
   </div>
   <div class='ocr_carea' id='block_1_92' title="bbox 1784 3106 3367 3181">
    <p class='ocr_par' dir='ltr' id='par_1_92' title="bbox 1784 3106 3367 3181">
     <span class='ocr_line' id='line_1_93' title="bbox 1784 3106 3367 3181; baseline 0.003 -20"><span class='ocrx_word' id='word_1_734' title='bbox 1784 3106 2036 3177; x_wconf 88' lang='lat' dir='ltr'><strong>ligibilem</strong></span> <span class='ocrx_word' id='word_1_735' title='bbox 2066 3108 2165 3179; x_wconf 83' lang='grc' dir='ltr'><strong>(α).</strong></span> <span class='ocrx_word' id='word_1_736' title='bbox 2190 3109 2296 3164; x_wconf 87' lang='lat' dir='ltr'><strong>Sed</strong></span> <span class='ocrx_word' id='word_1_737' title='bbox 2324 3109 2448 3178; x_wconf 90' lang='lat' dir='ltr'><strong>quid</strong></span> <span class='ocrx_word' id='word_1_738' title='bbox 2477 3110 2578 3162; x_wconf 85' lang='lat' dir='ltr'><strong>sibi</strong></span> <span class='ocrx_word' id='word_1_739' title='bbox 2608 3110 2718 3163; x_wconf 86' lang='lat' dir='ltr'><strong>vult</strong></span> <span class='ocrx_word' id='word_1_740' title='bbox 2744 3109 2910 3163; x_wconf 86' lang='lat' dir='ltr'><strong>illud?</strong></span> <span class='ocrx_word' id='word_1_741' title='bbox 2940 3109 3203 3165; x_wconf 91' lang='lat' dir='ltr'><strong>Sensibile</strong></span> <span class='ocrx_word' id='word_1_742' title='bbox 3231 3128 3367 3181; x_wconf 73' lang='lat' dir='ltr'><strong>prte-</strong></span> 
     </span>
    </p>
   </div>
   <div class='ocr_carea' id='block_1_93' title="bbox 1784 3200 3364 3271">
    <p class='ocr_par' dir='ltr' id='par_1_93' title="bbox 1784 3200 3364 3271">
     <span class='ocr_line' id='line_1_94' title="bbox 1784 3200 3364 3271; baseline 0.004 -20"><span class='ocrx_word' id='word_1_743' title='bbox 1784 3200 1946 3253; x_wconf 89' lang='lat' dir='ltr'><strong>ntium</strong></span> <span class='ocrx_word' id='word_1_744' title='bbox 1994 3201 2175 3254; x_wconf 89' lang='lat' dir='ltr'><strong>statuit</strong></span> <span class='ocrx_word' id='word_1_745' title='bbox 2204 3241 2218 3264; x_wconf 91' lang='lat'><strong>,</strong></span> <span class='ocrx_word' id='word_1_746' title='bbox 2268 3202 2404 3255; x_wconf 90' lang='lat' dir='ltr'><strong>sicut</strong></span> <span class='ocrx_word' id='word_1_747' title='bbox 2430 3212 2483 3256; x_wconf 90' lang='lat' dir='ltr'><strong>et</strong></span> <span class='ocrx_word' id='word_1_748' title='bbox 2514 3202 2730 3257; x_wconf 81' lang='lat' dir='ltr'><strong>Paulus.</strong></span> <span class='ocrx_word' id='word_1_749' title='bbox 2760 3204 2888 3257; x_wconf 81' lang='lat' dir='ltr'><strong>Cum</strong></span> <span class='ocrx_word' id='word_1_750' title='bbox 2928 3203 3150 3257; x_wconf 77' lang='lat' dir='ltr'><strong>dixisset</strong></span> <span class='ocrx_word' id='word_1_751' title='bbox 3176 3207 3317 3259; x_wconf 90' lang='lat' dir='ltr'><strong>enim</strong></span> <span class='ocrx_word' id='word_1_752' title='bbox 3346 3246 3364 3271; x_wconf 90' lang='lat'><strong>,</strong></span> 
     </span>
    </p>
   </div>
   <div class='ocr_carea' id='block_1_94' title="bbox 1789 3290 3369 3362">
    <p class='ocr_par' dir='ltr' id='par_1_94' title="bbox 1789 3290 3369 3362">
     <span class='ocr_line' id='line_1_95' title="bbox 1789 3290 3369 3362; baseline 0.003 -18"><span class='ocrx_word' id='word_1_753' title='bbox 1789 3290 2004 3344; x_wconf 83' lang='lat' dir='ltr'><strong>Honora</strong></span> <span class='ocrx_word' id='word_1_754' title='bbox 2033 3302 2225 3361; x_wconf 84' lang='lat' dir='ltr'><strong>patrem</strong></span> <span class='ocrx_word' id='word_1_755' title='bbox 2252 3303 2395 3345; x_wconf 87' lang='lat' dir='ltr'><strong>tuum</strong></span> <span class='ocrx_word' id='word_1_756' title='bbox 2414 3303 2460 3347; x_wconf 90' lang='lat' dir='ltr'><strong>et</strong></span> <span class='ocrx_word' id='word_1_757' title='bbox 2504 3306 2709 3346; x_wconf 83' lang='lat' dir='ltr'><strong>matrem</strong></span> <span class='ocrx_word' id='word_1_758' title='bbox 2749 3306 2884 3347; x_wconf 82' lang='lat' dir='ltr'><strong>tuam</strong></span> <span class='ocrx_word' id='word_1_759' title='bbox 2907 3335 2923 3358; x_wconf 90' lang='lat'><strong>,</strong></span> <span class='ocrx_word' id='word_1_760' title='bbox 2953 3295 3242 3362; x_wconf 76' lang='lat' dir='ltr'><strong>subjnnxit,</strong></span> <span class='ocrx_word' id='word_1_761' title='bbox 3277 3296 3369 3350; x_wconf 84' lang='lat' dir='ltr'><strong>Sic</strong></span> 
     </span>
    </p>
   </div>
   <div class='ocr_carea' id='block_1_95' title="bbox 1782 3384 3368 3456">
    <p class='ocr_par' dir='ltr' id='par_1_95' title="bbox 1782 3384 3368 3456">
     <span class='ocr_line' id='line_1_96' title="bbox 1782 3384 3368 3456; baseline 0.003 -21"><span class='ocrx_word' id='word_1_762' title='bbox 1782 3385 1911 3436; x_wconf 82' lang='lat' dir='ltr'><strong>enim</strong></span> <span class='ocrx_word' id='word_1_763' title='bbox 1936 3385 2031 3437; x_wconf 79' lang='lat' dir='ltr'><strong>rris</strong></span> <span class='ocrx_word' id='word_1_764' title='bbox 2064 3386 2317 3454; x_wconf 60' lang='lat' dir='ltr'><strong>longaevus</strong></span> <span class='ocrx_word' id='word_1_765' title='bbox 2360 3400 2511 3452; x_wconf 82' lang='lat' dir='ltr'><strong>super</strong></span> <span class='ocrx_word' id='word_1_766' title='bbox 2537 3394 2718 3438; x_wconf 85' lang='lat' dir='ltr'><strong>terram</strong></span> <span class='ocrx_word' id='word_1_767' title='bbox 2747 3384 2765 3453; x_wconf 94' lang='lat'><strong>(</strong></span> <span class='ocrx_word' id='word_1_768' title='bbox 2789 3384 2977 3451; x_wconf 81' lang='lat' dir='ltr'><strong>Ephes.</strong></span> <span class='ocrx_word' id='word_1_769' title='bbox 3010 3385 3062 3439; x_wconf 85' lang='lat'><strong>6.</strong></span> <span class='ocrx_word' id='word_1_770' title='bbox 3093 3385 3147 3438; x_wconf 72' lang='grc'><strong>2.</strong></span> <span class='ocrx_word' id='word_1_771' title='bbox 3173 3387 3207 3440; x_wconf 79' lang='lat'><strong>3</strong></span> <span class='ocrx_word' id='word_1_772' title='bbox 3231 3394 3268 3456; x_wconf 82' lang='lat'><strong>).</strong></span> <span class='ocrx_word' id='word_1_773' title='bbox 3301 3385 3368 3440; x_wconf 84' lang='lat' dir='ltr'><strong>Et</strong></span> 
     </span>
    </p>
   </div>
   <div class='ocr_carea' id='block_1_96' title="bbox 1783 3475 3367 3547">
    <p class='ocr_par' dir='ltr' id='par_1_96' title="bbox 1783 3475 3367 3547">
     <span class='ocr_line' id='line_1_97' title="bbox 1783 3475 3367 3547; baseline 0.002 -18"><span class='ocrx_word' id='word_1_774' title='bbox 1783 3475 1895 3544; x_wconf 82' lang='lat' dir='ltr'><strong>ipse</strong></span> <span class='ocrx_word' id='word_1_775' title='bbox 1927 3476 2179 3530; x_wconf 85' lang='lat' dir='ltr'><strong>Dominus</strong></span> <span class='ocrx_word' id='word_1_776' title='bbox 2209 3476 2396 3529; x_wconf 88' lang='lat' dir='ltr'><strong>latroni</strong></span> <span class='ocrx_word' id='word_1_777' title='bbox 2427 3494 2439 3529; x_wconf 90' lang='lat'><strong>:</strong></span> <span class='ocrx_word' id='word_1_778' title='bbox 2476 3476 2644 3531; x_wconf 80' lang='lat' dir='ltr'><strong>Hodie</strong></span> <span class='ocrx_word' id='word_1_779' title='bbox 2684 3494 2872 3529; x_wconf 81' lang='lat' dir='ltr'><strong>mecum</strong></span> <span class='ocrx_word' id='word_1_780' title='bbox 2912 3480 3008 3531; x_wconf 77' lang='lat' dir='ltr'><strong>eris</strong></span> <span class='ocrx_word' id='word_1_781' title='bbox 3038 3479 3089 3530; x_wconf 89' lang='lat' dir='ltr'><strong>in</strong></span> <span class='ocrx_word' id='word_1_782' title='bbox 3130 3481 3367 3547; x_wconf 82' lang='lat' dir='ltr'><strong>paradiso</strong></span> 
     </span>
    </p>
   </div>
   <div class='ocr_carea' id='block_1_97' title="bbox 1786 3566 3362 3639">
    <p class='ocr_par' dir='ltr' id='par_1_97' title="bbox 1786 3566 3362 3639">
     <span class='ocr_line' id='line_1_98' title="bbox 1786 3566 3362 3639; baseline 0.004 -21"><span class='ocrx_word' id='word_1_783' title='bbox 1786 3566 1805 3636; x_wconf 95' lang='lat'><strong>(</strong></span> <span class='ocrx_word' id='word_1_784' title='bbox 1842 3566 1969 3620; x_wconf 87' lang='lat' dir='ltr'><strong>Luc.</strong></span> <span class='ocrx_word' id='word_1_785' title='bbox 1999 3567 2089 3621; x_wconf 73' lang='lat'><strong>25.</strong></span> <span class='ocrx_word' id='word_1_786' title='bbox 2121 3568 2190 3622; x_wconf 68' lang='grc'><strong>45</strong></span> <span class='ocrx_word' id='word_1_787' title='bbox 2311 3567 2488 3638; x_wconf 77' lang='lat' dir='ltr'><strong>Neque</strong></span> <span class='ocrx_word' id='word_1_788' title='bbox 2520 3570 2662 3623; x_wconf 91' lang='lat' dir='ltr'><strong>enim</strong></span> <span class='ocrx_word' id='word_1_789' title='bbox 2694 3570 2763 3621; x_wconf 89' lang='lat' dir='ltr'><strong>ob</strong></span> <span class='ocrx_word' id='word_1_790' title='bbox 2804 3570 2976 3622; x_wconf 86' lang='lat' dir='ltr'><strong>futura</strong></span> <span class='ocrx_word' id='word_1_791' title='bbox 3009 3570 3181 3622; x_wconf 86' lang='lat' dir='ltr'><strong>solum</strong></span> <span class='ocrx_word' id='word_1_792' title='bbox 3226 3570 3362 3624; x_wconf 86' lang='lat' dir='ltr'><strong>bona</strong></span> 
     </span>
    </p>
   </div>
   <div class='ocr_carea' id='block_1_98' title="bbox 1782 3657 3366 3728">
    <p class='ocr_par' dir='ltr' id='par_1_98' title="bbox 1782 3657 3366 3728">
     <span class='ocr_line' id='line_1_99' title="bbox 1782 3657 3366 3728; baseline 0.003 -18"><span class='ocrx_word' id='word_1_793' title='bbox 1782 3657 2109 3721; x_wconf 79' lang='lat' dir='ltr'><strong>ciiliortatur,</strong></span> <span class='ocrx_word' id='word_1_794' title='bbox 2138 3658 2233 3712; x_wconf 88' lang='lat' dir='ltr'><strong>sed</strong></span> <span class='ocrx_word' id='word_1_795' title='bbox 2259 3659 2416 3711; x_wconf 87' lang='lat' dir='ltr'><strong>etiam</strong></span> <span class='ocrx_word' id='word_1_796' title='bbox 2439 3659 2509 3711; x_wconf 88' lang='lat' dir='ltr'><strong>ob</strong></span> <span class='ocrx_word' id='word_1_797' title='bbox 2533 3660 2807 3727; x_wconf 69' lang='lat' dir='ltr'><strong>prwsentia</strong></span> <span class='ocrx_word' id='word_1_798' title='bbox 2843 3670 3057 3728; x_wconf 89' lang='lat' dir='ltr'><strong>propter</strong></span> <span class='ocrx_word' id='word_1_799' title='bbox 3081 3660 3196 3713; x_wconf 73' lang='lat' dir='ltr'><strong>ilIOs</strong></span> <span class='ocrx_word' id='word_1_800' title='bbox 3216 3660 3366 3714; x_wconf 84' lang='lat' dir='ltr'><strong>audi-</strong></span> 
     </span>
    </p>
   </div>
   <div class='ocr_carea' id='block_1_99' title="bbox 1783 3750 3361 3821">
    <p class='ocr_par' dir='ltr' id='par_1_99' title="bbox 1783 3750 3361 3821">
     <span class='ocr_line' id='line_1_100' title="bbox 1783 3750 3361 3821; baseline 0.001 -18"><span class='ocrx_word' id='word_1_801' title='bbox 1783 3759 1950 3815; x_wconf 88' lang='lat' dir='ltr'><strong>tores,</strong></span> <span class='ocrx_word' id='word_1_802' title='bbox 1978 3750 2068 3819; x_wconf 86' lang='lat' dir='ltr'><strong>qui</strong></span> <span class='ocrx_word' id='word_1_803' title='bbox 2096 3751 2387 3804; x_wconf 86' lang='lat' dir='ltr'><strong>crassiores</strong></span> <span class='ocrx_word' id='word_1_804' title='bbox 2411 3750 2521 3803; x_wconf 74' lang='lat' dir='ltr'><strong>lucc</strong></span> <span class='ocrx_word' id='word_1_805' title='bbox 2549 3751 2694 3820; x_wconf 89' lang='lat' dir='ltr'><strong>prius</strong></span> <span class='ocrx_word' id='word_1_806' title='bbox 2723 3766 2878 3819; x_wconf 89' lang='lat' dir='ltr'><strong>quam</strong></span> <span class='ocrx_word' id='word_1_807' title='bbox 2910 3750 3076 3803; x_wconf 87' lang='lat' dir='ltr'><strong>futura</strong></span> <span class='ocrx_word' id='word_1_808' title='bbox 3100 3760 3361 3821; x_wconf 69' lang='lat' dir='ltr'><strong>quaerunt.</strong></span> 
     </span>
    </p>
   </div>
   <div class='ocr_carea' id='block_1_100' title="bbox 1783 3839 3362 3911">
    <p class='ocr_par' dir='ltr' id='par_1_100' title="bbox 1783 3839 3362 3911">
     <span class='ocr_line' id='line_1_101' title="bbox 1783 3839 3362 3911; baseline 0.001 -18"><span class='ocrx_word' id='word_1_809' title='bbox 1783 3839 1906 3894; x_wconf 81' lang='lat' dir='ltr'><strong>Ideo</strong></span> <span class='ocrx_word' id='word_1_810' title='bbox 1936 3854 1989 3894; x_wconf 91' lang='lat' dir='ltr'><strong>et</strong></span> <span class='ocrx_word' id='word_1_811' title='bbox 2020 3841 2070 3895; x_wconf 91' lang='lat' dir='ltr'><strong>in</strong></span> <span class='ocrx_word' id='word_1_812' title='bbox 2098 3841 2440 3911; x_wconf 85' lang='lat' dir='ltr'><strong>sequentibus</strong></span> <span class='ocrx_word' id='word_1_813' title='bbox 2460 3841 2578 3895; x_wconf 80' lang='lat' dir='ltr'><strong>dicit</strong></span> <span class='ocrx_word' id='word_1_814' title='bbox 2606 3859 2617 3893; x_wconf 92' lang='lat'>:</span> <span class='ocrx_word' id='word_1_815' title='bbox 2644 3840 2763 3893; x_wconf 68' lang='lat' dir='ltr'><strong>Esto</strong></span> <span class='ocrx_word' id='word_1_816' title='bbox 2788 3842 3099 3894; x_wconf 82' lang='lat' dir='ltr'><strong>consentiens</strong></span> <span class='ocrx_word' id='word_1_817' title='bbox 3124 3842 3362 3895; x_wconf 62' lang='lat' dir='ltr'><strong>adversat-</strong></span> 
     </span>
    </p>
   </div>
   <div class='ocr_carea' id='block_1_101' title="bbox 1780 3929 3364 4002">
    <p class='ocr_par' dir='ltr' id='par_1_101' title="bbox 1780 3929 3364 4002">
     <span class='ocr_line' id='line_1_102' title="bbox 1780 3929 3364 4002; baseline 0.003 -20"><span class='ocrx_word' id='word_1_818' title='bbox 1780 3931 1857 3984; x_wconf 86' lang='lat' dir='ltr'><strong>rio</strong></span> <span class='ocrx_word' id='word_1_819' title='bbox 1878 3939 1961 3983; x_wconf 88' lang='lat' dir='ltr'><strong>tuo</strong></span> <span class='ocrx_word' id='word_1_820' title='bbox 1994 3929 2203 4000; x_wconf 79' lang='lat' dir='ltr'><strong>(Matth.</strong></span> <span class='ocrx_word' id='word_1_821' title='bbox 2232 3932 2285 3985; x_wconf 84' lang='lat'><strong>5.</strong></span> <span class='ocrx_word' id='word_1_822' title='bbox 2316 3932 2441 4001; x_wconf 67' lang='lat'><strong>95).</strong></span> <span class='ocrx_word' id='word_1_823' title='bbox 2470 3930 2668 3985; x_wconf 85' lang='lat' dir='ltr'><strong>Deinde</strong></span> <span class='ocrx_word' id='word_1_824' title='bbox 2693 3931 2990 3999; x_wconf 86' lang='lat' dir='ltr'><strong>hujusmodi</strong></span> <span class='ocrx_word' id='word_1_825' title='bbox 3017 3933 3364 4002; x_wconf 77' lang='lat' dir='ltr'><strong>philosophia-</strong></span> 
     </span>
    </p>
   </div>
   <div class='ocr_carea' id='block_1_102' title="bbox 1784 4021 3361 4094">
    <p class='ocr_par' dir='ltr' id='par_1_102' title="bbox 1784 4021 3361 4094">
     <span class='ocr_line' id='line_1_103' title="bbox 1784 4021 3361 4094; baseline 0.002 -20"><span class='ocrx_word' id='word_1_826' title='bbox 1784 4021 2055 4089; x_wconf 73' lang='lat' dir='ltr'><strong>prarmium</strong></span> <span class='ocrx_word' id='word_1_827' title='bbox 2074 4024 2273 4086; x_wconf 84' lang='lat' dir='ltr'><strong>statuit,</strong></span> <span class='ocrx_word' id='word_1_828' title='bbox 2290 4031 2344 4076; x_wconf 87' lang='lat' dir='ltr'><strong>et</strong></span> <span class='ocrx_word' id='word_1_829' title='bbox 2359 4024 2431 4076; x_wconf 87' lang='lat' dir='ltr'><strong>ait</strong></span> <span class='ocrx_word' id='word_1_830' title='bbox 2452 4040 2464 4077; x_wconf 88' lang='lat'>:</span> <span class='ocrx_word' id='word_1_831' title='bbox 2490 4021 2568 4074; x_wconf 80' lang='grc' dir='ltr'><strong>Νι·</strong></span> <span class='ocrx_word' id='word_1_832' title='bbox 2594 4023 2757 4075; x_wconf 78' lang='lat' dir='ltr'><strong>trudat</strong></span> <span class='ocrx_word' id='word_1_833' title='bbox 2781 4032 2826 4075; x_wconf 85' lang='lat' dir='ltr'><strong>te</strong></span> <span class='ocrx_word' id='word_1_834' title='bbox 2845 4025 3162 4077; x_wconf 85' lang='lat' dir='ltr'><strong>adversarius</strong></span> <span class='ocrx_word' id='word_1_835' title='bbox 3174 4025 3361 4094; x_wconf 78' lang='lat' dir='ltr'><strong>judia,</strong></span> 
     </span>
    </p>
   </div>
   <div class='ocr_carea' id='block_1_103' title="bbox 1783 4114 3361 4184">
    <p class='ocr_par' dir='ltr' id='par_1_103' title="bbox 1783 4114 3361 4184">
     <span class='ocr_line' id='line_1_104' title="bbox 1783 4114 3361 4184; baseline 0.003 -19"><span class='ocrx_word' id='word_1_836' title='bbox 1783 4123 1829 4166; x_wconf 88' lang='lat' dir='ltr'><strong>et</strong></span> <span class='ocrx_word' id='word_1_837' title='bbox 1857 4114 2022 4184; x_wconf 77' lang='lat' dir='ltr'><strong>judex</strong></span> <span class='ocrx_word' id='word_1_838' title='bbox 2062 4114 2309 4167; x_wconf 86' lang='lat' dir='ltr'><strong>ministro.</strong></span> <span class='ocrx_word' id='word_1_839' title='bbox 2345 4115 2528 4167; x_wconf 80' lang='lat' dir='ltr'><strong>Vidett&#39;</strong></span> <span class='ocrx_word' id='word_1_840' title='bbox 2556 4114 2696 4167; x_wconf 86' lang='lat' dir='ltr'><strong>unde</strong></span> <span class='ocrx_word' id='word_1_841' title='bbox 2727 4115 2952 4168; x_wconf 80' lang='lat' dir='ltr'><strong>terruit?</strong></span> <span class='ocrx_word' id='word_1_842' title='bbox 3002 4117 3043 4168; x_wconf 85' lang='lat' dir='ltr'><strong>A</strong></span> <span class='ocrx_word' id='word_1_843' title='bbox 3080 4116 3361 4170; x_wconf 68' lang='lat' dir='ltr'><strong>sensilibus</strong></span> 
     </span>
    </p>
   </div>
   <div class='ocr_carea' id='block_1_104' title="bbox 1784 4204 3364 4274">
    <p class='ocr_par' dir='ltr' id='par_1_104' title="bbox 1784 4204 3364 4274">
     <span class='ocr_line' id='line_1_105' title="bbox 1784 4204 3364 4274; baseline 0.001 -17"><span class='ocrx_word' id='word_1_844' title='bbox 1784 4204 2004 4270; x_wconf 80' lang='lat' dir='ltr'><strong>scilicet,</strong></span> <span class='ocrx_word' id='word_1_845' title='bbox 2034 4217 2086 4259; x_wconf 89' lang='lat' dir='ltr'><strong>et</strong></span> <span class='ocrx_word' id='word_1_846' title='bbox 2111 4221 2229 4273; x_wconf 73' lang='lat' dir='ltr'><strong>qua:</strong></span> <span class='ocrx_word' id='word_1_847' title='bbox 2259 4221 2400 4272; x_wconf 66' lang='lat' dir='ltr'><strong>smpe</strong></span> <span class='ocrx_word' id='word_1_848' title='bbox 2429 4206 2761 4274; x_wconf 72' lang='lat' dir='ltr'><strong>contingunt.</strong></span> <span class='ocrx_word' id='word_1_849' title='bbox 2794 4206 2856 4258; x_wconf 80' lang='lat' dir='ltr'><strong>Et</strong></span> <span class='ocrx_word' id='word_1_850' title='bbox 2884 4222 3062 4258; x_wconf 61' lang='lat' dir='ltr'><strong>rursus</strong></span> <span class='ocrx_word' id='word_1_851' title='bbox 3087 4225 3099 4259; x_wconf 92' lang='lat'>:</span> <span class='ocrx_word' id='word_1_852' title='bbox 3126 4208 3364 4271; x_wconf 78' lang='lat' dir='ltr'><strong>Quiritiu-</strong></span> 
     </span>
    </p>
   </div>
   <div class='ocr_carea' id='block_1_105' title="bbox 1783 4295 3363 4366">
    <p class='ocr_par' dir='ltr' id='par_1_105' title="bbox 1783 4295 3363 4366">
     <span class='ocr_line' id='line_1_106' title="bbox 1783 4295 3363 4366; baseline 0.003 -19"><span class='ocrx_word' id='word_1_853' title='bbox 1783 4312 1877 4363; x_wconf 82' lang='lat' dir='ltr'><strong>que</strong></span> <span class='ocrx_word' id='word_1_854' title='bbox 1896 4295 2076 4349; x_wconf 76' lang='lat' dir='ltr'><strong>dixerit</strong></span> <span class='ocrx_word' id='word_1_855' title='bbox 2107 4298 2250 4363; x_wconf 75' lang='lat' dir='ltr'><strong>fratri</strong></span> <span class='ocrx_word' id='word_1_856' title='bbox 2273 4313 2384 4357; x_wconf 88' lang='lat' dir='ltr'><strong>suo,</strong></span> <span class='ocrx_word' id='word_1_857' title='bbox 2406 4295 2566 4361; x_wconf 81' lang='lat' dir='ltr'><strong>Iiaca,</strong></span> <span class='ocrx_word' id='word_1_858' title='bbox 2589 4313 2701 4348; x_wconf 82' lang='lat' dir='ltr'><strong>reus</strong></span> <span class='ocrx_word' id='word_1_859' title='bbox 2720 4296 2810 4348; x_wconf 83' lang='lat' dir='ltr'><strong>erit</strong></span> <span class='ocrx_word' id='word_1_860' title='bbox 2829 4297 3040 4349; x_wconf 85' lang='lat' dir='ltr'><strong>concilio</strong></span> <span class='ocrx_word' id='word_1_861' title='bbox 3060 4295 3165 4363; x_wconf 95' lang='lat' dir='ltr'><strong>(Ib.</strong></span> <span class='ocrx_word' id='word_1_862' title='bbox 3182 4314 3229 4350; x_wconf 84' lang='grc' dir='ltr'><strong>υ.</strong></span> <span class='ocrx_word' id='word_1_863' title='bbox 3244 4297 3363 4366; x_wconf 68' lang='lat'><strong>32.)</strong></span> 
     </span>
    </p>
   </div>
   <div class='ocr_carea' id='block_1_106' title="bbox 1785 4384 3361 4457">
    <p class='ocr_par' dir='ltr' id='par_1_106' title="bbox 1785 4384 3361 4457">
     <span class='ocr_line' id='line_1_107' title="bbox 1785 4384 3361 4457; baseline 0.002 -19"><span class='ocrx_word' id='word_1_864' title='bbox 1785 4384 1978 4440; x_wconf 83' lang='lat' dir='ltr'><strong>Paulus</strong></span> <span class='ocrx_word' id='word_1_865' title='bbox 2008 4404 2217 4457; x_wconf 87' lang='lat' dir='ltr'><strong>quoque</strong></span> <span class='ocrx_word' id='word_1_866' title='bbox 2263 4387 2689 4455; x_wconf 82' lang='lat' dir='ltr'><strong>frequentissime</strong></span> <span class='ocrx_word' id='word_1_867' title='bbox 2732 4388 2832 4438; x_wconf 84' lang='lat' dir='ltr'><strong>sub</strong></span> <span class='ocrx_word' id='word_1_868' title='bbox 2876 4402 3089 4439; x_wconf 85' lang='lat' dir='ltr'><strong>sensum</strong></span> <span class='ocrx_word' id='word_1_869' title='bbox 3120 4388 3361 4441; x_wconf 83' lang='lat' dir='ltr'><strong>cadentia</strong></span> 
     </span>
    </p>
   </div>
   <div class='ocr_carea' id='block_1_107' title="bbox 1786 4478 3363 4555">
    <p class='ocr_par' dir='ltr' id='par_1_107' title="bbox 1786 4478 3363 4555">
     <span class='ocr_line' id='line_1_108' title="bbox 1786 4478 3363 4555; baseline -0.001 -20"><span class='ocrx_word' id='word_1_870' title='bbox 1786 4485 2000 4555; x_wconf 58' lang='lat' dir='ltr'><strong>prta-mia</strong></span> <span class='ocrx_word' id='word_1_871' title='bbox 2035 4482 2299 4550; x_wconf 79' lang='lat' dir='ltr'><strong>praponit,</strong></span> <span class='ocrx_word' id='word_1_872' title='bbox 2327 4491 2378 4533; x_wconf 93' lang='lat' dir='ltr'><strong>et</strong></span> <span class='ocrx_word' id='word_1_873' title='bbox 2408 4495 2436 4533; x_wconf 89' lang='lat' dir='ltr'><strong>a</strong></span> <span class='ocrx_word' id='word_1_874' title='bbox 2472 4479 2823 4547; x_wconf 75' lang='lat' dir='ltr'><strong>przcsentibus</strong></span> <span class='ocrx_word' id='word_1_875' title='bbox 2850 4478 3126 4543; x_wconf 84' lang='lat' dir='ltr'><strong>hortatur;</strong></span> <span class='ocrx_word' id='word_1_876' title='bbox 3156 4495 3211 4533; x_wconf 91' lang='lat' dir='ltr'><strong>ut</strong></span> <span class='ocrx_word' id='word_1_877' title='bbox 3242 4498 3363 4534; x_wconf 82' lang='lat' dir='ltr'><strong>cum</strong></span> 
     </span>
    </p>
   </div>
   <div class='ocr_carea' id='block_1_108' title="bbox 1785 4570 3364 4644">
    <p class='ocr_par' dir='ltr' id='par_1_108' title="bbox 1785 4570 3364 4644">
     <span class='ocr_line' id='line_1_109' title="bbox 1785 4570 3364 4644; baseline -0.003 -15"><span class='ocrx_word' id='word_1_878' title='bbox 1785 4576 1851 4631; x_wconf 87' lang='lat' dir='ltr'><strong>de</strong></span> <span class='ocrx_word' id='word_1_879' title='bbox 1880 4573 2177 4644; x_wconf 82' lang='lat' dir='ltr'><strong>virginitate</strong></span> <span class='ocrx_word' id='word_1_880' title='bbox 2206 4571 2418 4625; x_wconf 70' lang='lat' dir='ltr'><strong>disserit</strong></span> <span class='ocrx_word' id='word_1_881' title='bbox 2444 4589 2457 4623; x_wconf 87' lang='lat'><strong>:</strong></span> <span class='ocrx_word' id='word_1_882' title='bbox 2488 4571 2617 4624; x_wconf 89' lang='lat' dir='ltr'><strong>nihil</strong></span> <span class='ocrx_word' id='word_1_883' title='bbox 2640 4570 2837 4639; x_wconf 89' lang='lat' dir='ltr'><strong>quippe</strong></span> <span class='ocrx_word' id='word_1_884' title='bbox 2865 4570 2931 4624; x_wconf 86' lang='lat' dir='ltr'><strong>de</strong></span> <span class='ocrx_word' id='word_1_885' title='bbox 2952 4571 3097 4625; x_wconf 58' lang='lat' dir='ltr'><strong>Caelia</strong></span> <span class='ocrx_word' id='word_1_886' title='bbox 3124 4587 3364 4626; x_wconf 89' lang='lat' dir='ltr'><strong>comme-</strong></span> 
     </span>
    </p>
   </div>
   <div class='ocr_carea' id='block_1_109' title="bbox 1787 4664 3366 4735">
    <p class='ocr_par' dir='ltr' id='par_1_109' title="bbox 1787 4664 3366 4735">
     <span class='ocr_line' id='line_1_110' title="bbox 1787 4664 3366 4735; baseline -0.002 -13"><span class='ocrx_word' id='word_1_887' title='bbox 1787 4676 1977 4733; x_wconf 86' lang='lat' dir='ltr'><strong>morat,</strong></span> <span class='ocrx_word' id='word_1_888' title='bbox 2006 4666 2097 4721; x_wconf 88' lang='lat' dir='ltr'><strong>sed</strong></span> <span class='ocrx_word' id='word_1_889' title='bbox 2127 4682 2190 4719; x_wconf 79' lang='lat' dir='ltr'><strong>ex</strong></span> <span class='ocrx_word' id='word_1_890' title='bbox 2220 4664 2575 4735; x_wconf 69' lang='lat' dir='ltr'><strong>prmseutibus</strong></span> <span class='ocrx_word' id='word_1_891' title='bbox 2605 4665 2847 4718; x_wconf 84' lang='lat' dir='ltr'><strong>hortatur</strong></span> <span class='ocrx_word' id='word_1_892' title='bbox 2878 4666 2957 4717; x_wconf 82' lang='lat' dir='ltr'><strong>his</strong></span> <span class='ocrx_word' id='word_1_893' title='bbox 2985 4666 3161 4719; x_wconf 89' lang='lat' dir='ltr'><strong>verbis</strong></span> <span class='ocrx_word' id='word_1_894' title='bbox 3185 4705 3200 4730; x_wconf 93' lang='lat'><strong>,</strong></span> <span class='ocrx_word' id='word_1_895' title='bbox 3236 4664 3366 4719; x_wconf 84' lang='lat' dir='ltr'><strong>Pro-</strong></span> 
     </span>
    </p>
   </div>
   <div class='ocr_carea' id='block_1_110' title="bbox 1786 4754 3365 4829">
    <p class='ocr_par' dir='ltr' id='par_1_110' title="bbox 1786 4754 3365 4829">
     <span class='ocr_line' id='line_1_111' title="bbox 1786 4754 3365 4829; baseline -0.003 -17"><span class='ocrx_word' id='word_1_896' title='bbox 1786 4770 1895 4829; x_wconf 87' lang='lat' dir='ltr'><strong>pter</strong></span> <span class='ocrx_word' id='word_1_897' title='bbox 1916 4759 2182 4811; x_wconf 80' lang='lat' dir='ltr'><strong>instantem</strong></span> <span class='ocrx_word' id='word_1_898' title='bbox 2220 4756 2559 4809; x_wconf 75' lang='lat' dir='ltr'><strong>necessitatem</strong></span> <span class='ocrx_word' id='word_1_899' title='bbox 2603 4755 2619 4824; x_wconf 95' lang='lat'><strong>(</strong></span> <span class='ocrx_word' id='word_1_900' title='bbox 2646 4756 2694 4808; x_wconf 81' lang='lat' dir='ltr'><strong>l.</strong></span> <span class='ocrx_word' id='word_1_901' title='bbox 2723 4755 2840 4809; x_wconf 87' lang='lat' dir='ltr'><strong>Cor.</strong></span> <span class='ocrx_word' id='word_1_902' title='bbox 2870 4757 2922 4809; x_wconf 82' lang='lat'><strong>7.</strong></span> <span class='ocrx_word' id='word_1_903' title='bbox 2953 4755 3023 4810; x_wconf 76' lang='grc'>26</span> <span class='ocrx_word' id='word_1_904' title='bbox 3047 4754 3065 4826; x_wconf 97' lang='grc'>)</span> <span class='ocrx_word' id='word_1_905' title='bbox 3091 4774 3104 4817; x_wconf 91' lang='grc'>;</span> <span class='ocrx_word' id='word_1_906' title='bbox 3132 4766 3186 4810; x_wconf 91' lang='lat' dir='ltr'><strong>et</strong></span> <span class='ocrx_word' id='word_1_907' title='bbox 3208 4797 3221 4821; x_wconf 86' lang='lat'><strong>,</strong></span> <span class='ocrx_word' id='word_1_908' title='bbox 3253 4756 3365 4825; x_wconf 74' lang='lat' dir='ltr'><strong>L‘go</strong></span> 
     </span>
    </p>
   </div>
   <div class='ocr_carea' id='block_1_111' title="bbox 1784 4847 3365 4919">
    <p class='ocr_par' dir='ltr' id='par_1_111' title="bbox 1784 4847 3365 4919">
     <span class='ocr_line' id='line_1_112' title="bbox 1784 4847 3365 4919; baseline -0.001 -15"><span class='ocrx_word' id='word_1_909' title='bbox 1784 4862 1951 4904; x_wconf 88' lang='lat' dir='ltr'><strong>autem</strong></span> <span class='ocrx_word' id='word_1_910' title='bbox 1970 4851 2103 4905; x_wconf 78' lang='lat' dir='ltr'><strong>vobis</strong></span> <span class='ocrx_word' id='word_1_911' title='bbox 2126 4866 2276 4919; x_wconf 84' lang='lat' dir='ltr'><strong>parco</strong></span> <span class='ocrx_word' id='word_1_912' title='bbox 2298 4848 2455 4919; x_wconf 88' lang='lat' dir='ltr'><strong>(Ibid.</strong></span> <span class='ocrx_word' id='word_1_913' title='bbox 2480 4865 2528 4903; x_wconf 86' lang='grc' dir='ltr'><strong>υ.</strong></span> <span class='ocrx_word' id='word_1_914' title='bbox 2548 4847 2638 4919; x_wconf 72' lang='grc'><strong>28)</strong></span> <span class='ocrx_word' id='word_1_915' title='bbox 2664 4864 2677 4913; x_wconf 91' lang='lat'><strong>;</strong></span> <span class='ocrx_word' id='word_1_916' title='bbox 2713 4859 2785 4914; x_wconf 87' lang='lat' dir='ltr'><strong>et,</strong></span> <span class='ocrx_word' id='word_1_917' title='bbox 2816 4847 2940 4901; x_wconf 78' lang='lat' dir='ltr'><strong>Volo</strong></span> <span class='ocrx_word' id='word_1_918' title='bbox 2962 4860 3128 4902; x_wconf 86' lang='lat' dir='ltr'><strong>autent</strong></span> <span class='ocrx_word' id='word_1_919' title='bbox 3150 4866 3233 4903; x_wconf 85' lang='lat' dir='ltr'><strong>vos</strong></span> <span class='ocrx_word' id='word_1_920' title='bbox 3260 4850 3365 4903; x_wconf 80' lang='lat' dir='ltr'><strong>sine</strong></span> 
     </span>
    </p>
   </div>
   <div class='ocr_carea' id='block_1_112' title="bbox 1785 4939 3354 5012">
    <p class='ocr_par' dir='ltr' id='par_1_112' title="bbox 1785 4939 3354 5012">
     <span class='ocr_line' id='line_1_113' title="bbox 1785 4939 3354 5012; baseline -0.003 -16"><span class='ocrx_word' id='word_1_921' title='bbox 1785 4942 2120 4996; x_wconf 83' lang='lat' dir='ltr'><strong>sollicitudine</strong></span> <span class='ocrx_word' id='word_1_922' title='bbox 2147 4957 2251 4994; x_wconf 82' lang='lat' dir='ltr'><strong>esse</strong></span> <span class='ocrx_word' id='word_1_923' title='bbox 2291 4942 2309 5012; x_wconf 94' lang='lat'><strong>(</strong></span> <span class='ocrx_word' id='word_1_924' title='bbox 2335 4939 2465 4992; x_wconf 84' lang='lat' dir='ltr'><strong>Ibid.</strong></span> <span class='ocrx_word' id='word_1_925' title='bbox 2498 4956 2545 4993; x_wconf 77' lang='grc' dir='ltr'><strong>ιν.</strong></span> <span class='ocrx_word' id='word_1_926' title='bbox 2571 4942 2640 4994; x_wconf 74' lang='lat'><strong>52</strong></span> <span class='ocrx_word' id='word_1_927' title='bbox 2666 4948 2701 5009; x_wconf 88' lang='lat'><strong>).</strong></span> <span class='ocrx_word' id='word_1_928' title='bbox 2736 4940 2824 4994; x_wconf 87' lang='lat' dir='ltr'><strong>Sic</strong></span> <span class='ocrx_word' id='word_1_929' title='bbox 2850 4941 3005 5009; x_wconf 87' lang='lat' dir='ltr'><strong>igitur</strong></span> <span class='ocrx_word' id='word_1_930' title='bbox 3029 4951 3082 4993; x_wconf 88' lang='lat' dir='ltr'><strong>et</strong></span> <span class='ocrx_word' id='word_1_931' title='bbox 3106 4939 3354 4992; x_wconf 85' lang='lat' dir='ltr'><strong>Christus</strong></span> 
     </span>
    </p>
   </div>
   <div class='ocr_carea' id='block_1_113' title="bbox 1787 5016 3365 5103">
    <p class='ocr_par' dir='ltr' id='par_1_113' title="bbox 1787 5016 3365 5103">
     <span class='ocr_line' id='line_1_114' title="bbox 1787 5016 3365 5103; baseline -0.003 -16"><span class='ocrx_word' id='word_1_932' title='bbox 1787 5034 2147 5103; x_wconf 84' lang='lat' dir='ltr'><strong>spiritualihus</strong></span> <span class='ocrx_word' id='word_1_933' title='bbox 2170 5016 2440 5086; x_wconf 76' lang='lat' dir='ltr'><strong>sensibilia</strong></span> <span class='ocrx_word' id='word_1_934' title='bbox 2472 5034 2698 5085; x_wconf 87' lang='lat' dir='ltr'><strong>miscuit.</strong></span> <span class='ocrx_word' id='word_1_935' title='bbox 2730 5032 2861 5096; x_wconf 81' lang='lat' dir='ltr'><strong>Quia</strong></span> <span class='ocrx_word' id='word_1_936' title='bbox 2892 5034 3031 5085; x_wconf 91' lang='lat' dir='ltr'><strong>enim</strong></span> <span class='ocrx_word' id='word_1_937' title='bbox 3055 5033 3197 5085; x_wconf 85' lang='lat' dir='ltr'><strong>mitis</strong></span> <span class='ocrx_word' id='word_1_938' title='bbox 3219 5033 3365 5101; x_wconf 82' lang='lat' dir='ltr'><strong>quis-</strong></span> 
     </span>
    </p>
   </div>
   <div class='ocr_carea' id='block_1_114' title="bbox 1787 5123 3363 5194">
    <p class='ocr_par' dir='ltr' id='par_1_114' title="bbox 1787 5123 3363 5194">
     <span class='ocr_line' id='line_1_115' title="bbox 1787 5123 3363 5194; baseline 0 -17"><span class='ocrx_word' id='word_1_939' title='bbox 1787 5140 1891 5194; x_wconf 91' lang='lat' dir='ltr'><strong>que</strong></span> <span class='ocrx_word' id='word_1_940' title='bbox 1917 5134 2103 5193; x_wconf 87' lang='lat' dir='ltr'><strong>putare</strong></span> <span class='ocrx_word' id='word_1_941' title='bbox 2131 5126 2297 5193; x_wconf 90' lang='lat' dir='ltr'><strong>possit</strong></span> <span class='ocrx_word' id='word_1_942' title='bbox 2325 5139 2385 5177; x_wconf 92' lang='lat' dir='ltr'><strong>se</strong></span> <span class='ocrx_word' id='word_1_943' title='bbox 2425 5140 2517 5175; x_wconf 85' lang='lat' dir='ltr'><strong>sua</strong></span> <span class='ocrx_word' id='word_1_944' title='bbox 2545 5124 2720 5176; x_wconf 90' lang='lat' dir='ltr'><strong>omnia</strong></span> <span class='ocrx_word' id='word_1_945' title='bbox 2750 5123 2972 5191; x_wconf 88' lang='lat' dir='ltr'><strong>perdere</strong></span> <span class='ocrx_word' id='word_1_946' title='bbox 2991 5164 3006 5186; x_wconf 88' lang='lat'><strong>,</strong></span> <span class='ocrx_word' id='word_1_947' title='bbox 3036 5124 3363 5177; x_wconf 87' lang='lat' dir='ltr'><strong>contrarium</strong></span> 
     </span>
    </p>
   </div>
   <div class='ocr_carea' id='block_1_115' title="bbox 1791 5214 3363 5286">
    <p class='ocr_par' dir='ltr' id='par_1_115' title="bbox 1791 5214 3363 5286">
     <span class='ocr_line' id='line_1_116' title="bbox 1791 5214 3363 5286; baseline -0.003 -15"><span class='ocrx_word' id='word_1_948' title='bbox 1791 5219 1879 5272; x_wconf 88' lang='lat' dir='ltr'><strong>ille</strong></span> <span class='ocrx_word' id='word_1_949' title='bbox 1908 5218 2187 5286; x_wconf 86' lang='lat' dir='ltr'><strong>pollicetur</strong></span> <span class='ocrx_word' id='word_1_950' title='bbox 2209 5215 2393 5270; x_wconf 87' lang='lat' dir='ltr'><strong>dicens</strong></span> <span class='ocrx_word' id='word_1_951' title='bbox 2414 5256 2427 5279; x_wconf 90' lang='lat'><strong>,</strong></span> <span class='ocrx_word' id='word_1_952' title='bbox 2459 5214 2598 5268; x_wconf 93' lang='lat' dir='ltr'><strong>hunc</strong></span> <span class='ocrx_word' id='word_1_953' title='bbox 2622 5214 2794 5282; x_wconf 73' lang='lat' dir='ltr'><strong>ipsum</strong></span> <span class='ocrx_word' id='word_1_954' title='bbox 2833 5229 2953 5267; x_wconf 83' lang='lat' dir='ltr'><strong>esse</strong></span> <span class='ocrx_word' id='word_1_955' title='bbox 2974 5214 3060 5281; x_wconf 88' lang='lat' dir='ltr'><strong>qtti</strong></span> <span class='ocrx_word' id='word_1_956' title='bbox 3090 5229 3181 5267; x_wconf 84' lang='lat' dir='ltr'><strong>sua</strong></span> <span class='ocrx_word' id='word_1_957' title='bbox 3207 5216 3363 5267; x_wconf 81' lang='lat' dir='ltr'><strong>tutis-</strong></span> 
     </span>
    </p>
   </div>
   <div class='ocr_carea' id='block_1_116' title="bbox 1790 5304 3358 5377">
    <p class='ocr_par' dir='ltr' id='par_1_116' title="bbox 1790 5304 3358 5377">
     <span class='ocr_line' id='line_1_117' title="bbox 1790 5304 3358 5377; baseline -0.002 -15"><span class='ocrx_word' id='word_1_958' title='bbox 1790 5310 1923 5362; x_wconf 88' lang='lat' dir='ltr'><strong>sime</strong></span> <span class='ocrx_word' id='word_1_959' title='bbox 1951 5306 2218 5377; x_wconf 83' lang='lat' dir='ltr'><strong>pussideat</strong></span> <span class='ocrx_word' id='word_1_960' title='bbox 2240 5348 2255 5373; x_wconf 97' lang='lat'><strong>,</strong></span> <span class='ocrx_word' id='word_1_961' title='bbox 2282 5307 2370 5375; x_wconf 86' lang='lat' dir='ltr'><strong>qui</strong></span> <span class='ocrx_word' id='word_1_962' title='bbox 2407 5320 2504 5360; x_wconf 91' lang='lat' dir='ltr'><strong>nec</strong></span> <span class='ocrx_word' id='word_1_963' title='bbox 2528 5304 2697 5358; x_wconf 80' lang='lat' dir='ltr'><strong>audax</strong></span> <span class='ocrx_word' id='word_1_964' title='bbox 2723 5343 2740 5369; x_wconf 96' lang='lat'><strong>,</strong></span> <span class='ocrx_word' id='word_1_965' title='bbox 2785 5320 2883 5359; x_wconf 86' lang='lat' dir='ltr'><strong>nec</strong></span> <span class='ocrx_word' id='word_1_966' title='bbox 2923 5315 3220 5360; x_wconf 81' lang='lat' dir='ltr'><strong>Ostentator</strong></span> <span class='ocrx_word' id='word_1_967' title='bbox 3245 5307 3318 5360; x_wconf 86' lang='lat' dir='ltr'><strong>sit</strong></span> <span class='ocrx_word' id='word_1_968' title='bbox 3343 5322 3358 5359; x_wconf 90' lang='lat'><strong>:</strong></span> 
     </span>
    </p>
   </div>
   <div class='ocr_carea' id='block_1_117' title="bbox 1854 5438 3362 5503">
    <p class='ocr_par' dir='ltr' id='par_1_117' title="bbox 1854 5438 3362 5503">
     <span class='ocr_line' id='line_1_118' title="bbox 1854 5438 3362 5503; baseline 0 -14"><span class='ocrx_word' id='word_1_969' title='bbox 1854 5441 1927 5503; x_wconf 86' lang='grc' dir='ltr'><strong>(α)</strong></span> <span class='ocrx_word' id='word_1_970' title='bbox 1959 5441 2126 5489; x_wconf 73' lang='lat' dir='ltr'><strong>Nescio</strong></span> <span class='ocrx_word' id='word_1_971' title='bbox 2142 5452 2227 5489; x_wconf 92' lang='lat' dir='ltr'><strong>cur</strong></span> <span class='ocrx_word' id='word_1_972' title='bbox 2247 5439 2375 5503; x_wconf 77' lang='lat' dir='ltr'><strong>dicat</strong></span> <span class='ocrx_word' id='word_1_973' title='bbox 2398 5438 2777 5503; x_wconf 76' lang='lat' dir='ltr'><strong>Chrysostomus,</strong></span> <span class='ocrx_word' id='word_1_974' title='bbox 2802 5452 3036 5502; x_wconf 88' lang='lat' dir='ltr'><strong>nusquam</strong></span> <span class='ocrx_word' id='word_1_975' title='bbox 3058 5441 3106 5488; x_wconf 88' lang='lat' dir='ltr'><strong>in</strong></span> <span class='ocrx_word' id='word_1_976' title='bbox 3125 5440 3362 5503; x_wconf 72' lang='lat' dir='ltr'><strong>Scriptum</strong></span> 
     </span>
    </p>
   </div>
   <div class='ocr_carea' id='block_1_118' title="bbox 1790 5500 3363 5565">
    <p class='ocr_par' dir='ltr' id='par_1_118' title="bbox 1790 5500 3363 5565">
     <span class='ocr_line' id='line_1_119' title="bbox 1790 5500 3363 5565; baseline 0 -13"><span class='ocrx_word' id='word_1_977' title='bbox 1790 5500 2018 5565; x_wconf 77' lang='lat' dir='ltr'><strong>reperiri,</strong></span> <span class='ocrx_word' id='word_1_978' title='bbox 2046 5510 2226 5552; x_wconf 86' lang='lat' dir='ltr'><strong>terram</strong></span> <span class='ocrx_word' id='word_1_979' title='bbox 2256 5500 2586 5565; x_wconf 37' lang='lat' dir='ltr'><strong>srriritttalemt</strong></span> <span class='ocrx_word' id='word_1_980' title='bbox 2612 5501 2852 5565; x_wconf 82' lang='lat' dir='ltr'><strong>siquidem</strong></span> <span class='ocrx_word' id='word_1_981' title='bbox 2884 5500 3013 5551; x_wconf 75' lang='lat' dir='ltr'><strong>terra</strong></span> <span class='ocrx_word' id='word_1_982' title='bbox 3036 5500 3363 5565; x_wconf 71' lang='lat' dir='ltr'><strong>promissionis</strong></span> 
     </span>
    </p>
   </div>
   <div class='ocr_carea' id='block_1_119' title="bbox 1793 5561 3361 5627">
    <p class='ocr_par' dir='ltr' id='par_1_119' title="bbox 1793 5561 3361 5627">
     <span class='ocr_line' id='line_1_120' title="bbox 1793 5561 3361 5627; baseline 0.001 -14"><span class='ocrx_word' id='word_1_983' title='bbox 1793 5561 2081 5627; x_wconf 73' lang='lat' dir='ltr'><strong>inielligitur</strong></span> <span class='ocrx_word' id='word_1_984' title='bbox 2097 5562 2426 5627; x_wconf 79' lang='lat' dir='ltr'><strong>spiritualiter,</strong></span> <span class='ocrx_word' id='word_1_985' title='bbox 2450 5563 2539 5612; x_wconf 87' lang='lat' dir='ltr'><strong>nisi</strong></span> <span class='ocrx_word' id='word_1_986' title='bbox 2563 5561 2687 5627; x_wconf 80' lang='lat' dir='ltr'><strong>forte</strong></span> <span class='ocrx_word' id='word_1_987' title='bbox 2709 5563 2981 5626; x_wconf 70' lang='lat' dir='ltr'><strong>signiﬁcare</strong></span> <span class='ocrx_word' id='word_1_988' title='bbox 3007 5561 3122 5612; x_wconf 76' lang='lat' dir='ltr'><strong>velit</strong></span> <span class='ocrx_word' id='word_1_989' title='bbox 3140 5564 3261 5613; x_wconf 86' lang='lat' dir='ltr'><strong>hanc</strong></span> <span class='ocrx_word' id='word_1_990' title='bbox 3284 5578 3361 5614; x_wconf 89' lang='lat' dir='ltr'><strong>vo-</strong></span> 
     </span>
    </p>
   </div>
   <div class='ocr_carea' id='block_1_120' title="bbox 1794 5624 3362 5689">
    <p class='ocr_par' dir='ltr' id='par_1_120' title="bbox 1794 5624 3362 5689">
     <span class='ocr_line' id='line_1_121' title="bbox 1794 5624 3362 5689; baseline 0.001 -15"><span class='ocrx_word' id='word_1_991' title='bbox 1794 5640 1921 5683; x_wconf 84' lang='lat' dir='ltr'><strong>cem,</strong></span> <span class='ocrx_word' id='word_1_992' title='bbox 1944 5624 2139 5689; x_wconf 71' lang='lat' dir='ltr'><strong>terram,</strong></span> <span class='ocrx_word' id='word_1_993' title='bbox 2164 5624 2316 5689; x_wconf 84' lang='lat' dir='ltr'><strong>solam</strong></span> <span class='ocrx_word' id='word_1_994' title='bbox 2344 5637 2601 5689; x_wconf 76' lang='lat' dir='ltr'><strong>itumquam</strong></span> <span class='ocrx_word' id='word_1_995' title='bbox 2625 5625 2673 5674; x_wconf 91' lang='lat' dir='ltr'><strong>in</strong></span> <span class='ocrx_word' id='word_1_996' title='bbox 2705 5624 2942 5689; x_wconf 77' lang='lat' dir='ltr'><strong>Scriptura</strong></span> <span class='ocrx_word' id='word_1_997' title='bbox 2979 5637 3235 5677; x_wconf 86' lang='lat' dir='ltr'><strong>occurrere</strong></span> <span class='ocrx_word' id='word_1_998' title='bbox 3258 5640 3362 5689; x_wconf 89' lang='lat' dir='ltr'><strong>pro,</strong></span> 
     </span>
    </p>
   </div>
   <div class='ocr_carea' id='block_1_121' title="bbox 1796 5686 3028 5747">
    <p class='ocr_par' dir='ltr' id='par_1_121' title="bbox 1796 5686 3028 5747">
     <span class='ocr_line' id='line_1_122' title="bbox 1796 5686 3028 5747; baseline 0.001 -10"><span class='ocrx_word' id='word_1_999' title='bbox 1796 5695 1975 5737; x_wconf 79' lang='lat' dir='ltr'><strong>tet-rant</strong></span> <span class='ocrx_word' id='word_1_1000' title='bbox 1995 5686 2309 5739; x_wconf 78' lang='lat' dir='ltr'><strong>suiritualem.</strong></span> <span class='ocrx_word' id='word_1_1001' title='bbox 2333 5688 2463 5747; x_wconf 90' lang='lat' dir='ltr'><strong>Quod</strong></span> <span class='ocrx_word' id='word_1_1002' title='bbox 2488 5700 2657 5738; x_wconf 88' lang='lat' dir='ltr'><strong>verum</strong></span> <span class='ocrx_word' id='word_1_1003' title='bbox 2680 5686 3028 5739; x_wconf 57' lang='lat' dir='ltr'><strong>essc&#39;videtur.</strong></span> 
     </span>
    </p>
   </div>
  </div>
