3856 6180
452 232 562 290 327

453 359 579 399 nam
605 339 698 414 qui
720 338 841 395 talis
870 334 1028 394 fuerit
1049 376 1066 401 ,
1095 336 1328 405 paternis
1356 335 1514 390 etiam
1540 331 1696 388 bonis
1720 344 1864 399 sirpe
1889 327 2030 382 exei-

450 437 547 492 det
567 475 586 501 .
611 443 666 490 et
691 435 858 503 ipsius
885 431 1076 488 animae
1098 428 1358 498 jacturam
1382 426 1557 480 faciet.
1587 423 1832 492 Alioquin
1856 429 2035 474 autem

453 529 574 598 quia
620 525 673 582 in
706 523 886 579 Veteri
927 522 1269 588 Testamento
1305 516 1560 587 propheta
1605 514 1856 568 dixerat:
1886 509 2035 562 Mites

452 629 618 674 autem
655 617 998 671 hereditabunt
1033 624 1216 668 terram
1257 610 1448 682 (Psat.
1487 609 1574 664 56.
1617 608 1758 676 11),
1796 622 1825 659 ιι
1858 605 2034 658 verbis

453 711 560 782 jam
586 707 933 764 familiaribus
958 719 1258 760 sermonem
1290 702 1440 765 texit,
1472 708 1525 753 ut
1553 714 1656 752 non
1687 698 1880 765 ubique
1919 696 2036 748 inu-

453 804 626 858 sitatis
651 811 829 856 utatur
853 800 1051 853 verbis.
1086 798 1208 850 i‘la‘c
1239 811 1398 865 porro
1423 793 1567 855 dicit,
1604 807 1707 844 non
1731 790 1779 844 in
1805 803 2036 859 praesen-

455 898 593 952 tibus
615 895 829 966 przemia
861 891 1325 951 circumseribens,
1357 885 1447 940 sed
1471 900 1589 939 cum
1612 883 1695 936 his
1716 882 1801 935 illa
1823 894 2034 951 quoque

456 989 815 1059 suppeditans.
845 985 974 1040 Nam
1002 984 1048 1038 si
1083 981 1350 1052 quidpiam
1403 977 1674 1047 spirituale
1716 975 1894 1038 dicat,
1929 987 2032 1025 noa

455 1083 626 1136 aufert
665 1093 836 1134 tamen
870 1077 1144 1147 praesentia
1180 1092 1192 1140 ;
1240 1073 1282 1127 si
1319 1088 1442 1126 vero
1466 1069 1662 1140 aliquid
1692 1073 1743 1122 in
1788 1066 2032 1136 praesenti

456 1174 563 1227 vita
593 1172 891 1242 promittat,
927 1182 1030 1222 non
1063 1166 1144 1218 bis
1183 1175 1386 1217 tantum
1420 1161 1822 1230 promissionem
1851 1159 1988 1211 sistit
2015 1174 2027 1208 :

457 1278 577 1315 nam
613 1261 832 1328 Qua'rite
858 1300 874 1326 ,
914 1258 1118 1328 inquit,
1145 1271 1354 1325 regnum
1381 1253 1475 1306 Dei
1498 1293 1514 1317 ,
1550 1262 1595 1305 et
1626 1252 1731 1306 hwc
1756 1249 1923 1303 omnia
1941 1249 2036 1300 ad-

456 1353 687 1429 ficientur
709 1353 881 1420 uobis(
910 1350 1098 1404 Matth.
1124 1348 1178 1403 6.
1205 1349 1272 1402 55
1294 1346 1335 1418 ).
1362 1346 1430 1399 ΕΙ.
1454 1360 1664 1398 rursum
1687 1359 1700 1395 :
1727 1343 2034 1410 Quicumque

455 1444 704 1499 dimiserit
735 1445 962 1505 domum,
990 1450 1077 1493 aut
1104 1444 1306 1510 fratres,
1338 1447 1424 1489 aut
1447 1445 1659 1506 patrem,
1695 1443 1780 1485 aut
1802 1442 2028 1496 matrem,

455 1550 540 1590 aut
561 1553 788 1597 uxorem,
820 1546 906 1587 aut
929 1535 1082 1602 ﬁlios.
1109 1543 1198 1584 aut
1227 1547 1376 1601 agros
1421 1538 1624 1606 propter
1648 1543 1822 1580 nomen
1847 1541 2030 1587 meum,

454 1631 739 1700 ttattttplnm
767 1629 978 1696 accipiet
1023 1628 1072 1678 in
1104 1626 1288 1678 strculo
1319 1626 1416 1677 isto
1437 1665 1449 1686 ,
1498 1637 1545 1675 et
1576 1623 1626 1673 in
1669 1625 1840 1690 futuro
1881 1619 2034 1672 vitam

455 1733 692 1774 u'ternant
743 1718 1025 1788 possidebit.
1057 1714 1184 1787 (Id.
1235 1715 1320 1770 19.
1375 1714 1466 1767 99.
1519 1723 1564 1765 et
1611 1712 1777 1766 Marc.
1819 1709 1904 1764 10.
1939 1707 2028 1763 29.

455 1811 524 1867 50
548 1813 584 1880 ).
618 1812 670 1866 6.
706 1811 847 1864 Beati
871 1811 956 1880 qui
991 1813 1216 1862 esuriant
1259 1819 1306 1861 et
1335 1806 1508 1860 sitiunt
1545 1806 1818 1876 justitiam.
1865 1804 2032 1871 Quam

454 1904 753 1975 justitiam?
785 1905 888 1956 Aut
917 1902 1167 1956 virtutem
1195 1900 1336 1953 illam
1364 1899 1419 1952 in
1441 1913 1656 1968 genere,
1683 1905 1775 1950 aut
1799 1896 2032 1964 Speciem

456 1995 596 2050 illam
624 1994 842 2063 justitia:
866 1992 1056 2055 innuit,
1087 2007 1204 2061 qua:
1233 1990 1472 2044 avaritia:
1501 1987 1743 2057 opposita
1771 1996 1870 2042 est.
1895 1986 2027 2052 Quia

457 2087 598 2142 enim
617 2086 684 2141 de
701 2086 1038 2156 elcemosyna
1060 2095 1377 2153 pra-ceptum
1394 2081 1612 2135 daturus
1625 2080 1885 2144 est,docet
1900 2093 2034 2148 quo-

458 2177 618 2232 modo
643 2178 786 2232 illam
822 2191 1078 2232 exercere
1100 2182 1376 2244 oporteat;
1403 2172 1680 2237 videlicet,
1710 2187 1816 2226 non
1845 2187 1910 2226 ex
1951 2186 2038 2226 ra-

459 2270 603 2340 pina,
635 2284 739 2324 non
766 2284 831 2324 ex
856 2267 1074 2322 avaritia
1097 2266 1280 2322 beatos
1299 2263 1547 2335 prmdicat
1572 2278 1688 2332 eos,
1709 2265 1797 2334 qui
1818 2263 2037 2334 justitia:

457 2362 585 2416 dant
612 2376 850 2430 operam.

531 2453 586 2508 4.
627 2452 752 2505 Ηωσ
781 2451 925 2506 verba
949 2491 966 2516 ,
1013 2451 1210 2504 esurire
1240 2459 1287 2503 et
1314 2449 1456 2503 sitire
1483 2449 1736 2520 justitiam
1756 2490 1771 2511 .
1799 2461 2040 2512 quantam

458 2546 556 2598 vim
581 2543 813 2597 habeant.
851 2542 948 2607 Qui
967 2543 1064 2596 sint
1091 2540 1454 2607 misericordes,
1486 2541 1674 2594 mundo
1697 2542 1867 2606 corde,
1896 2542 2040 2610 paci-

464 2635 546 2705 ﬁci
555 2651 575 2699 ;
589 2645 779 2704 quanta
793 2651 965 2688 eorum
986 2650 1189 2688 merces.
1208 2632 1376 2688 Virtus
1386 2642 1489 2686 tota
1499 2634 1682 2686 animae
1697 2632 2036 2703 philosophia.

458 2755 532 2770 -—
555 2729 617 2782 Et
653 2727 1044 2782 animadvertas
1083 2727 1240 2782 velim
1301 2741 1424 2779 cum
1463 2735 1661 2794 quanta
1704 2724 2038 2780 vehementia

461 2822 514 2877 id
540 2821 883 2890 expresserit.
930 2821 1045 2875 Non
1075 2821 1214 2874 enim
1253 2820 1421 2882 dixit,
1466 2819 1610 2872 Beati
1653 2819 1743 2888 qui
1774 2818 2040 2887 justitiam

463 2922 766 2977 sectantur;
789 2911 904 2974 sed,
938 2911 1084 2966 Beati
1125 2913 1211 2979 qui
1239 2913 1461 2967 esuriant
1489 2919 1536 2964 et
1567 2911 1740 2964 sitiunt
1755 2911 2036 2978 justitiam,

464 3015 522 3060 nt
545 3022 652 3060 non
679 3005 1040 3077 perfunctorie
1058 3046 1074 3071 ,
1103 3004 1196 3058 sed
1223 3020 1342 3058 cum
1370 3003 1512 3058 omni
1549 3002 1835 3072 cupiditate
1872 3003 2040 3072 ipsam

463 3096 737 3152 adeamus.
763 3097 892 3164 Quia
923 3098 1065 3151 enim
1098 3095 1224 3150 illud
1251 3095 1484 3149 avaritiae
1509 3096 1744 3149 maxime
1770 3096 2040 3164 proprium

463 3199 575 3253 est,
606 3205 778 3259 neque
807 3190 877 3244 ita
915 3189 1090 3243 cibum
1121 3198 1280 3258 atque
1327 3199 1508 3257 potum
1535 3187 1900 3242 desideramus
1922 3230 1938 3253 ,
1987 3195 2045 3242 ut

465 3278 690 3351 plurima
725 3280 997 3350 possidere
1025 3291 1078 3335 et
1108 3280 1385 3349 acquirere
1409 3320 1425 3342 ,
1472 3278 1629 3332 talem
1669 3279 2042 3348 cupiditatem,

466 3372 518 3426 in
588 3371 907 3426 contrariam
963 3371 1197 3424 avaritia:
1245 3372 1490 3424 virtutem
1542 3372 1826 3426 transferre
1865 3371 2040 3440 jussit.

465 3462 667 3518 Deinde
716 3477 901 3517 rursus
948 3461 1201 3516 sensibile
1261 3462 1534 3532 praauium
1584 3461 1768 3516 definit
1815 3462 2041 3517 dicens:

469 3554 721 3620 Quoniam
766 3553 864 3623 ipsi
896 3555 1272 3609 saturabuntur.
1302 3555 1436 3620 Quia
1463 3556 1602 3608 enim
1635 3563 1850 3624 putatur
1874 3556 2046 3610 avari-

468 3649 537 3700 tia
568 3648 763 3702 multos
810 3648 1000 3701 divites
1042 3648 1214 3702 facere
1240 3690 1254 3712 ,
1287 3647 1414 3701 dicit
1453 3649 1778 3701 contrarium
1828 3648 2046 3702 omnino

466 3755 587 3794 esse
615 3756 628 3790 :
659 3739 709 3793 id
736 3740 880 3795 enim
929 3751 1144 3809 prasmt
1169 3739 1394 3808 jtlstilin.
1428 3739 1504 3793 Ne
1545 3740 1720 3808 itaque
1748 3755 1866 3793 cum
1902 3739 2043 3808 jleL‘i

467 3830 728 3898 operaris,
760 3839 1126 3900 paupertatem
1158 3832 1347 3883 timeas
1371 3871 1385 3894 ,
1419 3846 1554 3883 iieve
1583 3829 1776 3884 famem
1817 3843 2038 3884 metuas.

468 3920 600 3975 Nam
629 3921 717 3990 qui
751 3921 923 3974 aliena
955 3921 1187 3989 rapiunt,
1220 3920 1270 3972 bi
1295 3919 1524 3974 maxime
1540 3920 1606 3974 ah
1628 3920 1874 3974 onmibus
1899 3921 2047 3974 exci-

468 4015 633 4078 dunt;
664 4022 720 4067 ut
745 4013 832 4084 qui
859 4013 1116 4081 justitiam
1150 4021 1327 4079 amat,
1357 4013 1534 4067 omnia
1564 4021 1679 4067 tuto
1709 4012 1961 4082 possidet.
1989 4013 2045 4067 Si

470 4116 648 4162 autem
681 4107 714 4160 ii
741 4107 830 4176 qui
859 4107 1028 4160 aliena
1059 4120 1162 4160 non
1185 4105 1424 4175 cupiunt,
1458 4115 1534 4160 tot
1557 4105 1801 4161 fruuntur
1829 4107 2046 4172 divitiis,

471 4199 636 4253 multo
651 4199 818 4268 magis
840 4199 873 4251 ii
891 4199 977 4266 qui
998 4213 1092 4251 sua
1115 4196 1426 4268 largiuntur.
1447 4197 1498 4252 7.
1522 4196 1668 4252 Beati
1683 4199 2047 4254 misericordes.

473 4293 570 4348 llic
595 4309 698 4346 non
729 4301 930 4346 tantum
961 4292 1198 4360 pecuniae
1227 4291 1508 4361 largitores
1535 4292 1712 4346 dicere
1742 4293 1870 4347 mibi
1900 4292 2050 4347 vide-

474 4395 559 4439 tur
577 4425 592 4446 ,
623 4383 717 4439 sed
744 4385 903 4438 etiam
926 4397 1023 4438 eos
1049 4383 1135 4451 qui
1167 4384 1418 4452 operibus
1447 4384 1862 4439 misericordiam
1891 4400 2050 4438 exer-

473 4487 615 4532 cent.
647 4476 789 4531 Varii
828 4477 970 4530 enim
998 4483 1120 4529 sunt
1160 4475 1443 4530 miscrendi
1477 4475 1650 4539 modi,
1683 4484 1738 4531 et
1769 4477 1928 4529 latum
1970 4485 2053 4531 est

478 4577 819 4637 prarceptum.
848 4566 998 4634 Quod
1028 4567 1184 4633 igitur
1215 4566 1424 4621 illorum
1449 4577 1532 4619 est
1563 4567 1879 4635 praemium?
1913 4567 2052 4634 Quo-

474 4665 615 4716 niam
642 4659 740 4728 ipsi
768 4661 1161 4715 misericordiam
1195 4669 1578 4728 consequentur.
1607 4660 1672 4714 Et
1699 4659 1908 4714 videtur
1929 4661 2050 4728 qui-

473 4751 596 4806 dem
629 4751 848 4822 aequalis
872 4766 990 4805 esse
1020 4751 1330 4807 retributio:
1362 4751 1454 4805 sed
1477 4761 1558 4804 est
1582 4752 1696 4820 ipso
1724 4751 1864 4806 bono
1891 4767 2053 4822 opere

475 4845 633 4913 longe
676 4843 864 4910 major.
905 4841 1009 4911 ipsi
1048 4857 1274 4911 namque
1314 4843 1634 4896 miserentur
1679 4852 1735 4897 ut
1773 4844 2052 4908 homines,

474 4940 566 4991 sed
603 4934 1020 4990 miscricordiam
1041 4944 1436 5003 consequuntur
1455 4928 1896 4989 abunivetsorum
1923 4936 2052 4990 Deo.

477 5029 588 5084 Non
625 5037 747 5083 sunt
771 5037 948 5081 autem
975 5026 1208 5095 aquales
1239 5012 1462 5079 humana
1491 5026 1758 5080 miseratio
1779 5036 1831 5080 et
1854 5027 2052 5088 divina,

477 5120 570 5176 sed
605 5129 859 5190 quantum
905 5119 1042 5172 inter
1083 5118 1335 5172 malitiam
1359 5127 1414 5172 et
1453 5117 1739 5172 bonitatem
1767 5117 2052 5172 discrimen

479 5220 585 5275 est,
615 5220 814 5265 tantum
844 5211 982 5264 inter
1008 5209 1110 5263 hoc
1132 5218 1185 5262 et
1212 5207 1360 5262 illud.
1385 5207 1439 5264 8.
1466 5207 1610 5262 Beati
1648 5209 1837 5262 mundo
1864 5211 2015 5262 corde
2037 5251 2052 5275 ,

480 5303 720 5369 quoniam
751 5303 850 5372 ipsi
886 5300 1050 5354 Deum
1092 5299 1344 5354 videbunt.
1387 5301 1525 5354 Ecce
1573 5315 1754 5354 rursus
1783 5301 2056 5370 spirituale

486 5395 784 5465 praemium.
817 5395 1038 5450 Mundos
1068 5405 1242 5450 autem
1273 5395 1359 5450 hic
1386 5405 1540 5450 vocat
1582 5411 1677 5451 cos
1702 5396 1789 5466 qui
1837 5397 2054 5451 univer-

483 5487 651 5543 salem
679 5489 925 5542 virtutem
948 5489 1238 5557 possident,
1266 5490 1564 5557 nulliusque
1591 5489 1690 5543 sibi
1715 5490 1835 5544 mali
1856 5491 2055 5545 conscii

485 5591 631 5648 sunt,
651 5581 762 5635 sive
795 5596 888 5635 eos
925 5581 1014 5650 qui
1054 5581 1108 5635 in
1150 5583 1469 5636 continentia
1493 5583 1674 5636 vivunt
1705 5599 1719 5636 :
1754 5582 1893 5637 nulla
1913 5582 2055 5638 enim

485 5663 639 5728 nobis
674 5671 744 5728 ita
773 5686 907 5743 opus
933 5682 1016 5728 est
1039 5673 1103 5728 ad
1129 5673 1291 5728 Deum
1317 5673 1622 5744 videndum,
1645 5686 1702 5732 ut
1724 5675 1816 5732 illa
1841 5676 2049 5736 virtute.

1159 222 1216 279 8.
1254 219 1532 278 JOANNIS
1554 211 2029 275 CHRYSOSTOMI

2147 210 2376 266 .CIIIEP.
2405 211 2935 270 COSSTANTINOP.

3597 211 3710 269 $98.

2145 323 2270 377 Ideo
2297 334 2349 378 et
2376 324 2567 380 Paulus
2588 326 2830 383 dicebat:
2854 329 3039 384 Pacem
3067 333 3325 387 sectamini
3345 351 3457 388 cum
3483 341 3716 396 omnibus

2139 426 2184 466 et
2197 418 2598 482 sanctimoniam,
2621 420 2728 472 sine
2745 437 2843 488 qua
2867 437 3011 474 nemo
3031 423 3211 477 uidebit
3238 424 3715 500 DominumUIebr.

2142 505 2227 560 12.
2263 507 2389 576 it).
2428 508 2695 565 Visionem
2726 527 2884 580 porro
2917 513 3003 567 bic
3047 513 3210 579 dicit,
3254 532 3372 587 qua:
3415 518 3618 576 homini
3645 525 3720 576 sit

2138 600 2423 667 possibilis.
2455 600 2586 667 Quia
2613 603 2757 656 enim
2789 603 2939 658 multi
2969 615 3095 659 sunt
3121 607 3208 676 qui
3240 610 3588 680 miserentur,
3617 630 3724 670 nec

2137 691 2352 758 rapiunt
2379 733 2394 758 ,
2427 708 2526 748 nec
2551 695 2787 748 avaritim
2812 696 3027 751 student
3045 739 3060 760 ,
3088 699 3181 753 sed
3213 700 3537 759 fornicamur
3561 716 3619 761 et
3654 709 3726 762 li-

2138 782 2302 837 bidini
2342 799 2401 840 se
2430 785 2633 841 dedunt
2654 827 2669 852 ,
2698 789 2987 844 ostendens
3029 791 3156 846 illud
3181 795 3407 862 primum
3447 813 3552 850 non
3588 801 3728 853 satis

2137 890 2256 930 esse
2278 917 2292 938 ,
2323 877 2420 931 boc
2451 879 2608 932 etiam
2639 879 2862 934 addidit.
2890 882 3042 946 Quod
3072 884 3229 938 etiam
3257 885 3448 942 Paulus
3471 888 3721 946 Macedo-

2137 967 2291 1020 nibus
2317 969 2625 1025 testificatus
2651 980 2735 1026 est
2760 974 2809 1024 in
2842 972 3076 1040 Epistula
3105 975 3169 1028 ad
3197 977 3502 1035 Corinthios
3526 1021 3541 1044 ,
3573 984 3725 1052 quod

2138 1074 2240 1112 non
2270 1059 2425 1113 modo
2450 1062 2786 1133 eleemosyna
2815 1065 3004 1119 divites
3026 1079 3223 1130 essent,
3257 1071 3351 1124 sed
3394 1073 3551 1126 etiam
3592 1076 3721 1131 aliis

2136 1149 2458 1206 virtutibus:
2490 1152 2736 1222 loquutus
2775 1156 2916 1210 enim
2961 1156 3030 1212 de
3080 1157 3394 1216 liberalitate
3432 1179 3616 1220 eorum
3657 1167 3726 1221 in

2136 1243 2415 1311 erogandis
2440 1245 2694 1312 pecuniis,
2727 1247 2875 1300 addit
2894 1289 2908 1311 ,
2938 1248 3054 1302 illos
3079 1265 3197 1305 sese
3225 1251 3438 1307 dedisse
3465 1255 3722 1316 Dominis,

2135 1331 2204 1386 Et
2247 1334 2386 1388 nobis
2437 1335 2666 1407 (2.C0r.
2699 1337 2752 1393 8.
2778 1339 2880 1409 5).
2907 1340 2960 1394 9.
3007 1340 3154 1395 Beati
3197 1345 3418 1412 paciﬁci.
3463 1345 3559 1402 Hic
3601 1363 3718 1402 non

2137 1428 2296 1478 modo
2329 1426 2685 1482 dissensiones
2725 1441 2932 1484 mutuas
2953 1472 2968 1497 ,
2999 1443 3052 1487 et
3092 1435 3395 1490 inimicitias
3424 1438 3672 1506 prohibet
3708 1480 3725 1503 ,

2135 1514 2229 1569 sed
2256 1517 2394 1570 aliud
2424 1518 2690 1587 quidpiam
2722 1517 2936 1590 insuper
2961 1524 3123 1592 exigit
3145 1565 3160 1590 ,
3209 1536 3266 1578 ut
3303 1539 3357 1580 et
3397 1528 3528 1582 alios
3551 1529 3721 1584 dissi-

2136 1606 2321 1662 dentes
2349 1608 2414 1662 ad
2437 1609 2772 1665 concordiam
2797 1629 3124 1680 revoccmus,
3151 1632 3213 1670 ac
3239 1634 3423 1673 rursus
3443 1620 3722 1688 spirituale

2137 1701 2410 1768 prmmium
2457 1701 2634 1757 olTert.
2667 1704 2831 1770 Quale
2877 1707 3004 1760 illud
3048 1710 3168 1762 est?
3198 1709 3449 1774 Quoniam
3493 1714 3589 1781 ipsi
3618 1715 3721 1782 ﬁlii

2137 1793 2233 1846 Dei
2257 1795 2579 1849 vocabuntur.
2609 1797 2878 1866 Siquidem
2922 1799 3184 1870 Uuigeniti
3227 1820 3360 1872 opus
3407 1805 3536 1859 illud
3569 1806 3666 1861 fuit
3697 1851 3715 1868 ,

2137 1885 2396 1953 disjuucta
2441 1889 2691 1956 copulare
2714 1931 2728 1954 ,
2763 1894 3046 1960 pugnantia
3089 1896 3392 1951 conciliare.
3425 1899 3619 1954 Deinde
3649 1917 3724 1955 ne

2136 1988 2290 2045 putes
2335 1992 2516 2046 pacem
2569 1980 2763 2051 ubique
2813 1998 2933 2038 esse
2981 1985 3217 2052 bonum,
3264 1989 3577 2057 subjunxit:
3623 1993 3719 2048 it).

2135 2065 2280 2120 Beati
2305 2069 2389 2137 qui
2438 2074 2865 2140 persequutionem
2897 2077 3157 2143 patiuntur
3186 2090 3390 2147 propter
3415 2082 3671 2150 justitiam
3700 2101 3720 2142 .°

2139 2157 2239 2213 hoc
2264 2169 2365 2226 cst,
2399 2160 2608 2215 virtutis
2637 2178 2794 2218 causa
2819 2205 2835 2230 ,
2867 2182 2960 2234 pro
2987 2167 3210 2222 aliorum
3240 2170 3546 2227 defensione
3571 2214 3586 2238 ,
3616 2190 3722 2244 pro

2137 2250 2354 2319 pietate.
2401 2251 2664 2308 Virtutem
2710 2257 2850 2310 enim
2891 2274 3103 2328 semper
3129 2262 3267 2316 Solet
3311 2279 3502 2320 vocare
3551 2275 3724 2321 totam

2138 2342 2330 2397 anima:
2363 2344 2767 2418 pliilostiphiam.
2797 2351 2885 2404 11.
2915 2349 3057 2405 Beati
3084 2355 3216 2415 estis,
3248 2371 3362 2408 cum
3388 2359 3724 2425 exprobraue-

2138 2439 2239 2490 rint
2263 2437 2398 2492 vobis
2421 2440 2667 2504 homines,
2699 2452 2746 2495 et
2768 2446 3049 2513 persequuti
3071 2462 3156 2500 uos
3181 2447 3406 2516 fuerint,
3430 2459 3476 2502 et
3501 2449 3724 2505 dixerint

2140 2544 2287 2584 omne
2317 2532 2507 2584 malum
2530 2533 2730 2586 verbum
2756 2536 3020 2589 adversum
3059 2554 3146 2593 vos
3170 2541 3481 2603 mentientes,
3514 2552 3726 2611 propter

2140 2639 2238 2675 me.
2274 2622 2358 2676 12.
2403 2623 2630 2679 Gaudete
2670 2635 2716 2678 et
2759 2629 3022 2682 exsultate.
3067 2630 3145 2684 Ac
3181 2631 3224 2685 si
3255 2631 3456 2687 diceret
3485 2650 3501 2689 :
3529 2633 3584 2688 Si
3620 2649 3728 2689 vos

2140 2715 2552 2784 prxustigiatores
2571 2758 2586 2783 ,
2615 2718 2658 2771 si
2694 2718 3000 2774 seductores
3020 2764 3033 2787 ,
3066 2723 3110 2776 si
3141 2723 3438 2792 maleﬁcos,
3467 2729 3509 2782 si
3533 2731 3729 2798 quovis

2142 2808 2247 2862 alio
2275 2811 2490 2865 nomine
2528 2823 2719 2867 vocent
2743 2855 2758 2878 ,
2791 2813 2933 2869 beati
2969 2818 3119 2884 estis.
3151 2817 3287 2885 Quid
3318 2819 3400 2873 his
3440 2827 3728 2892 praeceptis

2144 2901 2457 2957 insolentius
2485 2903 2642 2958 fuerit
2665 2945 2679 2968 ,
2708 2921 2827 2960 cum
2871 2908 2984 2962 bznc
3009 2907 3362 2966 desideranda
3403 2912 3566 2980 dicit,
3597 2932 3728 2984 qua:

2141 2994 2260 3047 aliis
2302 2994 2544 3064 fugienda
2574 2999 2857 3065 putantur?
2887 2998 3086 3068 Nempe
3129 3002 3430 3058 mendicare
3453 3045 3468 3069 ,
3498 3005 3679 3074 lugere
3707 3050 3725 3068 .

2143 3088 2603 3154 persequutionetn
2637 3090 2742 3158 pati
2767 3131 2780 3152 ,
2813 3090 2949 3145 mala
2991 3092 3192 3148 audire.
3217 3094 3462 3149 Altamen
3487 3105 3542 3150 et
3563 3097 3726 3158 dixit,

2143 3187 2196 3231 et
2226 3179 2428 3244 suasit,
2463 3195 2566 3232 non
2593 3179 2796 3234 duobus
2820 3223 2836 3245 ,
2872 3182 2956 3236 vel
2983 3182 3166 3238 decem
3196 3225 3210 3248 ,
3241 3187 3324 3238 vel
3370 3203 3452 3255 vlg
3475 3189 3549 3241 nti
3575 3229 3591 3253 ,
3635 3193 3725 3242 vel

2143 3278 2386 3331 centum,
2417 3270 2495 3322 vel
2527 3271 2670 3325 mille
2702 3271 3004 3328 hominibus
3025 3314 3040 3336 ,
3079 3275 3182 3329 sed
3213 3277 3464 3331 universo
3491 3295 3542 3332 οι
3557 3280 3630 3334 bi.
3660 3281 3732 3335 Et

2144 3361 2419 3416 audientes
2451 3362 2537 3415 illa
2564 3377 2811 3429 onerosa,
2839 3367 3059 3420 molesta
3084 3407 3100 3429 ,
3131 3367 3330 3437 vulgari
3356 3371 3730 3425 consuetudini

2146 3455 2429 3515 contraria,
2453 3454 2733 3522 stupebant
2755 3456 2937 3510 turbm.
2962 3457 3127 3511 Tanta
3149 3469 3268 3513 erat
3287 3460 3513 3517 dicentis
3532 3464 3728 3517 virtus.

2299 3545 2350 3599 Μ
2355 3547 2434 3599 ale
2448 3549 2622 3600 audire
2637 3565 2735 3601 non
2757 3550 2936 3618 sti/[icit
2959 3550 3026 3602 ad
3049 3550 3216 3606 beatos
3235 3554 3543 3622 (afficiendos;
3571 3573 3731 3610 unam

2148 3637 2466 3705 eamdemque
2483 3641 2751 3693 mercedem
2772 3643 2921 3694 variis
2938 3641 3166 3696 Christus
3187 3645 3468 3699 nominibus
3493 3651 3728 3714 protulit.

2150 3729 2317 3784 Filius
2350 3731 2498 3785 Patri
2527 3735 2735 3802 wqualis
2774 3736 2978 3788 honore.
3019 3766 3091 3776 ——
3127 3735 3390 3793 Caeterum
3427 3757 3492 3795 ne
3533 3752 3682 3809 putes
3707 3786 3723 3800 ,

2149 3824 2285 3877 male
2312 3824 2495 3880 audire
2524 3827 2693 3882 solum
2726 3826 2907 3884 beatos
2928 3830 3160 3897 efficere,
3186 3831 3318 3887 duas
3347 3836 3587 3903 apposuit
3615 3838 3729 3889 dis-

2152 3915 2451 3979 tinctiones,
2475 3919 2684 3984 quando
2705 3920 2908 3975 scilicet
2928 3921 3009 3975 vel
3033 3933 3248 3992 propter
3283 3925 3454 3993 ipsum
3497 3929 3728 3996 prolata,

2151 4007 2230 4061 vel
2260 4008 2533 4063 mendacia
2565 4009 2758 4066 fuerint
2782 4012 2922 4067 dicta
2952 4013 3058 4068 illa.
3089 4014 3218 4068 Nam
3248 4017 3290 4069 si
3332 4016 3446 4071 hare
3487 4035 3589 4072 non
3619 4019 3726 4072 ad-

2151 4099 2290 4163 sint,
2320 4115 2422 4154 non
2455 4101 2611 4156 modo
2654 4119 2760 4157 non
2789 4104 2973 4160 beatus
2993 4147 3008 4169 ,
3056 4107 3148 4159 sed
3178 4108 3339 4161 etiam
3383 4110 3545 4164 miser
3566 4121 3652 4164 est
3682 4113 3733 4164 is

2151 4194 2239 4262 qui
2270 4195 2406 4247 male
2430 4195 2596 4248 audit.
2628 4196 2828 4251 Deinde
2859 4198 2978 4253 vide
3018 4215 3200 4253 rursus
3232 4203 3504 4268 praemium
3530 4221 3544 4258 :
3577 4205 3730 4272 Quo-

2153 4286 2291 4340 niam
2313 4303 2495 4339 merces
2516 4298 2675 4341 vestra
2698 4291 2854 4342 multa
2880 4301 2952 4342 est
2979 4292 3028 4343 in
3055 4292 3212 4345 cwlis.
3239 4293 3315 4346 Tu
3339 4309 3466 4346 vero
3489 4295 3587 4349 etsi
3617 4312 3730 4348 non

2152 4376 2217 4429 ad
2247 4377 2483 4446 singulas
2511 4379 2858 4434 beatitudines
2886 4397 3105 4450 regnum
3133 4385 3244 4436 dari
3274 4385 3457 4439 audias
3479 4429 3492 4450 ,
3526 4403 3592 4439 ne
3611 4390 3736 4440 ani-

2154 4484 2242 4522 mo
2267 4469 2502 4524 delicias.
2552 4473 2768 4526 Etiamsi
2807 4475 2948 4527 enim
2995 4477 3208 4542 praemia
3247 4478 3459 4532 diverSo
3495 4481 3739 4549 appellet

2155 4563 2396 4626 nomine,
2440 4574 2615 4620 tamen
2655 4583 2838 4622 omnes
2877 4568 2940 4622 ad
2983 4585 3199 4636 regnum
3247 4572 3548 4627 introducit.
3592 4573 3732 4628 Nam

2155 4669 2274 4707 cum
2305 4655 2430 4708 dicit
2449 4697 2461 4716 ,
2497 4655 2762 4723 Lugentcs
2790 4660 3211 4715 consolationem
3233 4703 3247 4727 ,
3277 4675 3333 4716 et
3357 4665 3740 4721 misericordes

2157 4747 2572 4800 miscricordiam
2604 4758 3025 4817 consequentur,
3055 4763 3110 4805 et
3139 4752 3319 4807 mundi
3359 4755 3520 4808 corde
3558 4755 3738 4811 Deum

2157 4839 2442 4903 videbunt,
2476 4849 2530 4894 et
2562 4842 2760 4908 pacifici
2789 4842 2879 4894 ﬁlii
2910 4843 2998 4897 Dei
3031 4845 3392 4906 vocabuntur,
3425 4847 3555 4900 nihil
3581 4846 3740 4901 aliud

2159 4947 2253 5000 per
2279 4934 2391 4986 lace
2431 4934 2604 4987 omnia
2633 4935 2859 4998 indicat,
2885 4951 3043 5004 quam
3075 4951 3293 5005 regnum
3323 4941 3574 4992 caelorum
3595 4955 3612 4996 ;
3637 4941 3739 5006 qui

2158 5027 2298 5080 enim
2327 5025 2408 5079 his
2449 5025 2693 5080 frmmtur
2712 5069 2729 5090 ,
2761 5027 2813 5080 id
2843 5039 3236 5095 consequentur
3260 5030 3496 5083 omnino.
3526 5030 3602 5084 Ne
3633 5031 3746 5100 igi-

2161 5127 2246 5171 tur
2284 5118 2582 5171 mercedem
2622 5118 2763 5171 illam
2805 5130 2959 5187 putes
2984 5118 3050 5172 ad
3076 5121 3222 5174 solos
3259 5135 3516 5190 pauperes
3541 5121 3746 5190 spiritu

2161 5211 2428 5280 pertinere
2450 5251 2463 5274 ,
2495 5210 2588 5264 sed
2617 5211 2776 5264 etiam
2807 5211 2872 5264 ad
2901 5212 3194 5266 esurientes
3213 5211 3470 5281 justitiam
3489 5254 3502 5276 ,
3533 5212 3596 5266 ad
3631 5215 3750 5266 mi—

2163 5313 2243 5358 tes
2267 5313 2322 5358 ct
2349 5303 2412 5357 ad
2463 5303 2596 5357 alios
2624 5317 2829 5357 omnes.
2877 5302 2998 5358 Ideo
3049 5305 3191 5358 enim
3220 5305 3269 5358 in
3297 5305 3518 5373 singulis
3565 5303 3750 5358 beati.

2163 5397 2399 5451 tudinem
2425 5395 2668 5465 apposuit
2687 5437 2703 5454 ,
2725 5407 2782 5448 ut
2805 5411 2870 5448 ne
2892 5395 3016 5464 quid
3039 5395 3289 5449 sensibile
3309 5407 3605 5463 exspectes.
3633 5395 3750 5450 Ne.

2162 5507 2265 5560 que
2288 5491 2429 5544 enim
2464 5491 2647 5544 beatus
2672 5490 2774 5543 erit
2800 5488 2889 5542 ille
2917 5489 3002 5554 qui
3037 5489 3100 5542 iis
3126 5489 3464 5543 coronabitnr
3488 5529 3503 5553 ,
3535 5485 3657 5557 quae
3687 5490 3748 5544 in

2165 5581 2412 5650 praesenti
2438 5583 2539 5634 vita
2568 5580 2954 5640 dissolvuntur,
2977 5588 3030 5632 et
3059 5579 3242 5632 mnbra
3263 5577 3490 5633 celerius
3514 5590 3752 5648 praater-

2163 5685 2402 5728 currunt.
2436 5672 2567 5732 Cum
2609 5673 2831 5728 dixisset
2857 5672 3276 5737 autem,Merces
3329 5681 3494 5723 vestra
3547 5668 3747 5731 multa.
