3856 6180
204 317 325 370 aliam
348 306 603 379 subjunxit
645 303 1063 360 consolationem
1111 302 1193 357 his
1222 301 1398 357 verbis
1425 320 1438 356 :
1470 301 1561 357 Sic
1590 301 1723 356 enim

204 400 441 476 persequuti
460 406 570 452 sunt
589 406 636 451 et
656 396 927 468 prophetas
947 436 960 458 .
984 395 1068 464 qui
1088 398 1298 465 fuerunt
1323 403 1440 447 ante
1465 409 1567 447 vos.
1591 392 1720 461 Quia

200 496 311 550 enim
328 498 585 545 venturum
608 496 726 543 erat
744 501 984 558 regnum.
1002 485 1134 539 etin
1150 498 1245 553 spe
1262 486 1555 553 repositum
1568 490 1690 538 erat
1707 498 1720 536 :

199 587 295 641 hinc
309 580 404 637 illis
421 579 834 635 consolationem
861 575 1082 647 praebet,
1100 591 1165 629 ex
1194 575 1448 630 societate
1474 573 1722 628 nimirum

198 690 345 731 eorum
362 714 378 742 ,
400 672 481 743 qui
500 679 623 726 ante
644 669 790 740 ipsos
810 668 949 723 male
973 666 1115 738 passi
1140 666 1368 721 fuerant.
1390 665 1468 721 Ne
1496 664 1690 735 putetis
1705 704 1723 731 ,

197 767 361 837 inquit,
388 777 477 818 vos
519 761 634 816 haec
677 760 799 815 ideo
824 759 971 830 pati,
1019 757 1144 829 quia
1171 756 1437 813 contraria
1467 754 1644 811 dicitis
1668 761 1727 810 et

195 860 285 930 lege
319 854 533 912 statuitis
566 870 582 919 ;
625 851 714 908 vel
753 866 848 906 vos
889 850 1039 921 quasi
1084 863 1371 920 pravorum
1415 846 1722 917 dogmatum

196 950 432 1020 magistros
457 945 523 1001 ab
546 944 651 999 illis
681 940 953 1014 pellendos
978 955 1119 997 esse.
1149 939 1265 995 Non
1294 939 1438 995 enim
1464 953 1529 994 ex
1558 938 1723 993 dicto-

193 1057 286 1097 rum
301 1037 547 1109 nequitia,
574 1035 668 1092 sed
693 1050 758 1090 ex
780 1034 1112 1105 malignitate
1131 1031 1457 1088 audientium
1474 1072 1491 1096 ,
1520 1029 1726 1085 insidia:

196 1142 237 1190 et
258 1130 463 1203 pericula
494 1127 800 1200 prodibant.
830 1126 1007 1193 Quare
1041 1139 1148 1180 non
1175 1124 1328 1179 vobis
1355 1123 1495 1179 male
1523 1123 1725 1192 patien-

194 1227 304 1281 tibus
327 1221 662 1287 maledicent,
691 1218 785 1274 sed
831 1218 935 1273 illis
963 1216 1101 1273 male
1126 1216 1423 1287 agentibus.
1456 1213 1549 1268 llis
1578 1211 1728 1268 testi-

195 1316 391 1375 inonium
431 1312 631 1385 prmbet
679 1320 846 1366 totum
894 1308 1218 1379 praeteritum
1264 1315 1494 1376 tempus.
1542 1303 1727 1374 Neque

190 1411 304 1466 enim
330 1405 605 1477 prophetas
635 1402 705 1459 de
745 1402 1021 1472 iniquitate
1060 1399 1142 1455 vel
1171 1398 1239 1455 de
1284 1398 1444 1469 impia
1485 1396 1728 1452 doctrina

190 1498 503 1559 accusabant,
530 1509 652 1549 cum
697 1493 834 1549 alios
875 1489 1169 1561 lapidarent
1197 1530 1213 1557 ,
1248 1488 1383 1544 alios
1424 1487 1688 1558 pellerent
1710 1526 1726 1553 ,

192 1591 299 1645 alios
319 1586 575 1643 sexcentis
603 1584 721 1639 aliis
769 1582 1045 1638 al‘licerent
1098 1579 1269 1635 malis
1295 1579 1495 1650 (Hebr.
1521 1580 1610 1635 11.
1634 1578 1731 1634 55-

194 1681 289 1753 37).
328 1678 398 1733 Ne
441 1678 619 1746 itaque
644 1674 748 1730 hoc
771 1689 865 1729 vos
890 1672 1183 1745 perturbet.
1208 1671 1340 1726 Nam
1387 1670 1576 1727 eodem
1616 1670 1730 1725 ani-

194 1790 263 1829 mo
285 1772 428 1827 etiam
455 1784 596 1824 nunc
623 1767 801 1822 omnia
834 1773 1158 1836 perpetrant.
1187 1764 1432 1819 Vidistin’
1460 1761 1731 1834 quomodo

191 1879 345 1919 eorum
362 1874 549 1917 sensus
575 1858 855 1922 excitarit,
886 1857 1003 1911 illos
1022 1871 1191 1927 prope
1213 1855 1423 1927 Moysen
1445 1864 1498 1911 et
1526 1854 1729 1909 Heliam

191 1954 518 2010 constituens?
548 1951 639 2008 Sic
664 1961 717 2006 et
740 1948 934 2005 Paulus
963 1948 1030 2003 ad
1057 1947 1567 2002 Thessalonicenses
1593 1944 1729 1999 scri-

192 2047 297 2101 bens
327 2045 428 2099 ait:
470 2041 573 2097 Vos
599 2041 733 2096 enim
771 2041 1044 2094 imitatores
1076 2038 1202 2108 facti
1240 2038 1356 2091 estis
1387 2036 1732 2091 Ecclesiaram

191 2134 265 2190 Dei
286 2176 299 2202 ,
338 2149 443 2206 qui:
470 2142 590 2188 sunt
616 2132 673 2186 in
699 2129 904 2186 Iudaea.
948 2128 1148 2183 Etenim
1173 2137 1221 2183 et
1248 2142 1335 2182 vos
1375 2127 1554 2181 eadem
1597 2126 1733 2196 passi

191 2226 286 2280 estis
306 2243 335 2278 a
350 2223 577 2296 propriis
597 2219 960 2277 contribulibus
976 2260 993 2287 ,
1023 2219 1149 2273 sicut
1170 2227 1216 2273 et
1240 2218 1317 2272 illi
1342 2234 1375 2271 a
1401 2215 1618 2282 Judteis,
1646 2217 1733 2286 qui

189 2318 440 2373 occiderunt
479 2314 756 2369 Dominum
797 2310 974 2366 Iesum
1000 2319 1046 2364 et
1072 2309 1307 2380 proprios
1345 2307 1615 2378 prophetas
1639 2345 1655 2371 ,
1686 2314 1734 2360 et

192 2426 263 2463 nos
308 2408 587 2478 persequuti
612 2412 730 2459 sunt
750 2444 766 2470 ,
797 2412 845 2458 et
878 2402 981 2457 Deo
1009 2418 1110 2456 non
1148 2401 1377 2471 placent,
1412 2409 1459 2453 et
1503 2399 1734 2455 omnibus

193 2498 435 2552 hominibus
478 2497 812 2550 adversantur
855 2492 945 2566 (Ι.
995 2491 1169 2546 Thess.
1214 2490 1270 2544 2.
1304 2491 1390 2545 14.
1426 2490 1551 2559 15).
1583 2489 1733 2558 Quod

192 2589 259 2643 llic
280 2603 473 2659 quoque
494 2586 742 2641 Christus
771 2582 1016 2638 instituit.
1060 2582 1124 2635 Et
1149 2581 1199 2635 in
1227 2580 1346 2635 aliis
1370 2579 1586 2649 quidem
1611 2579 1736 2635 bea-

191 2681 466 2737 titudinibus
485 2678 724 2744 dicebat,
745 2675 889 2730 Beati
913 2689 1177 2746 pauperes,
1202 2673 1329 2727 beati
1353 2672 1701 2728 misericordes
1725 2693 1741 2730 .'

192 2772 262 2827 bic
279 2787 394 2828 vero
414 2786 521 2825 nun
548 2767 820 2824 indeﬁnite
843 2764 1049 2834 posuit;
1072 2762 1165 2817 sed
1194 2760 1260 2816 ad
1290 2761 1410 2815 illos
1432 2774 1736 2815 sermonem

191 2864 416 2919 convertit
443 2862 633 2917 dicens
657 2878 672 2914 :
702 2857 843 2913 Beati
866 2856 980 2912 estis
1006 2871 1118 2908 cum
1148 2854 1285 2907 vobis
1308 2848 1743 2923 exprobraverint,

192 2963 229 3008 et
246 2952 508 3026 persequuti
528 2967 618 3005 vos
635 2948 846 3021 fuerint,
870 2957 917 3002 et
938 2945 1155 3000 dixerint
1173 2958 1318 2997 omne
1334 2942 1523 2996 malum
1536 2942 1738 2995 verbum

190 3054 337 3097 contra
358 3059 439 3097 eos
460 3058 479 3096 :
508 3038 802 3097 ostendens
819 3034 925 3091 hoc
951 3035 1003 3089 in
1026 3033 1132 3089 illis
1152 3047 1272 3088 esse
1295 3031 1621 3103 prmeipuum
1638 3069 1656 3097 ,
1685 3037 1742 3084 et

193 3136 464 3192 doctoribus
484 3147 602 3204 prae
626 3131 746 3185 aliis
765 3127 1011 3185 omnibus
1032 3124 1083 3180 id
1105 3139 1223 3179 esse
1250 3122 1545 3193 proprium.
1568 3120 1739 3176 Simul

194 3227 326 3281 etiam
351 3223 437 3281 bic
462 3218 787 3293 dignitatem
812 3232 963 3273 suam
979 3213 1363 3279 subindicat,et
1374 3212 1628 3281 aequalem
1641 3208 1742 3265 sibi

195 3334 293 3373 cum
312 3317 463 3372 Patre
477 3315 763 3369 honorem.
784 3304 1240 3377 Quemadmodum
1262 3302 1409 3359 enim
1432 3300 1505 3357 illi
1528 3309 1744 3370 propter

196 3408 376 3464 Patrem
395 3449 410 3473 ,
434 3404 645 3475 inquit,
669 3402 740 3456 ita
763 3408 818 3455 et
837 3412 931 3453 vos
951 3404 1169 3467 propter
1194 3409 1280 3449 me
1304 3392 1419 3447 haec
1447 3389 1740 3463 patiemini.

194 3501 303 3556 Cum
321 3510 491 3555 autem
520 3496 690 3562 dicit,
718 3491 999 3562 Prophetas
1022 3489 1106 3559 qui
1136 3490 1339 3560 fuerant
1364 3492 1480 3539 ante
1502 3499 1589 3538 vos
1610 3522 1625 3547 ,
1652 3481 1747 3537 de-

198 3594 337 3646 clarat
363 3591 507 3660 ipsos
530 3588 645 3659 jam
676 3582 965 3656 prophetas
996 3579 1159 3634 fuisse
1189 3576 1375 3632 factos.
1406 3574 1541 3629 Hine
1567 3581 1747 3629 osten-

196 3686 303 3740 dens
325 3684 447 3739 illud
476 3679 714 3737 maxime
740 3677 870 3747 ipsis
895 3674 1025 3730 utile
1053 3686 1191 3737 esse,
1222 3681 1275 3726 et
1302 3669 1640 3742 splendorem
1664 3665 1746 3722 ai-

194 3779 309 3831 lerre
327 3818 341 3843 ,
368 3790 472 3831 non
497 3770 640 3827 dixit
658 3811 674 3835 ,
706 3766 1021 3823 Maledicent
1043 3763 1195 3818 vobis
1219 3770 1271 3818 et
1297 3775 1391 3815 vos
1420 3772 1746 3830 persequen-

194 3879 263 3921 tur
282 3910 298 3935 ,
321 3866 410 3923 sed
452 3879 559 3936 ego
607 3860 737 3917 illud
767 3857 1087 3929 impediam;
1121 3870 1225 3909 non
1255 3853 1399 3909 enim
1437 3850 1579 3923 quod
1608 3848 1750 3905 male

194 3974 281 4011 non
300 3957 543 4019 audiant,
571 3951 669 4008 sed
694 3948 835 4021 quod
863 3947 1004 4003 male
1027 3941 1292 3999 audiendo
1316 3941 1526 3997 fortiter
1546 3940 1748 4003 ierant,

191 4056 236 4103 et
259 4064 342 4118 per
367 4061 531 4117 opera
563 4045 714 4114 ipsos
737 4046 991 4110 arguant,
1019 4036 1136 4090 vult
1158 4048 1253 4090 eos
1287 4034 1338 4087 in
1369 4039 1481 4087 tuto
1505 4028 1708 4086 versari
1736 4047 1748 4082 :

193 4140 278 4195 hoc
298 4141 488 4211 quippe
516 4137 617 4192 illo
643 4135 800 4203 longe
821 4129 992 4201 majus
1013 4136 1095 4183 est
1117 4144 1132 4181 :
1161 4122 1608 4196 quemadmodum
1634 4135 1756 4191 per-

191 4231 302 4296 cuti,
323 4238 374 4285 et
394 4228 523 4282 nihil
550 4237 868 4296 percussum
896 4218 1039 4289 pati,
1064 4216 1230 4272 multo
1252 4214 1423 4285 majus
1443 4223 1524 4268 est
1548 4252 1564 4277 ,
1594 4224 1753 4281 quam

193 4339 281 4377 non
309 4321 531 4393 percuti.
568 4317 671 4373 llic
700 4315 858 4387 igitur
885 4311 1015 4367 dicit
1038 4327 1053 4377 ;
1086 4309 1280 4363 Merces
1305 4316 1470 4361 vestra
1496 4304 1656 4359 multa
1681 4311 1755 4356 est

193 4415 235 4467 in
258 4414 419 4477 ralis;
446 4411 630 4467 Lucas
650 4422 777 4463 vero
803 4406 977 4475 ipsum
1006 4413 1061 4457 et
1087 4400 1349 4456 intensius
1368 4439 1384 4464 ,
1413 4405 1613 4453 etcum
1636 4409 1754 4449 ma.

191 4503 278 4575 jori
294 4498 685 4559 consolationis
717 4495 931 4552 cumulo
970 4493 1074 4548 hoc
1112 4490 1313 4545 dixisse
1354 4494 1553 4544 narrat.
1575 4482 1757 4553 Neque

196 4593 317 4649 enim
340 4601 546 4648 tantum
570 4603 668 4645 eos
688 4586 776 4657 qui
800 4592 1016 4655 propter
1042 4581 1208 4637 Deum
1232 4578 1372 4634 male
1392 4576 1612 4631 audiunt
1636 4574 1762 4630 bea-

198 4698 268 4740 tos
290 4683 541 4756 praedicat
562 4721 580 4748 ,
610 4677 705 4734 sed
725 4676 885 4733 etiam
908 4688 1002 4729 eos
1021 4672 1109 4742 qui
1136 4669 1206 4725 ab
1233 4668 1481 4723 omnibus
1508 4666 1762 4756 benesu-

200 4753 331 4829 tliunt
353 4815 368 4841 ,
400 4773 638 4833 miseros
687 4766 854 4825 dicit;
887 4779 1008 4818 nam
1057 4761 1167 4824 ait,
1207 4759 1297 4813 νω
1336 4757 1472 4811 vobis
1502 4771 1614 4810 cum
1642 4753 1764 4808 bene

201 4867 317 4922 vobis
335 4865 557 4921 dixerint
579 4875 752 4915 omnes
769 4856 992 4911 homines
1020 4852 1184 4927 (Luc.
1207 4850 1261 4906 6.
1285 4849 1414 4918 ‘26).
1443 4846 1601 4917 Atqui
1629 4858 1761 4916 apo-

201 4958 334 5013 stolis
354 4951 789 5015 benedicebant;
818 4946 912 5002 sed
940 4961 1046 5001 non
1074 4955 1281 4998 omnes.
1311 4938 1433 4994 Ideo
1460 4952 1566 4992 non
1594 4935 1762 5002 dixit,

204 5048 324 5104 Cum
346 5048 484 5103 bene
506 5042 664 5099 vobis
689 5038 928 5095 dixerint
952 5036 1238 5099 homines;
1268 5031 1384 5099 sed,
1417 5029 1543 5085 Cum
1571 5040 1762 5082 omnes.

204 5138 367 5210 Neque
400 5135 550 5194 enim
599 5132 716 5191 lieni
760 5136 936 5200 potest
973 5136 1032 5183 ut
1061 5126 1095 5182 ii
1125 5125 1213 5196 qui
1256 5124 1504 5179 virtutem
1549 5119 1765 5183 colunt,

204 5231 325 5301 apud
349 5242 542 5285 omnes
580 5226 718 5281 bene
742 5221 975 5278 audiant.
1009 5218 1346 5287 Rursumque
1372 5214 1447 5270 ait
1474 5231 1487 5268 :
1518 5211 1644 5267 Cum
1667 5210 1770 5280 eje-

205 5322 346 5374 rrrittt
369 5333 553 5373 nomen
585 5324 801 5370 vestrum
830 5322 1084 5380 tamquam
1119 5305 1311 5362 malum
1329 5347 1345 5372 ,
1368 5304 1579 5375 gaudete
1603 5311 1650 5355 et
1677 5316 1768 5355 ea:-

203 5412 366 5465 ssltate
381 5410 401 5485 (
417 5409 557 5463 Ibid.
577 5423 621 5460 υ.
639 5403 733 5460 22.
754 5402 828 5457 25
846 5404 889 5473 ).
909 5400 1092 5472 Neque
1108 5399 1249 5454 enim
1272 5405 1477 5451 tantum
1496 5391 1768 5485 periculis,

204 5516 311 5570 qua
332 5481 615 5565 subibant,
643 5496 738 5552 sed
766 5494 929 5549 etiam
958 5489 1289 5555 maledictis,
1316 5499 1561 5556 magnam
1589 5481 1773 5537 statuit

204 5592 513 5649 mercedem.
537 5588 668 5646 Ideo
691 5602 798 5644 non
819 5584 988 5654 dixit,
1014 5580 1148 5640 Cum
1173 5595 1269 5637 vos
1288 5575 1588 5650 expulerint
1605 5582 1660 5630 et
1682 5586 1775 5628 oc-

1268 184 1335 242 IN
1377 184 1784 244 MATTHIEUM
1823 186 2057 246 HOMIL.
2097 188 2213 245 XV.

3304 197 3410 250 270

1827 302 2095 367 ciderint;
2126 303 2219 360 sed
2242 347 2255 368 ,
2305 306 2428 361 Cum
2471 307 2882 377 exprobraret-int
2902 350 2917 376 ,
2946 317 2994 364 et
3019 309 3235 364 dixerint
3263 326 3408 364 omne

1829 392 2038 448 malum.
2071 393 2200 448 Nam
2230 394 2511 452 maledicta
2538 398 2783 453 acerbius
2812 397 3100 465 mordent,
3131 415 3288 468 quam
3319 416 3408 454 res

1830 482 1978 552 ipsa.
2009 482 2064 538 ln
2097 485 2345 554 periculis
2373 486 2515 541 enim
2547 487 2712 543 multa
2742 497 2867 543 sunt
2903 504 3022 557 qua:
3054 488 3289 543 laborem
3332 490 3411 542 la-

1829 577 1972 630 ciant
1997 576 2250 632 leviorem
2275 595 2289 643 ;
2320 578 2465 634 verbi
2491 592 2651 634 causa
2675 618 2690 645 ,
2740 593 2859 634 eum
2888 580 2958 634 ab
2987 580 3236 635 omnibus
3263 583 3409 636 esci-

1829 676 2007 723 tamur
2024 707 2042 734 ,
2074 677 2130 723 et
2155 670 2352 725 multos
2382 669 2641 727 habemus
2665 671 2982 742 plaudentes
3006 714 3019 735 .
3048 683 3367 728 coronantes
3390 714 3406 737 ,

1830 756 2206 827 prtedicantes.
2240 759 2337 815 Hie
2379 775 2507 816 vero
2536 762 2588 816 in
2634 761 2932 817 maledictis
2961 762 3076 817 hmc
3118 764 3413 818 consolatio

1831 858 2128 905 amovetur.
2148 850 2263 906 Non
2281 852 2423 907 enim
2440 867 2631 923 magna
2649 868 2769 909 esse
2786 854 2954 908 virtus
2977 863 3206 924 putatur,
3225 855 3415 909 etiam-

1829 938 1876 993 si
1901 939 2068 1010 magis
2097 940 2211 996 haec
2240 958 2398 1012 quam
2429 944 2663 1013 pericula
2694 955 2990 1001 certantem
3016 958 3410 1003 commoveant.

1829 1029 1975 1085 Multi
2005 1047 2233 1102 namque
2260 1033 2329 1087 ad
2368 1034 2616 1105 laqueum
2660 1045 3011 1092 accurrerunt
3032 1079 3047 1104 ,
3078 1039 3275 1093 malam
3308 1055 3412 1094 non

1831 1121 2065 1178 ferentes
2093 1122 2312 1181 famam.
2346 1124 2415 1180 Et
2442 1125 2569 1196 quid
2596 1126 2698 1182 hoc
2725 1127 2778 1182 in
2810 1127 2929 1183 aliis
2957 1128 3200 1184 mireris?
3228 1129 3416 1185 Prodi-

1833 1218 2003 1268 torem
2028 1214 2178 1269 illum
2206 1216 2565 1291 impudentem
2583 1225 2637 1272 et
2653 1218 3063 1286 exsecrandum,
3094 1220 3181 1289 qui
3204 1220 3274 1275 de
3295 1220 3414 1274 nul.
3502 1286 3507 1291 _

1834 1302 1881 1357 la
1906 1318 1963 1358 re
1991 1304 2344 1361 erubeseeltat
2361 1346 2375 1369 ,
2410 1306 2511 1361 hoc
2536 1308 2767 1363 maxime
2796 1308 2860 1364 ad
2895 1309 3139 1379 laqueum
3169 1311 3246 1365 ire
3269 1325 3415 1365 eom-

1834 1396 1984 1465 pulit.
2005 1396 2111 1452 Job
2130 1413 2342 1469 quoque
2365 1399 2477 1469 ipse
2497 1400 2718 1456 adamas
2736 1443 2750 1468 ,
2773 1409 2828 1457 et
2856 1412 3005 1471 petra
3030 1401 3232 1458 ﬁrmior
3250 1443 3266 1469 ,
3290 1417 3414 1461 cum

1833 1501 1965 1557 epes
1988 1489 2165 1543 amisit
2191 1498 2245 1546 et
2271 1489 2604 1545 intoleranda
2634 1506 2823 1561 passus
2847 1502 2929 1549 est
2944 1533 2959 1559 ,
2984 1493 3107 1548 liliis
3130 1495 3294 1550 orbus
3324 1509 3418 1550 re»

1834 1587 1993 1649 petite
2014 1580 2184 1637 factus
2199 1623 2212 1646 ,
2238 1596 2357 1638 cum
2380 1582 2587 1639 videret
2604 1598 2799 1655 corpus
2820 1600 2974 1641 suum
3002 1587 3277 1642 vermibus
3296 1602 3416 1643 sca~

1837 1681 1977 1737 tere,
2007 1671 2401 1743 instantemque
2422 1689 2672 1741 uxorem,
2696 1676 2875 1730 omnia
2902 1675 3058 1731 facile
3088 1691 3276 1745 passus
3297 1685 3412 1742 est;

1834 1774 1956 1816 eum
1995 1771 2174 1818 autem
2204 1762 2335 1818 vidit
2378 1765 2579 1819 amicos
2607 1764 2709 1819 sibi
2751 1764 3137 1834 exprobrantes
3167 1766 3419 1820 insultan-

1837 1862 2022 1922 tesque
2042 1894 2058 1919 ,
2090 1865 2417 1926 pravumque
2442 1854 2508 1909 de
2535 1869 2595 1910 se
2639 1854 3089 1912 existimationem
3117 1856 3376 1912 habentes
3397 1897 3416 1923 ,

1834 1938 2181 2014 dicentesque
2210 1944 2382 2014 ipsum
2408 1954 2627 2016 propter
2657 1953 2871 2015 peccata
2902 1961 2994 2001 sua
3024 1945 3142 2002 hzec
3171 1947 3374 2017 perpeti
3399 1987 3416 2012 ,

1836 2042 1890 2088 et
1918 2034 2168 2105 nequitize
2212 2050 2327 2091 suae
2372 2051 2558 2107 poenas
2584 2036 2713 2093 dare
2736 2078 2752 2106 ,
2784 2045 2911 2093 tunc
2952 2037 3196 2094 turbatus
3224 2048 3307 2094 est
3339 2038 3421 2093 vir

1838 2123 1927 2178 ille
1956 2125 2105 2181 tortis
2133 2134 2188 2181 et
2213 2141 2436 2197 magnus
2462 2126 2502 2181 ⁸.

1908 2220 1962 2273 6.
1994 2217 2157 2274 David
2183 2234 2397 2290 quoque
2417 2220 2634 2275 mittens
2660 2220 2839 2276 omnia
2866 2235 2985 2291 qua:
3012 2234 3198 2290 passus
3218 2218 3415 2287 fuerat,

1838 2322 1936 2377 pro
1975 2307 2258 2363 maledicto
2295 2308 2694 2364 retributionem
2738 2324 2769 2365 a
2818 2309 2928 2366 Deo
2965 2309 3178 2379 petebat
3209 2326 3221 2363 :
3256 2309 3383 2365 Sine
3405 2350 3421 2375 ,

1839 2399 2009 2471 inquit
2030 2441 2047 2467 ,
2074 2400 2219 2455 illunt
2245 2401 2543 2456 maledicere
2571 2399 2758 2455 Davidi
2774 2443 2789 2465 ,
2818 2417 2936 2473 quia
2967 2400 3209 2455 Dominus
3228 2416 3422 2472 prlece-

1840 2493 1913 2563 pit
1941 2484 2020 2546 illi
2037 2533 2051 2559 ,
2081 2501 2134 2547 ut
2162 2494 2327 2548 uideat
2352 2491 2602 2547 Dominus
2624 2494 3021 2548 hutniliationent
3048 2509 3208 2547 meant
3232 2534 3249 2559 ,
3280 2502 3327 2546 et
3348 2510 3423 2546 reo

1841 2584 2023 2638 tribuat
2041 2583 2165 2637 mihi
2192 2583 2321 2638 bona
2348 2599 2439 2653 pro
2466 2583 2731 2637 maledicto
2758 2584 2812 2637 in
2837 2583 2918 2638 die
2943 2583 3038 2637 hac
3065 2581 3141 2655 (2.
3173 2583 3306 2654 Reg.
3334 2584 3422 2638 16.

1842 2676 1930 2732 ll.
1962 2673 2089 2745 l2).
2132 2674 2198 2730 Et
2232 2674 2429 2730 Paulus
2472 2689 2577 2729 non
2624 2674 2984 2744 periclitantes
3027 2674 3217 2739 modo,
3253 2689 3426 2744 neque

1840 2766 1996 2823 bonis
2024 2766 2311 2837 spoliatos,
2341 2764 2434 2819 sed
2464 2764 2623 2819 etiam
2654 2764 2932 2820 maledicta
2962 2762 3191 2820 ferentes
3215 2780 3325 2835 prce
3339 2764 3427 2817 di-

1841 2864 1930 2911 cat
1969 2855 2054 2912 his
2079 2856 2256 2913 verbis
2285 2872 2298 2909 ε
2329 2853 2687 2910 Recordantini
2713 2856 2907 2911 dierum
2937 2856 3163 2920 priorum
3186 2897 3200 2920 ,
3231 2856 3286 2909 in
3311 2855 3426 2925 qui-

1844 2944 1934 3000 bus
1956 2944 2229 3000 illuminati
2250 2962 2486 3015 magnum
2507 2955 2758 3000 certamen
2773 2946 3080 3000 sustinuistis
3101 2945 3389 3015 passionum
3415 2960 3430 3001 :

1844 3046 1890 3092 et
1922 3038 1976 3093 in
2006 3038 2166 3093 altero
2190 3039 2390 3109 quidem
2416 3037 2697 3109 opprobriis
2723 3048 2768 3091 et
2798 3037 3202 3093 tribulationibus
3228 3048 3414 3108 specta.

1845 3131 2013 3185 culum
2046 3130 2202 3201 facti,
2230 3132 2283 3184 in
2321 3129 2480 3185 altero
2507 3140 2674 3185 autem
2704 3129 2828 3185 socii
2851 3132 3017 3184 taliter
3035 3132 3433 3185 conversantium

1846 3219 2007 3288 effecti
2049 3219 2234 3291 (Hebr.
2270 3220 2356 3276 10.
2388 3220 2475 3275 52.
2503 3220 2574 3277 55
2595 3221 2637 3289 ).
2666 3219 2951 3290 Propterea
2982 3221 3281 3276 mercedem
3311 3237 3428 3276 ma-

1846 3326 2002 3378 gnam
2034 3310 2209 3380 posuit
2232 3310 2495 3366 Christus.
2524 3309 2726 3366 Deinde
2753 3325 2822 3366 ne
2845 3312 2964 3380 quis
2990 3310 3162 3366 dicat:
3184 3311 3279 3365 llic
3302 3325 3432 3381 ergo

1850 3418 1953 3457 non
1986 3402 2222 3456 vindicas
2242 3443 2258 3469 ,
2287 3416 2460 3472 neque
2485 3416 2669 3457 eorum
2694 3415 2787 3456 ora
2808 3401 3044 3467 eonsuis,
3075 3401 3169 3457 sed
3192 3401 3261 3454 ibi
3286 3416 3431 3455 mer-

1851 3494 2033 3549 cedem
2077 3492 2216 3548 das?
2255 3492 2543 3563 prephetas
2572 3493 2913 3557 memoravit,
2946 3492 3235 3548 ostendens
3260 3507 3435 3562 neque

1852 3591 1977 3638 tunc
2009 3582 2153 3653 ipsos
2184 3582 2348 3638 Deum
2380 3583 2550 3638 ultum
2575 3596 2712 3638 esse.
2740 3582 2796 3637 Si
2826 3597 2953 3638 vero
2979 3590 3105 3638 tunc
3127 3595 3245 3637 cum
3268 3595 3439 3652 prope

1851 3683 2005 3730 erant
2050 3672 2456 3739 retributiones,
2506 3686 2603 3742 spe
2653 3670 2951 3727 futurorum
3001 3670 3213 3727 fovebat
3262 3671 3432 3727 illos:

1854 3766 2021 3820 multo
2060 3764 2229 3835 magis
2272 3776 2447 3829 nunc,
2496 3763 2708 3834 quando
2750 3776 2873 3834 spes
2916 3762 3003 3817 illa
3028 3762 3223 3816 clarior
3247 3760 3434 3816 ell‘ecta

1855 3867 1955 3920 est.
1989 3868 2042 3912 et
2062 3855 2394 3928 philosophia
2421 3855 2612 3927 major.
2639 3853 2773 3910 Vide
2798 3863 2973 3910 autem
3000 3863 3120 3925 post
3139 3861 3268 3924 quot
3288 3868 3437 3905 man-

1855 3948 1977 4003 data
2011 3950 2110 4004 hoc
2145 3955 2360 4003 statuat.
2388 3946 2504 4002 Non
2540 3946 2683 4002 enim
2711 3960 2835 4001 casu
2866 3946 3114 4016 qu0piam
3143 3943 3246 3999 huc
3275 3943 3433 4007 fecit;

1858 4041 1949 4097 Sed
1996 4051 2054 4097 ut
2096 4039 2373 4108 ostendat,
2415 4053 2521 4094 non
2568 4053 2725 4110 posse
2763 4052 2921 4103 eum,
2958 4036 3049 4108 qui
3082 4052 3187 4091 non
3229 4035 3295 4090 ad
3324 4036 3438 4089 luce

1859 4135 2039 4190 omnia
2084 4140 2299 4203 paratus
2339 4140 2395 4187 et
2441 4132 2728 4187 instructus
2767 4130 2869 4195 sit,
2912 4128 2963 4185 in
3008 4129 3123 4184 inec
3147 4128 3441 4184 certamina

1860 4225 2092 4296 prodire.
2131 4223 2254 4294 ideo
2295 4238 2326 4278 a
2364 4222 2526 4293 priori
2553 4236 2763 4290 semper
2786 4219 2852 4275 ad
2878 4234 3108 4289 sequens
3134 4219 3438 4273 mandatum

1862 4319 2001 4370 viam
2044 4328 2269 4386 parans,
2321 4322 2560 4369 catenam
2607 4310 2762 4367 nobis
2807 4325 3023 4365 auream
3071 4310 3261 4365 texuit.
3305 4309 3441 4363 Cum

1862 4407 2004 4462 enim
2053 4404 2173 4475 quis
2217 4403 2433 4459 humilis
2472 4403 2663 4469 luerit,
2693 4402 2852 4457 etiam
2878 4416 2974 4457 sua
3000 4400 3220 4455 omnino
3245 4399 3444 4470 lugebit

1865 4508 2079 4571 peccata
2107 4515 2122 4565 ;
2167 4498 2255 4568 qui
2301 4494 2534 4565 lugebit,
2568 4494 2709 4549 mitis
2734 4494 2870 4560 erit,
2900 4492 3173 4549 modestus
3201 4501 3256 4548 et
3284 4491 3444 4546 mise-

1865 4592 2068 4655 ricors;
2110 4587 2415 4643 misericors
2454 4600 2611 4651 vero,
2642 4585 2818 4655 justus
2847 4585 2982 4651 erit,
3014 4591 3363 4655 compunctus
3392 4592 3448 4637 et

1867 4684 2095 4738 mundus
2115 4681 2276 4738 corde
2310 4697 2322 4734 :
2353 4680 2442 4751 qui
2469 4678 2589 4735 talis
2614 4679 2714 4735 erit
2733 4718 2750 4745 ,
2780 4679 2939 4735 etiam
2969 4679 3218 4748 pacilicus
3241 4677 3448 4732 futurus

1869 4784 1969 4831 ενι.
2016 4773 2116 4841 Qui
2154 4786 2316 4843 porro
2346 4771 2462 4826 haec
2485 4769 2662 4825 omnia
2690 4776 3005 4839 assequutus
3034 4766 3191 4822 fuerit
3210 4807 3225 4833 ,
3253 4766 3320 4819 ad
3349 4781 3445 4837 pe-

1871 4865 2032 4921 ricula
2077 4864 2238 4920 etiam
2268 4870 2481 4932 paratus
2527 4862 2665 4929 erit,
2694 4875 2866 4931 neque
2905 4859 3044 4914 male
3072 4857 3292 4912 audiens
3327 4865 3435 4911 tur-

1873 4958 2119 5024 babitnr,
2168 4969 2341 5025 neque
2390 4954 2436 5010 si
2481 4954 2762 5009 innumera
2811 4952 3039 5023 patiatur
3090 4948 3247 5003 mala.
3291 4948 3446 5003 Postr

1871 5067 2031 5123 quam
2057 5063 2185 5120 ergo
2208 5062 2303 5104 eos
2326 5046 2392 5102 ad
2417 5062 2479 5101 ea
2505 5062 2623 5117 quae
2647 5052 3002 5099 consentanea
3034 5048 3186 5096 erant
3211 5039 3452 5095 horlatus

1872 5154 1954 5201 est
1972 5185 1987 5212 ,
2039 5156 2221 5197 rursus
2246 5156 2340 5196 eos
2369 5139 2610 5194 laudibus
2636 5139 2854 5192 solatur.
2882 5135 3014 5203 Quia
3040 5134 3180 5189 enim
3206 5134 3451 5188 sublimia

1877 5243 2142 5307 praecepta
2186 5242 2373 5296 erant,
2419 5230 2690 5298 multoque
2739 5227 2941 5297 majora
2993 5241 3151 5296 quam
3211 5226 3263 5279 in
3287 5226 3452 5278 veteri

1878 5329 1992 5399 lege
2016 5368 2030 5392 ,
2071 5342 2139 5381 ne
2182 5325 2521 5380 turbarentur
2563 5336 2627 5377 ac
2668 5320 3029 5389 trepidarent,
3062 5319 3452 5388 dicerentque:

1878 5418 2154 5489 Quomodo
2197 5415 2311 5470 inec
2356 5412 2577 5484 implere
2616 5410 2943 5483 poterimus?
2977 5409 3097 5464 audi
3122 5408 3250 5479 quid
3276 5408 3456 5464 dicat:

1947 5577 1964 5608 ί
1999 5569 2215 5624 Nonnulli
2237 5570 2437 5631 habent,
2458 5565 2641 5623 athleta
2662 5565 2743 5618 ille
2772 5563 2910 5631 fortis
2926 5569 2972 5616 et
2989 5575 3208 5628 magnus.
