3856 6180
356 245 451 304 95!

356 365 440 419 l5.
486 362 584 417 νος
640 361 759 416 estis
784 361 864 415 sal
894 369 1042 414 terra:
1063 400 1079 427 ,
1112 359 1400 416 ostendens
1422 373 1480 415 se
1505 357 1808 414 necessario
1835 357 1951 412 lane

352 462 616 525 praecepta
631 452 781 509 dare.
804 452 919 507 Non
942 453 1082 507 enim
1106 467 1203 522 pro
1231 460 1403 508 vestra
1435 452 1560 517 vita,
1592 451 1688 507 sed
1718 465 1812 521 pro
1840 458 1950 504 toto

352 549 502 614 urbe,
529 548 718 617 inquit,
737 546 958 602 verbum
973 546 1124 601 vobis
1152 545 1519 602 committitur.
1541 544 1723 614 Neque
1742 543 1794 597 in
1817 542 1950 598 duas

354 640 519 695 urbes
541 653 636 695 vos
663 638 834 704 mitto,
855 638 938 693 vel
964 638 1150 693 decem
1178 638 1263 693 vel
1279 636 1460 707 viginti
1486 652 1501 702 ;
1527 650 1697 706 neque
1724 635 1775 690 in
1791 647 1947 688 unam

358 746 459 785 vos
484 731 639 787 mitto
657 741 893 801 gentem,
919 732 1055 786 sicut
1078 731 1360 801 prophetas
1372 730 1522 794 olim,
1547 728 1640 783 sed
1658 728 1708 782 in
1728 737 1946 795 terram,

352 822 406 878 in
450 838 597 878 mare
626 832 677 879 et
709 824 760 877 in
784 824 1090 878 universum
1118 824 1300 879 orbem
1327 864 1343 889 ,
1370 822 1587 877 ethunc
1618 820 1847 891 pessime
1872 818 1952 874 af-

354 914 573 972 fectum.
591 916 722 972 Cum
737 916 871 971 dixit
886 917 1049 984 enim,
1063 915 1163 971 Vos
1174 918 1289 971 estis
1308 915 1389 971 sal
1405 914 1803 983 terrtc,ostendit
1827 914 1948 969 uni-

353 1020 559 1062 versam
581 1008 853 1063 hominum
878 1016 1117 1061 naturam
1137 1007 1523 1073 infatuatam,et
1539 1021 1567 1059 a
1586 1005 1817 1076 peccatis
1840 1020 1953 1060 cor-

354 1108 563 1170 ruptam
594 1113 735 1154 esse.
761 1098 886 1153 ideo
903 1098 1000 1153 bas
1017 1099 1068 1153 in
1087 1098 1191 1153 illis
1208 1097 1438 1152 maxime
1461 1098 1683 1153 virtutes
1707 1096 1947 1168 requirit,

354 1207 473 1262 qua:
496 1200 621 1246 sunt
646 1191 711 1246 ad
744 1192 1029 1246 multorum
1053 1190 1457 1245 sollicitudinem
1474 1189 1757 1261 gerendam
1785 1189 1952 1259 magis

357 1281 673 1337 necessaria:
709 1290 763 1337 et
809 1282 981 1337 utiles.
1006 1280 1215 1336 Etenim
1238 1282 1325 1351 qui
1360 1280 1503 1335 mitis
1528 1290 1630 1342 est.
1653 1278 1952 1346 modestus,

357 1372 660 1427 misericors
708 1380 763 1427 et
804 1372 998 1442 justus,
1030 1387 1134 1427 non
1179 1372 1231 1426 in
1272 1386 1331 1427 se
1376 1380 1580 1426 tantum
1612 1371 1748 1427 bona
1790 1385 1952 1441 opera

355 1464 653 1529 concludit,
688 1463 782 1519 sed
810 1465 968 1519 etiam
994 1463 1043 1518 id
1068 1473 1219 1519 curat
1242 1473 1301 1518 ut
1342 1464 1542 1534 egregii
1583 1462 1658 1518 illi
1688 1460 1860 1517 fontes
1886 1460 1953 1516 ad

356 1554 584 1610 aliorum
629 1566 849 1609 manent
889 1556 1193 1610 utilitatem.
1238 1556 1468 1611 Rursum
1497 1555 1587 1626 qui
1613 1554 1842 1610 mundus
1870 1563 1954 1609 est

356 1646 519 1701 corde
538 1688 554 1713 ,
598 1648 851 1717 pacificus
890 1655 943 1702 et
988 1662 1083 1717 pro
1110 1648 1335 1703 veritate
1363 1648 1579 1717 pulsus,
1607 1647 1770 1701 vitam
1801 1662 1952 1701 suam

358 1737 425 1793 ad
464 1751 804 1794 communem
833 1738 1114 1794 utilitatem
1141 1739 1339 1810 dirigit.
1374 1739 1451 1794 Ne
1480 1740 1671 1810 putetis
1690 1781 1705 1807 ,
1740 1740 1905 1810 inquit
1934 1780 1949 1805 ,

357 1845 453 1885 vos
492 1830 560 1884 ad
604 1830 737 1885 levia
765 1831 1332 1899 quardam'certamina
1362 1832 1497 1886 trahi
1523 1873 1539 1899 ,
1568 1846 1741 1902 neque
1766 1831 1832 1887 de
1862 1847 1950 1886 re-

356 1924 458 1977 bus
503 1923 708 1993 exiguis
741 1924 877 1993 apud
915 1940 1009 1977 vos
1049 1924 1132 1995 agi
1173 1942 1187 1979 :
1223 1922 1323 1979 Vos
1366 1924 1481 1979 estis
1510 1924 1588 1978 sal
1626 1933 1787 1978 terrae.
1817 1923 1953 1992 Quid

358 2014 564 2084 igitur?
610 2030 737 2069 num
778 2014 854 2070 illi
900 2014 1110 2083 putrida
1136 2018 1552 2071 restaurarunt?
1582 2013 1949 2085 Nequaquam.

362 2105 478 2160 Non
530 2102 756 2176 possunt
796 2108 938 2162 enim
981 2108 1090 2177 jam
1124 2106 1416 2178 putrefacta
1444 2108 1571 2163 salis
1598 2109 1953 2178 permixtione

353 2197 564 2267 juvare.
592 2197 708 2253 Non
740 2197 841 2255 hoc
870 2209 1016 2254 certe
1047 2198 1286 2255 fecerunt
1318 2218 1330 2254 :
1359 2200 1453 2255 sed
1485 2210 1736 2255 renovata
1760 2201 1907 2270 prius
1932 2240 1948 2266 ,

356 2298 413 2343 et
463 2288 560 2345 sibi
614 2289 839 2356 tradita,
891 2298 945 2346 et
983 2305 1013 2346 a
1058 2289 1249 2347 fcetore
1284 2291 1376 2346 illo
1402 2292 1655 2360 liberata,
1686 2302 1807 2346 tunc
1832 2306 1951 2348 cum

358 2380 470 2436 sale
513 2382 847 2449 miscebant,
897 2392 1057 2455 atque
1106 2384 1158 2439 in
1204 2385 1293 2439 illa
1342 2386 1577 2441 novitate
1622 2386 1903 2441 servabant
1934 2426 1950 2452 ,

358 2490 515 2545 quam
558 2490 589 2531 a
632 2476 857 2532 Domino
896 2486 1236 2549 acceperant.
1277 2477 1409 2533 Nam
1450 2478 1667 2534 liberari
1705 2494 1732 2534 a
1763 2479 1954 2536 foetore

359 2577 694 2634 peccatorum
717 2611 732 2635 ,
766 2567 965 2625 Christi
1010 2570 1223 2626 virtutis
1252 2585 1389 2641 Opus
1415 2570 1513 2626 fuit
1539 2588 1553 2637 ;
1583 2580 1636 2626 at
1666 2587 1771 2627 non
1799 2572 1862 2627 ad
1893 2573 1955 2626 il-

358 2658 468 2711 lum
496 2657 742 2715 faetorem
774 2661 1007 2728 reverti,
1038 2661 1091 2717 id
1122 2662 1333 2718 illorum
1361 2662 1649 2735 diligentiae
1678 2674 1731 2719 et
1757 2664 1955 2720 laboris

357 2764 493 2819 opus
531 2760 669 2807 erat.
712 2751 899 2807 Viden‘
937 2753 1209 2823 quomodo
1257 2755 1507 2824 paulatim
1551 2754 1785 2811 ostendit
1812 2758 1954 2826 ipsos

358 2840 631 2912 prophetis
654 2857 775 2899 esse
802 2844 1095 2901 meliores?
1120 2845 1235 2901 Non
1265 2847 1409 2902 enim
1435 2847 1730 2904 Palzcstinae
1757 2848 1945 2904 docto-

357 2949 446 2989 res
467 2949 586 2990 esse
606 2935 717 3003 ait,
749 2936 844 2991 sed
876 2936 1035 2992 totius
1060 2936 1204 2993 orbis
1231 2946 1388 2994 terra:
1412 2956 1427 3004 ;
1456 2954 1556 2995 nec
1584 2940 1744 2997 modo
1766 2941 1951 2997 docto-

357 3038 444 3081 res
461 3066 477 3092 ,
504 3025 599 3081 sed
623 3025 779 3081 etiam
801 3025 1048 3083 doctores
1070 3028 1391 3084 tremendos.
1415 3028 1567 3099 Quod
1588 3031 1729 3087 enim
1754 3032 1946 3087 mirum

361 3125 447 3172 est
464 3159 479 3184 ,
510 3132 614 3172 non
642 3116 921 3174 adulantes
940 3160 956 3186 ,
982 3134 1154 3189 neque
1176 3119 1470 3189 palpantes,
1494 3119 1587 3177 sed
1608 3137 1797 3193 aspere
1817 3125 1925 3178 acri

362 3218 550 3278 terque
588 3218 808 3280 agentes
848 3211 985 3266 sicut
1021 3210 1133 3277 sal,
1179 3212 1258 3267 sic
1295 3211 1675 3269 desiderabiles
1704 3214 1953 3272 omnibus

358 3299 594 3355 fuerunt.
640 3300 817 3358 Nolite
853 3316 982 3372 ergo
1009 3302 1190 3357 mirari
1215 3344 1232 3370 ,
1265 3302 1462 3373 inquit,
1490 3303 1534 3359 si
1564 3304 1689 3360 aliis
1712 3306 1912 3362 relictis
1931 3348 1948 3374 ,

357 3407 454 3447 vos
474 3393 792 3463 alloquar,et
808 3393 871 3449 ad
892 3403 1032 3450 tanta
1056 3410 1149 3450 vos
1174 3394 1405 3465 pericula
1430 3397 1950 3466 pertraham.Consi-

356 3483 540 3539 dcrate
560 3486 839 3556 enimquot
866 3487 1182 3557 quantisque
1203 3487 1529 3556 civitatibus,
1559 3489 1785 3559 populis,
1816 3506 1951 3562 gen-

359 3574 498 3631 tibus
512 3590 607 3631 vos
625 3575 901 3645 prazl‘cctos
922 3577 1180 3633 missurus
1202 3579 1323 3633 sim.
1338 3578 1568 3651 Ideoque
1590 3596 1697 3636 non
1720 3598 1811 3638 vos
1830 3592 1949 3639 tan-

359 3674 467 3720 tum
499 3666 787 3738 prudentes
810 3684 930 3724 esse
958 3670 1110 3736 volo,
1139 3670 1233 3725 sed
1259 3680 1313 3725 ut
1334 3672 1468 3726 alios
1494 3672 1695 3729 similes
1719 3674 1945 3732 faciatis.

358 3755 482 3812 Illos
524 3764 701 3812 autem
738 3759 829 3829 qui
870 3758 1172 3828 bujusmodi
1220 3769 1372 3825 sunt,
1415 3761 1700 3818 admodum
1730 3779 1948 3836 sagaces

354 3862 477 3903 esse
505 3857 750 3918 oportet,
776 3850 829 3904 in
858 3852 1050 3921 quibus
1076 3867 1267 3922 nempe
1296 3862 1349 3908 et
1374 3854 1599 3909 aliorum
1630 3856 1774 3911 salus
1802 3860 1947 3929 peri-

358 3939 604 4007 clitatur,
653 3948 707 3997 et
748 3949 947 3995 tantam
993 3943 1046 3996 in
1091 3943 1193 3998 illis
1222 3945 1394 3999 inesse
1426 3946 1709 4010 virtutem,
1744 3959 1802 4003 ut
1826 3964 1943 4006 eam

356 4030 422 4085 ad
452 4030 681 4085 aliorum
731 4032 1013 4087 utilitatem
1068 4034 1339 4103 impertire
1385 4037 1610 4107 possint.
1651 4037 1762 4093 Nisi
1802 4041 1942 4095 enim

357 4123 488 4179 tales
509 4124 733 4194 fueritis,
758 4141 825 4182 ne
845 4126 993 4182 vobis
1018 4127 1231 4198 quidem
1264 4129 1391 4198 ipsis
1415 4129 1659 4186 sufficere
1679 4135 1940 4203 poteritis.

426 4216 479 4272 7.
527 4215 605 4273 Ne
651 4221 829 4288 itaque
871 4234 1013 4289 aegre
1060 4219 1273 4287 feratis,
1313 4222 1462 4292 quasi
1493 4222 1717 4280 molesta
1746 4227 1853 4282 sint
1878 4244 1940 4285 ea

352 4327 471 4382 qua:
516 4310 786 4367 dicuntur.
814 4312 947 4368 Nam
974 4314 1063 4369 alii
1097 4314 1311 4386 quidem
1342 4316 1614 4386 infatuati,
1643 4319 1942 4378 ministerio

352 4413 533 4459 vestro
577 4404 891 4476 resipiscere
935 4415 1159 4477 possunt
1211 4426 1224 4461 :
1270 4422 1364 4464 vos
1403 4418 1615 4475 autem,
1653 4410 1699 4466 si
1726 4412 1778 4466 in
1810 4412 1939 4468 illud

353 4496 548 4550 malum
574 4496 846 4564 incidatis,
869 4498 1001 4554 alios
1022 4499 1293 4555 vobiscum
1318 4502 1372 4555 in
1395 4502 1682 4572 perniciem
1707 4504 1933 4561 trahitis.

353 4584 536 4655 Itaque
582 4596 782 4656 quanto
830 4588 1029 4657 majora
1074 4590 1224 4645 vobis
1247 4593 1653 4648 committuntur
1678 4597 1886 4665 negotia
1916 4638 1933 4665 ,

350 4686 502 4732 tanto
540 4678 742 4748 majore
796 4677 973 4733 studio
1028 4694 1162 4749 opus
1193 4679 1423 4738 habetis.
1450 4681 1786 4755 Quapropter
1810 4686 1884 4741 ait
1917 4706 1933 4743 :

350 4770 413 4826 Si
440 4782 608 4826 autem
636 4770 716 4827 sal
739 4771 1044 4842 infamatum
1066 4773 1216 4843 fuerit
1242 4816 1258 4841 ,
1290 4775 1341 4829 in
1362 4761 1459 4845 quo
1484 4777 1732 4832 satietur?
1755 4779 1837 4832 Ad
1856 4780 1934 4833 ni-

345 4866 507 4918 hilum
535 4864 666 4919 valet
695 4864 829 4918 ultra
847 4906 863 4931 ,
887 4864 1055 4918 nisiut
1084 4866 1312 4921 mittatur
1340 4868 1478 4937 foras
1497 4909 1513 4935 ,
1542 4879 1587 4925 et
1612 4871 1933 4937 conculcetur

345 4958 408 5010 ab
445 4957 748 5012 hominibus.
781 4955 915 5012 Nam
940 4957 1030 5012 alii
1057 4954 1269 5027 quidem
1297 4959 1341 5014 si
1366 4964 1670 5019 sexcenties
1695 4963 1928 5032 cedant,

347 5050 554 5105 veniam
598 5050 853 5121 consequi
894 5057 1117 5119 possunt
1149 5067 1163 5103 :
1190 5049 1378 5106 doctor
1405 5061 1581 5108 autem
1611 5054 1655 5109 si
1685 5054 1734 5109 id
1764 5057 1931 5124 patia-

344 5149 433 5196 tur
456 5181 472 5207 ,
512 5142 657 5197 omni
688 5141 1001 5198 defensione
1027 5143 1383 5214 privatur,'et
1407 5155 1648 5202 extremo
1670 5137 1931 5205 afficietur

341 5232 622 5302 supplicio.
655 5232 731 5287 Ne
757 5235 898 5290 enim
925 5234 1224 5301 audientes,
1251 5235 1376 5291 Cum
1406 5240 1818 5308 exprobraverint
1841 5258 1929 5297 vos

341 5335 389 5377 et
428 5325 713 5395 persequuti
744 5339 830 5378 vos
857 5325 1081 5396 fuerint,
1113 5336 1161 5380 et
1183 5327 1403 5383 dixerint
1427 5346 1573 5385 omne
1601 5332 1791 5385 malum
1816 5348 1927 5386 uer-

338 5414 457 5481 bum
481 5414 747 5468 adversum
766 5430 852 5468 vos
876 5456 891 5481 ,
918 5415 969 5469 in
999 5416 1233 5472 medium
1255 5418 1467 5488 prodire
1496 5420 1735 5489 timeant,
1761 5421 1923 5478 dicit:

337 5504 450 5561 Nisi
488 5502 556 5560 ad
595 5503 711 5559 hac
748 5505 917 5575 parati
945 5503 1180 5574 fueritis,
1223 5508 1417 5564 frustra
1442 5510 1599 5565 electi
1627 5511 1776 5566 estis.
1808 5511 1924 5567 Non

338 5596 482 5651 enim
531 5594 813 5653 maledicta
851 5606 975 5650 sunt
1006 5596 1239 5652 timenda
1258 5640 1275 5665 ,
1302 5608 1358 5653 at
1382 5600 1727 5656 metuendum
1756 5616 1825 5657 ne
1853 5602 1925 5657 si-

338 5686 637 5741 mulaturos
671 5684 957 5743 videamini
1009 5702 1023 5740 :
1078 5694 1202 5742 tunc
1246 5688 1389 5744 enim
1424 5688 1662 5746 infatuati
1688 5691 1844 5749 eritis
1868 5700 1922 5748 et

1101 241 1159 299 S.
1198 240 1477 300 JOANNIS
1513 235 1983 299 CHRYSOSTOMI
2024 234 2339 296 ARCHIEP.
2379 239 2912 301 CONSTANTINOP.

3529 245 3639 305 932

2052 357 2364 413 eoneulcati.
2385 358 2441 414 Si
2461 369 2638 415 autem
2657 363 3008 432 perseveretis
3031 377 3219 434 aspere
3238 379 3360 421 cum
3384 365 3489 422 illis
3514 384 3638 439 age-

2054 463 2113 503 re
2132 490 2146 515 ,
2185 450 2229 504 si
2258 459 2441 519 postea
2469 452 2610 508 male
2635 452 2862 510 audiatis
2884 496 2900 521 ,
2930 454 3174 525 gaudete.
3210 455 3345 511 illud
3374 460 3516 513 enim
3545 474 3636 515 sa-

2054 538 2119 593 lis
2166 547 2249 594 est
2293 555 2460 610 opus,
2508 550 2567 598 ut
2614 544 2804 599 molles
2844 545 3089 601 mordeat
3134 555 3185 602 et
3212 557 3427 619 pungat.
3456 550 3642 621 Itaque

2062 629 2343 686 maledicta
2394 633 2699 689 necessario
2750 646 3075 705 sequuntur,
3132 653 3306 707 neque
3357 641 3406 693 in
3457 640 3642 711 aliquo

2072 737 2166 777 vos
2197 723 2426 790 lmdunt,
2457 725 2551 781 sed
2579 736 2810 783 vestram
2838 727 3185 785 testificantur
3231 729 3552 788 firmitatem.
3582 733 3640 789 Si

2054 827 2181 868 vero
2210 814 2297 869 illa
2327 823 2628 872 metuentes
2650 859 2665 885 ,
2710 816 2780 873 ab
2819 817 2909 873 illa
2936 820 3087 875 vobis
3114 831 3441 891 congruente
3467 822 3639 878 vchcl-

2054 908 2255 962 mentia
2284 908 2598 965 destiteritis
2627 951 2643 976 ,
2696 911 2866 966 multo
2906 913 3151 983 graviora
3205 916 3411 984 passuri
3457 926 3592 971 estis
3620 959 3638 981 ,

2052 998 2193 1069 apud
2220 1014 2409 1056 omnes
2457 1000 2597 1056 male
2624 1001 2892 1071 audituri,
2926 1014 2980 1059 et
3024 1005 3270 1062 omnibus
3308 1009 3649 1078 contemptui

2053 1090 2203 1145 eritis
2234 1110 2246 1146 :
2275 1091 2406 1147 illud
2432 1093 2574 1149 enim
2601 1102 2683 1149 est
2702 1096 3022 1151 conculcari.
3051 1096 3252 1153 Deinde
3276 1098 3342 1153 ad
3369 1099 3513 1155 aliud
3543 1116 3642 1155 su-

2054 1182 2270 1238 blimius
2308 1185 2480 1255 pergit
2524 1186 2847 1256 exemplum.
2898 1189 2986 1243 14.
3030 1186 3128 1243 Vos
3165 1190 3282 1245 estis
3324 1192 3642 1251 luxmumli.

2055 1272 2248 1328 lterum
2296 1274 2516 1343 mundi,
2560 1292 2665 1331 non
2701 1279 2872 1348 gentis
2910 1283 3100 1346 unius,
3131 1281 3217 1336 vel
3242 1282 3425 1351 viginti
3450 1283 3647 1338 civita-

2055 1373 2166 1420 tum
2192 1407 2208 1434 ,
2252 1366 2345 1421 sed
2394 1367 2555 1423 totius
2579 1368 2724 1424 orbis
2752 1386 2765 1424 :
2799 1371 2891 1425 lux
2923 1371 3304 1442 intelligibilis,
3338 1373 3420 1445 his
3447 1375 3646 1430 solari-

2054 1457 2153 1514 bus
2194 1459 2359 1515 radiis
2399 1463 2770 1530 praestantior,
2811 1462 3259 1533 quemadmodum
3290 1474 3344 1521 et
3372 1466 3451 1520 sal
3482 1468 3647 1538 spiri-

2055 1549 2218 1607 tuale.
2259 1550 2441 1606 Primo
2464 1552 2540 1607 sal
2560 1593 2576 1617 ,
2618 1552 2811 1609 deinde
2856 1555 2943 1609 lux
2964 1596 2980 1621 ,
3009 1564 3065 1610 ut
3089 1557 3264 1613 discas
3291 1566 3545 1629 quantum
3575 1576 3645 1617 ex

2053 1642 2164 1697 acri
2208 1657 2456 1698 sermone
2484 1645 2684 1699 lucrum
2712 1648 3015 1716 proveniat,
3046 1661 3240 1719 quanta
3270 1665 3333 1705 ex
3363 1653 3510 1722 gravi
3538 1654 3638 1709 do-

2053 1732 2221 1787 ctrina
2268 1733 2486 1789 utilitas.
2530 1736 2748 1808 Stringit
2788 1738 2965 1805 enim,
3009 1754 3107 1794 nec
3136 1741 3261 1795 sinit
3287 1742 3559 1811 diffluere,
3590 1754 3647 1800 et

2053 1822 2119 1877 ad
2148 1825 2397 1879 virtutem
2424 1825 2625 1882 ducens
2661 1829 2977 1898 rcspiciendi
3006 1832 3111 1886 vim
3150 1832 3301 1887 indit.
3332 1832 3453 1890 Non
3477 1846 3643 1908 potest

2053 1916 2224 1971 civitas
2243 1919 2484 1973 abscondi
2510 1937 2666 1991 supra
2696 1932 2911 1976 montem
2934 1924 3099 1993 posita
3128 1941 3148 1979 :
3176 1926 3262 1983 15.
3290 1944 3444 1996 neque
3463 1945 3648 1983 accen-

2053 2011 2179 2065 dunt
2225 2010 2511 2080 lucernam,
2548 2024 2596 2068 et
2620 2026 2815 2086 ponunt
2840 2033 2949 2071 eam
2976 2017 3067 2071 sub
3096 2018 3285 2073 modio.
3313 2018 3517 2076 Rursus
3549 2038 3649 2091 per

2055 2101 2170 2157 haec
2190 2102 2311 2159 illos
2336 2104 2402 2158 ad
2425 2114 2728 2159 accuratam
2758 2107 2880 2160 vita:
2900 2110 3161 2163 rationem
3190 2111 3418 2177 excitat,
3442 2109 3648 2169 docezs

2053 2209 2147 2250 eos
2166 2236 2180 2259 ,
2211 2204 2268 2251 ut
2295 2196 2521 2253 sollicite
2546 2197 2646 2253 sibi
2670 2209 2922 2265 caveant,
2956 2209 3137 2270 utpote
3167 2202 3255 2272 qui
3284 2202 3383 2257 sub
3403 2204 3648 2259 omnium

2054 2286 2220 2341 oculis
2248 2295 2558 2355 versentur,
2590 2299 2640 2343 et
2669 2288 2720 2342 in
2755 2290 2930 2345 medio
2954 2292 3114 2346 totius
3144 2293 3292 2348 orbis
3320 2293 3528 2349 theatro
3549 2293 3648 2349 de-

2053 2388 2281 2434 certcnt.
2324 2379 2527 2447 Nolite,
2570 2382 2773 2452 inquit,
2806 2382 2857 2437 id
2887 2392 3133 2453 reputare
3161 2384 3376 2453 animo,
3408 2400 3505 2440 vos
3529 2386 3647 2455 jam

2056 2469 2142 2525 hic
2184 2470 2411 2538 sedere,
2457 2479 2513 2527 et
2556 2471 2607 2526 in
2648 2473 2835 2543 exigua
2884 2475 3061 2545 anguli
3110 2485 3259 2544 parte
3294 2476 3539 2531 versari:
3572 2477 3646 2533 ita

2054 2561 2195 2616 enim
2240 2562 2513 2633 conspicui
2559 2564 2805 2620 omnibus
2843 2566 3022 2634 eritis,
3068 2577 3125 2621 ut
3150 2569 3341 2623 civitas
3367 2568 3418 2623 in
3448 2570 3647 2626 montis

2054 2654 2327 2710 cacumine
2369 2655 2559 2725 posita,
2596 2664 2653 2711 ut
2690 2657 2906 2712 lucerna
2939 2658 2990 2713 in
3020 2658 3182 2714 domo
3206 2674 3365 2731 supra
3393 2660 3649 2717 candela-

2056 2744 2208 2800 brum
2232 2747 2436 2802 lucens.
2862 2814 2867 2819 η

2125 2834 2311 2892 Christi
2337 2838 2558 2909 potentia
2586 2840 2847 2896 asscritur.
2868 2870 2940 2883 -—-
2967 2841 3072 2900 Ubi
3099 2850 3224 2898 sunt
3265 2859 3406 2899 nunc
3445 2842 3522 2898 illi
3552 2842 3647 2911 qui

2053 2925 2249 2984 Christi
2281 2930 2533 2999 potentia;
2572 2947 2678 2987 non
2710 2933 2973 2989 credunt?
3017 2934 3144 2990 Ha‘c
3171 2934 3422 3003 audiant,
3474 2947 3529 2991 et
3572 2937 3647 2991 de

2056 3021 2350 3091 prOphetiae
2378 3021 2429 3077 vi
2470 3032 2748 3093 stupentes
2773 3066 2788 3093 ,
2831 3026 3057 3082 adorent
3100 3027 3223 3097 ejus
3250 3026 3644 3084 fortitudinem.

2057 3112 2335 3182 Perpende
2374 3114 2517 3169 enim
2546 3125 2744 3185 quanta
2777 3116 3088 3187 polliceatur
3122 3119 3188 3174 iis
3216 3120 3305 3190 qui
3345 3136 3415 3175 ne
3455 3121 3508 3176 in
3542 3136 3642 3178 sua

2053 3204 2269 3275 quidem
2301 3205 2519 3276 regione
2543 3208 2654 3262 noti
2680 3218 2867 3274 erant;
2900 3209 3148 3265 videlicet
3175 3210 3319 3281 ipsos
3348 3211 3403 3265 in
3425 3221 3565 3266 terra
3587 3221 3641 3269 et

2053 3296 2107 3351 in
2138 3296 2275 3352 mari
2316 3298 2689 3367 celebrandos,
2718 3309 2773 3356 et
2801 3299 2937 3355 fama
2968 3301 3033 3357 ad
3064 3302 3319 3358 terminos
3346 3304 3492 3359 orbis
3513 3320 3643 3374 per-

2051 3396 2305 3444 venturos
2334 3405 2487 3457 esse;
2517 3391 2624 3445 imo
2652 3407 2754 3447 non
2779 3392 2914 3448 fama
2941 3403 3168 3461 tantum,
3191 3395 3283 3451 sed
3308 3404 3363 3450 et
3392 3397 3641 3454 beneficii

2051 3482 2307 3539 efficacia.
2334 3482 2450 3539 Non
2477 3486 2619 3540 enim
2651 3485 2770 3540 illos
2813 3485 2949 3540 fama
2982 3487 3171 3541 volans
3210 3496 3364 3542 notos
3409 3488 3642 3545 reddidit

2050 3576 2270 3647 ubique,
2292 3575 2387 3633 sed
2413 3577 2524 3647 ipsa
2546 3593 2765 3648 operum
2788 3578 3093 3633 celebritas.
3116 3576 3248 3632 Nam
3272 3593 3370 3634 ccu
3392 3578 3642 3635 volucres

2048 3668 2284 3723 velocius
2310 3683 2468 3738 quam
2495 3669 2623 3723 solis
2645 3667 2777 3723 radii
2808 3677 3004 3723 terram
3025 3683 3238 3725 omnem
3262 3682 3639 3741 peragrarunt,

2049 3761 2152 3830 pia:
2181 3760 2456 3831 religionis
2496 3761 2672 3817 lucem
2703 3762 3028 3816 emittentes.
3071 3761 3169 3816 llic
3193 3772 3368 3816 autem
3400 3763 3527 3817 mihi
3560 3765 3637 3818 vi-

2048 3851 2204 3907 detur
2249 3854 2368 3907 illos
2396 3853 2463 3908 ad
2511 3854 2757 3908 fiduciam
2809 3852 3121 3909 sumendam
3171 3853 3440 3908 cohortari
3468 3870 3482 3907 :
3511 3854 3645 3909 eunt

2045 3944 2188 4000 enim
2221 3936 2369 4011 dicit,
2416 3943 2533 4000 Non
2564 3955 2723 4017 potest
2750 3946 2923 4000 civitas
2952 3946 3194 4000 abscondi
3217 3962 3374 4016 supra
3412 3946 3635 4000 montem

2046 4037 2230 4105 posita,
2260 4036 2551 4106 potentiam
2595 4037 2831 4093 declarat
2858 4052 3047 4103 suam;
3098 4038 3236 4091 sicut
3264 4037 3406 4093 enim
3438 4038 3522 4091 illa
3554 4038 3635 4093 ci-

2044 4128 2179 4182 vitas
2220 4127 2475 4183 abscondi
2502 4129 2706 4199 nequit,
2734 4129 2811 4183 sic
2855 4128 3159 4199 praedicatio
3190 4129 3353 4184 taceri
3382 4138 3436 4184 et
3463 4129 3636 4185 latere

2044 4234 2152 4274 non
2178 4228 2369 4289 potest.
2399 4218 2531 4288 Quia
2559 4220 2699 4274 enim
2736 4219 2988 4289 loquutus
3017 4228 3134 4275 erat
3161 4219 3228 4275 de
3258 4220 3633 4290 persequutio-

2043 4313 2221 4379 nibus,
2255 4312 2320 4369 de
2350 4313 2667 4379 maledictis,
2708 4313 2776 4367 de
2804 4313 3029 4379 insidiis,
3066 4312 3132 4367 de
3160 4313 3347 4377 bellis;
3377 4328 3443 4367 ne
3470 4321 3628 4383 puta-

2041 4414 2161 4459 rent
2184 4404 2297 4459 hrec
2318 4405 2424 4458 illis
2455 4419 2611 4474 posse
2632 4420 2692 4459 os
2714 4404 3014 4470 obstruere,
3039 4403 3284 4459 fiduciam
3308 4404 3413 4459 illis
3434 4402 3633 4459 indens

2037 4496 2132 4564 ait,
2160 4496 2592 4567 praedicationem
2639 4512 2747 4551 non
2781 4497 2939 4551 modo
2974 4512 3079 4551 non
3111 4497 3275 4552 latere
3305 4511 3494 4566 posse,
3528 4496 3628 4552 scd

2037 4596 2092 4642 et
2117 4595 2282 4642 totum
2313 4586 2497 4642 orbem
2525 4585 2906 4642 illustraturam
2934 4602 3072 4642 esse.
3105 4586 3330 4656 Ideoque
3357 4587 3428 4640 illi
3459 4587 3627 4641 etiam

2036 4686 2194 4733 erunt
2237 4677 2507 4747 cort5picui
2546 4687 2599 4731 et
2643 4678 2902 4748 insignes.
2949 4677 3083 4733 llinc
3128 4678 3286 4747 igitur
3329 4677 3624 4747 potentiam

2035 4782 2185 4824 suam
2213 4768 2480 4832 ostendit;
2519 4784 2584 4824 ex
2614 4768 3115 4839 sequentibusvcro
3144 4768 3391 4823 fiduciam
3420 4767 3627 4824 abillis

2034 4860 2198 4932 exigit
2229 4860 2313 4915 his
2339 4860 2517 4915 verbis
2545 4878 2558 4915 :
2602 4859 2783 4930 Neque
2806 4860 3085 4915 accendunt
3114 4849 3397 4925 lucernam:
3430 4867 3480 4913 et
3519 4876 3621 4928 po.

2033 4963 2161 5009 nunt
2189 4969 2300 5008 eam
2322 4953 2413 5008 sub
2439 4952 2626 5018 modio,
2650 4951 2738 5007 sed
2762 4968 2917 5021 super
2951 4950 3328 5017 candelabrum,
3358 4959 3412 5004 ut
3451 4949 3623 5005 luceat

2033 5044 2265 5100 omnibus
2290 5046 2378 5117 qui
2416 5046 2471 5099 in
2512 5045 2661 5099 domo
2694 5053 2832 5099 sunt.
2883 5043 2969 5099 16.
3019 5041 3111 5098 Sic
3152 5042 3312 5096 luceat
3340 5042 3430 5097 lux
3453 5051 3623 5097 uestra

2029 5154 2202 5193 coram
2229 5137 2533 5204 hominibus,
2558 5144 2614 5190 ut
2640 5135 2837 5190 rideant
2860 5150 3012 5205 opera
3050 5143 3212 5207 vestra
3242 5134 3392 5201 bona,
3428 5142 3472 5187 et
3498 5135 3619 5205 glo—

2027 5232 2225 5302 riﬁcent
2270 5230 2479 5285 Patrem
2526 5239 2740 5284 vestrum
2768 5228 2855 5299 qui
2896 5229 2949 5283 in
2977 5228 3114 5283 ctelis
3159 5237 3250 5282 est.
3303 5226 3417 5297 Ego
3445 5225 3616 5289 enim,

2029 5325 2219 5396 inquit,
2249 5324 2421 5379 lucem
2451 5321 2669 5378 accendi
2696 5338 2709 5375 :
2743 5329 2802 5376 ut
2824 5335 2954 5377 vero
2984 5327 3292 5390 perseveret
3317 5318 3534 5385 ardens,
3562 5318 3616 5373 id

2026 5416 2095 5471 ad
2121 5425 2355 5472 vestram
2389 5413 2715 5484 diligentiam
2744 5413 3013 5483 pertinet;
3043 5424 3150 5466 non
3194 5410 3358 5465 vestri
3407 5418 3629 5473 tantum~

2026 5522 2209 5574 causa,
2240 5505 2337 5562 sed
2372 5515 2427 5562 et
2454 5505 2679 5573 illorum
2716 5503 2887 5574 gratia
2916 5501 3007 5573 qui
3036 5501 3137 5558 hac
3166 5501 3438 5571 potientur
3466 5498 3614 5568 luce,

2026 5607 2082 5654 et
2117 5598 2186 5653 ad
2231 5599 2512 5654 veritatem
2541 5595 2894 5652 dulucentur.
2937 5593 3125 5665 Neque
3170 5593 3314 5649 enim
3363 5600 3621 5662 poterunt

2027 5689 2308 5746 maledicta
2360 5698 2598 5746 vestrum
2647 5686 2936 5745 obscurare
2982 5684 3321 5757 Splendorem
3366 5700 3381 5738 :
3430 5684 3478 5737 si
3511 5697 3611 5737 vos
