3856 6180
187 233 281 290 ’233
1351 220 1415 280 ΙΝ
1452 216 1753 278 ΜᾹΤΤΙΙᾏΕ

1893 218 2122 276 ιιοδιιι.
2167 220 2280 276 XV.

195 352 425 403 accurate
454 340 612 395 vitam
635 335 1126 406 instituatis,atque
1147 339 1238 394 illo
1253 338 1432 402 modo,
1469 345 1529 391 ut
1552 336 1642 406 qui
1675 343 1756 390 to-

193 450 288 492 tum
318 435 500 488 orbem
525 439 839 486 convertere
865 427 1130 484 debeatis.
1161 427 1380 496 Dignam
1411 427 1571 496 igitur
1607 433 1756 479 tanta

189 527 342 597 gratia
371 525 622 579 exhibete
665 522 850 586 vitam,
879 528 938 574 ut
975 519 1114 574 sicut
1144 518 1231 572 illa
1259 517 1454 588 ubique
1504 515 1760 585 pradica-

194 634 285 682 tur,
311 618 387 672 sic
405 626 463 671 et
490 617 603 670 haec
624 630 750 671 cum
781 614 866 667 illa
895 619 1200 667 concurrat.
1241 609 1442 665 Deinde
1466 607 1607 662 aliud
1639 615 1759 676 post

194 710 454 763 hominum
480 707 699 762 salutem
731 705 934 760 lucrum
966 703 1134 773 ponit,
1161 701 1302 773 quod
1338 710 1518 771 posset
1549 700 1665 754 illos
1691 698 1758 754 ad

191 803 431 868 majorem
468 795 880 852 sollicitudinem
906 794 1380 862 omnimodumque
1405 793 1638 846 studium
1665 807 1756 847 ex-

190 894 360 946 citare.
387 890 520 944 Nam
548 889 593 944 si
634 899 780 944 recte
801 888 1010 950 vivatis,
1043 885 1235 957 inquit,
1260 900 1366 940 non
1399 883 1560 939 modo
1588 893 1758 939 totum

190 985 356 1038 orbem
402 980 781 1044 emendabitis,
811 979 906 1034 sed
949 979 1109 1034 etiam
1155 977 1208 1032 id
1233 976 1478 1033 efficietis
1518 984 1576 1030 ut
1619 975 1759 1032 Deus

190 1075 532 1145 glorifit'clut‘:
565 1073 609 1126 si
640 1087 770 1126 vero
798 1081 984 1126 contra
1013 1069 1344 1132 feceritis,et
1370 1068 1616 1122 homines
1639 1083 1761 1136 per-

191 1165 329 1227 detis,
357 1164 517 1232 idque
539 1163 787 1218 eflicietis
817 1171 873 1216 ut
900 1162 1036 1216 Deus
1065 1159 1484 1229 blasphemetur.

248 1256 300 1310 8.
337 1253 502 1308 Virtus
539 1254 700 1309 latere
735 1252 939 1324 nequit;
980 1251 1124 1305 illam
1156 1249 1374 1320 improbi
1415 1251 1515 1320 ipsi
1541 1251 1593 1303 in
1633 1266 1758 1304 con-

190 1347 375 1402 sa'entic
402 1363 496 1399 sua
518 1347 754 1400 (audent.
784 1343 953 1399 Filius
990 1344 1204 1413 cqualis
1234 1341 1402 1397 Patri.
1430 1372 1500 1384 -—-
1528 1342 1590 1397 Et
1619 1357 1757 1413 quo-

191 1440 349 1504 modo,
399 1438 630 1508 inquies,
686 1451 782 1506 per
811 1451 909 1492 nos
956 1435 1338 1506 glorificahitur
1392 1435 1654 1498 Christus,
1709 1436 1756 1490 si

190 1530 326 1586 nobis
349 1530 596 1584 homines
619 1527 951 1583 maledicturi
982 1527 1131 1581 sint?
1160 1527 1232 1580 At
1261 1541 1366 1581 non
1394 1541 1620 1588 omnes;
1651 1526 1756 1580 imo

193 1623 271 1689 qui
288 1621 336 1676 id
363 1620 578 1686 facient,
608 1620 661 1674 id
690 1634 758 1675 ex
785 1618 982 1674 invidia
1011 1617 1244 1674 facient:
1269 1617 1432 1671 invidi
1463 1625 1646 1672 autem
1673 1616 1752 1672 illi

191 1716 237 1769 in
259 1714 584 1769 conscientia
624 1727 721 1767 sua
749 1725 842 1767 vos
871 1711 1205 1766 mirabuntur
1232 1719 1391 1780 atque
1417 1709 1707 1779 suspicient
1737 1728 1750 1765 :

187 1806 616 1877 quemadmodum
655 1814 708 1858 et
738 1805 771 1860 ii
807 1804 898 1875 qui
930 1803 1105 1874 palam
1154 1803 1411 1873 improbis
1444 1802 1752 1868 adulantur,

193 1908 347 1954 mente
377 1897 600 1953 eosdem
629 1897 1000 1953 criminantur.
1046 1895 1182 1963 Quid
1221 1887 1350 1965 ergo
1380 1895 1657 1966 przecipis?
1684 1911 1754 1950 an

192 2004 239 2048 ut
261 1993 321 2047 ad
343 1992 755 2048 ostentationem
783 1999 837 2046 et
876 1990 1096 2044 honoris
1133 1988 1418 2058 aucupium
1463 1987 1747 2043 vivamus?

193 2086 351 2148 Misit,
393 2099 504 2138 non
545 2082 601 2138 id
627 2081 766 2138 dico.
795 2080 978 2151 Neque
1007 2079 1151 2136 enim
1179 2080 1310 2143 dixi,
1341 2078 1400 2134 ld
1431 2078 1663 2143 studete,
1695 2086 1754 2132 ut

193 2180 309 2232 bona
336 2190 494 2245 opera
524 2184 702 2230 vestra
724 2175 776 2229 in
808 2174 1040 2229 medium
1070 2172 1353 2243 proferatis
1383 2188 1596 2243 :neque
1620 2171 1752 2238 dixi,

195 2270 426 2325 Exhibete
443 2268 530 2322 illa
559 2284 576 2333 ;
599 2266 714 2331 sed,
731 2265 918 2319 Luceat
944 2266 1247 2328 (πνείει-ας
1277 2264 1439 2318 multa
1467 2264 1538 2318 sit
1563 2265 1750 2332 virtus,

193 2362 414 2431 copiosus
435 2361 594 2430 ignis,
629 2359 722 2413 lux
746 2357 1046 2412 ineﬂ'abilis.
1074 2355 1207 2410 Cum
1239 2355 1382 2409 enim
1410 2364 1556 2410 tanta
1579 2356 1750 2410 virtus

196 2453 269 2514 sit.
299 2451 406 2506 fieri
430 2465 537 2506 non
559 2457 739 2520 potest
763 2458 820 2502 ut
839 2448 1020 2513 lateat,
1049 2446 1260 2502 etiamsi
1283 2447 1328 2500 is
1348 2448 1436 2516 qui
1461 2446 1605 2500 illam
1634 2462 1758 2516 pos-

194 2545 309 2598 sidet
328 2585 344 2607 ,
370 2540 684 2597 omnimodo
710 2554 828 2595 eam
859 2538 1142 2593 obscuram
1169 2551 1292 2592 esse
1319 2536 1468 2593 velit.
1520 2537 1756 2607 lrrcpre-

193 2634 478 2689 hensibilem
509 2633 672 2702 igitur
693 2631 795 2686 illis
820 2629 1070 2694 exhibete
1098 2629 1280 2694 vitam,
1320 2629 1623 2699 nullamque
1665 2645 1756 2683 vc-

193 2742 288 2780 ram
314 2725 540 2781 habeant
573 2723 856 2780 accusandi
882 2722 1218 2778 occasionem
1240 2738 1256 2787 ;
1278 2722 1486 2778 etiamsi
1514 2723 1755 2778 sexcenti

193 2826 502 2872 accusatores
523 2815 727 2880 adsint,
754 2829 913 2869 nemo
943 2828 1037 2868 vos
1075 2813 1365 2868 obscurare
1391 2815 1602 2883 poterit.
1632 2814 1757 2868 Pul-

190 2910 298 2963 chre
317 2909 464 2973 dixit,
514 2905 654 2961 Lux.
687 2905 828 2961 Nihil
868 2906 1014 2961 enim
1070 2903 1342 2960 hominem
1366 2905 1444 2959 sic
1491 2905 1755 2961 illustrem

203 3000 360 3066 ellicit,
386 2999 602 3054 etiamsi
631 3013 848 3069 prorsus
876 2998 1040 3052 latere
1063 2996 1210 3063 velit,
1249 3006 1309 3052 ut
1333 2997 1542 3052 virtutis
1570 2998 1754 3068 Splen-

193 3093 290 3146 dor.
330 3092 474 3148 Sicut
499 3091 647 3146 enim
691 3091 813 3161 ipso
844 3091 1006 3147 solari
1055 3090 1204 3146 radio
1257 3091 1635 3157 circumdatus,
1684 3092 1754 3147 ita

197 3184 328 3237 etiam
350 3184 548 3238 clarius
581 3183 824 3252 refulget,
879 3198 984 3236 non
1017 3182 1072 3237 in
1104 3192 1300 3238 terram
1343 3191 1546 3237 tantum
1577 3183 1754 3238 radios

198 3278 436 3341 cmittens,
463 3276 563 3331 sed
585 3275 764 3346 ipsum
793 3276 982 3329 cazlum
1029 3272 1436 3329 transcenderis.
1468 3273 1600 3328 Hinc
1630 3275 1749 3329 illos

195 3368 444 3422 admodum
471 3367 805 3422 cmsolatur.
839 3365 971 3421 Nam
1017 3365 1062 3419 si
1091 3366 1158 3420 de
1184 3364 1514 3431 maledictis,
1545 3366 1714 3435 inquit
1735 3407 1751 3433 ,

196 3461 382 3522 doletis,
416 3460 574 3514 multi
601 3459 768 3513 etiam
795 3466 955 3514 erunt
977 3457 1063 3527 qui
1089 3466 1306 3527 pr0pter
1334 3471 1428 3512 vos
1459 3458 1622 3512 Deum
1650 3458 1748 3512 ad-

197 3553 444 3606 mirentur.
493 3551 763 3619 Utrinque
806 3564 934 3604 vero
961 3547 1226 3619 colligitur
1274 3563 1516 3614 merces,
1545 3559 1750 3605 etcum

197 3653 382 3712 propter
402 3656 496 3696 vos
529 3641 673 3696 Deus
693 3639 1032 3711 glorificatur
1055 3679 1070 3706 ,
1102 3645 1158 3694 et
1175 3653 1302 3694 cuni
1330 3648 1554 3709 propter
1583 3640 1752 3695 Deum

200 3749 282 3787 vos
323 3733 620 3789 maledictis
659 3732 1008 3787 incessimini.
1069 3731 1277 3786 Etenim
1305 3747 1374 3787 ne
1403 3732 1543 3788 male
1566 3734 1754 3790 audire

195 3827 468 3884 Studeamus
494 3869 512 3894 ,
558 3825 699 3897 quod
727 3825 1078 3882 didicerimus
1105 3825 1230 3880 hinc
1269 3825 1545 3894 praemium
1571 3841 1757 3896 repor-

198 3921 317 3984 tari,
342 3935 442 3974 non
474 3917 609 3975 illud
638 3917 952 3986 simpliciter
1001 3916 1194 3986 posuit,
1246 3914 1340 3970 sed
1386 3930 1506 3970 cum
1549 3915 1755 3973 duabus

196 4009 636 4075 distinctionibus;
691 4023 887 4077 nempe
923 4023 1044 4063 cum
1073 4007 1204 4063 falsa
1233 4006 1483 4062 dicuntur
1507 4049 1521 4073 ,
1548 4017 1604 4063 et
1630 4023 1752 4064 cum

200 4112 383 4173 propter
435 4103 604 4158 Deum
649 4099 1019 4155 maledicimur
1060 4098 1444 4168 :ostenditque
1495 4113 1599 4154 non
1625 4099 1751 4155 illud

199 4207 392 4263 tantum,
430 4197 523 4254 sed
575 4197 734 4252 etiam
779 4197 916 4251 bene
955 4194 1142 4250 audire
1186 4194 1412 4250 multum
1442 4192 1636 4250 atl‘erre
1674 4193 1757 4250 lu-

198 4304 342 4356 crum,
369 4291 533 4359 gloria
562 4290 614 4342 in
645 4288 816 4343 Deum
841 4295 1158 4341 transeunte
1182 4305 1197 4341 :
1228 4286 1476 4355 bonaque
1511 4285 1631 4341 illos
1659 4301 1755 4356 spe

197 4383 338 4437 (dcit.
362 4381 474 4438 Non
494 4383 650 4438 enim
677 4390 877 4437 tantam
906 4380 1012 4434 vim
1039 4378 1242 4433 habent
1265 4417 1280 4444 ,
1311 4379 1502 4448 inquit,
1530 4378 1750 4448 iniquo-

200 4490 294 4528 rum
317 4475 617 4539 maledicta,
650 4482 708 4527 ut
734 4472 870 4527 alios
900 4472 970 4525 ita
1013 4469 1367 4525 obtenebrare
1399 4470 1643 4538 possint,
1695 4477 1755 4523 ut

201 4565 344 4620 lucem
372 4577 606 4621 vestram
634 4580 740 4619 non
769 4562 1002 4617 videant.
1026 4558 1159 4616 Cum
1187 4561 1330 4615 enim
1362 4560 1603 4616 infatuati
1636 4560 1753 4616 fue-
1800 4621 1802 4623 _

204 4657 298 4712 ritis
323 4700 338 4725 ,
362 4667 484 4713 tunc
526 4667 737 4711 tantum
771 4669 869 4710 vos
894 4653 1318 4718 conculcabunt;
1348 4667 1451 4707 non
1481 4667 1607 4708 vero
1630 4667 1752 4706 cum

205 4759 321 4802 recta
349 4748 604 4803 facientes
632 4745 977 4802 accusamini.
1019 4743 1170 4799 Tunc
1215 4744 1360 4798 enim
1392 4743 1541 4796 multi
1568 4752 1747 4807 erunt,

203 4841 275 4908 qui
303 4841 625 4895 mirabuntur
654 4854 758 4892 non
809 4853 901 4893 vos
947 4845 1148 4891 tantum
1173 4877 1188 4898 ,
1220 4835 1314 4891 sed
1338 4846 1553 4906 propter
1581 4849 1676 4891 vos
1697 4844 1755 4890 et

206 4931 383 4988 Patrem
407 4942 668 4989 vestrum.
699 4931 806 4986 Nec
833 4930 987 4996 dixit,
1020 4930 1210 4995 Deum,
1232 4929 1345 4994 sed,
1379 4929 1612 4994 Patrem,
1639 4929 1751 4999 jam

206 5027 376 5079 semitm
407 5025 619 5094 jaeiens
666 5023 957 5077 nobilitatis
1001 5019 1144 5076 illius
1199 5020 1331 5089 ipsis
1386 5019 1750 5074 conferendae.

209 5115 374 5172 Deinde
400 5118 617 5173 honoris
642 5115 997 5186 aequalitatem
1023 5113 1323 5179 declarans,
1352 5128 1472 5168 cum
1505 5114 1754 5182 superius

206 5209 395 5266 dixisset
425 5229 438 5264 :
466 5211 543 5266 Ne
565 5208 956 5266 contristemini
984 5222 1106 5262 eum
1132 5207 1271 5261 male
1299 5205 1610 5272 audieritis;
1640 5207 1751 5259 suf-

211 5300 445 5356 ticitenim
466 5302 617 5357 vobis
656 5299 796 5370 quod
826 5307 1044 5370 propter
1073 5313 1159 5352 me
1213 5297 1309 5352 ista
1349 5296 1576 5352 audiatis
1609 5314 1622 5353 :
1651 5296 1756 5352 hoc

211 5393 309 5447 loco
347 5395 548 5451 Patrem
594 5395 780 5466 ponit,
814 5392 1170 5462 mqnalitatem
1216 5391 1410 5461 ubique
1451 5391 1749 5446 declarans.

211 5484 324 5540 Cum
361 5488 512 5557 igitur
541 5490 774 5543 sciamus
802 5493 1056 5555 quantum
1088 5483 1220 5538 lucri
1262 5498 1328 5538 ex
1357 5483 1454 5537 hac
1483 5482 1754 5553 diligentia

217 5589 527 5646 reportamus,
553 5589 604 5636 et
633 5588 889 5650 quantum
916 5591 982 5632 ex
1008 5574 1251 5631 socordia
1277 5574 1569 5644 periculum
1601 5589 1754 5629 cree-

217 5678 285 5730 tur
311 5673 492 5742 (nostra
514 5674 706 5745 quippe
735 5669 970 5748 pernicie
992 5669 1160 5726 multo
1185 5666 1334 5742 pejus
1357 5675 1456 5738 est,
1487 5667 1628 5741 quod
1649 5667 1753 5724 Do-

3348 233 3457 291 235

1866 335 2049 391 minus
2092 345 2276 393 noster
2301 337 2701 410 hlasphemetur
2754 351 2974 414 propter
3006 345 3189 419 nos),
3215 349 3335 406 sine
3373 357 3456 406 of-

1865 424 2113 482 fensione
2163 427 2332 484 simus
2369 439 2424 485 et
2449 429 2647 487 Judaeis
2673 440 2730 488 et
2756 434 3005 504 gentibus
3029 477 3044 502 ,
3101 447 3156 493 et
3197 439 3453 497 Ecclesia:

1868 516 1988 583 Dei,
2021 519 2289 590 vitamque
2333 521 2447 577 sole
2487 523 2901 592 splendidiorem
2929 528 3298 599 exhibeamus,
3325 545 3382 590 et
3407 538 3452 591 si

1869 611 2195 668 maledicere
2241 614 2363 684 quis
2388 615 2552 680 velit,
2583 631 2652 671 ne
2691 617 2967 674 doleamus
2987 661 3001 684 ,
3031 619 3079 676 si
3109 624 3245 678 male
3272 626 3455 680 audia~

1864 717 2005 769 mus,
2033 704 2128 760 sed
2150 705 2196 761 si
2223 707 2414 761 merito
2443 709 2584 764 male
2609 709 2906 766 audiamus.
2933 711 2988 766 Si
3014 714 3157 769 enim
3186 715 3237 770 in
3263 720 3454 788 nequi-

1867 795 1939 850 tia
1971 797 2209 854 vivamus
2234 840 2250 865 ,
2281 800 2380 855 etsi
2413 816 2570 856 nemo
2622 803 2692 857 sit
2733 806 2821 873 qui
2868 805 3150 861 maledicat
3172 849 3188 873 ,
3217 812 3453 864 omnium

1863 887 2148 944 miserrimi
2177 904 2396 957 sumus;
2426 892 2665 947 siautem
2689 894 2938 949 virtutem
2960 896 3218 965 colamus,
3241 901 3458 958 etiamsi

1867 986 2008 1032 totus
2037 979 2182 1036 orbis
2220 982 2375 1037 nobis
2400 983 2683 1038 maledicat
2707 1025 2722 1052 ,
2755 986 2955 1041 erimus
2983 989 3223 1044 omnium
3253 992 3456 1048 beatis-

1866 1072 1988 1126 simi
2019 1113 2036 1138 ,
2067 1083 2124 1129 et
2149 1089 2245 1130 eos
2273 1091 2463 1131 omnes
2491 1078 2578 1146 qui
2631 1078 2861 1134 salutem
2889 1085 3146 1152 consequi
3175 1085 3360 1152 velint,
3386 1089 3454 1144 ad

1861 1176 1961 1218 nos
1992 1165 2362 1233 pertrahemus
2393 1185 2407 1220 :
2436 1183 2545 1223 non
2583 1170 2726 1225 enim
2759 1171 3055 1228 maledictis
3083 1175 3448 1246 improborum

1861 1255 2094 1310 animum
2137 1257 2500 1327 adhibebunt,
2555 1262 2649 1317 sed
2702 1264 2824 1319 vitae
2882 1281 3004 1320 cum
3046 1269 3239 1326 virtute
3285 1281 3446 1328 actm.

1865 1347 2075 1404 Etenim
2098 1350 2219 1405 tuba
2248 1352 2475 1408 clariora
2529 1365 2656 1409 sunt
2683 1372 2844 1426 opera
2877 1358 3040 1426 bona,
3073 1360 3188 1431 ipsa
3228 1364 3345 1420 luce
3367 1366 3449 1420 lu~

1861 1437 2034 1494 cidior
2079 1441 2184 1496 vita
2215 1459 2378 1514 pura,
2411 1445 2620 1500 etiamsi
2669 1447 2932 1504 innumeri
2975 1451 3082 1506 sint
3124 1453 3160 1507 ii
3186 1457 3275 1525 qui
3305 1457 3440 1513 oblo-

1859 1541 2111 1600 quantur.
2142 1534 2200 1590 Si
2221 1536 2367 1590 enim
2396 1538 2576 1592 omnia
2595 1541 2898 1608 supradicta
2929 1541 3241 1612 habeamus,
3271 1549 3316 1603 si
3344 1551 3453 1604 mi-

1861 1629 1962 1687 tes,
1988 1621 2217 1680 humiles
2245 1640 2308 1680 ac
2348 1627 2725 1684 misericordes
2769 1631 2938 1686 simus
2958 1673 2978 1698 ,
3026 1634 3072 1687 si
3104 1634 3231 1690 item
3257 1638 3374 1706 puri
3397 1649 3452 1694 et

1860 1714 2088 1783 pacifici,
2135 1729 2199 1771 ac
2227 1718 2367 1774 male
2412 1718 2694 1775 audientes
2722 1736 2828 1776 non
2856 1722 3151 1780 referamus
3178 1727 3448 1797 injuriarn,

1862 1805 1970 1861 imo
1996 1807 2157 1862 etiam
2177 1809 2525 1878 gaudeamus,
2547 1827 2652 1868 non
2682 1815 2859 1870 minus
2885 1831 3042 1885 quam
3072 1834 3171 1888 per
3195 1821 3449 1878 miracula

1860 1908 2192 1968 spectatores
2231 1902 2298 1957 ad
2326 1918 2423 1958 nos
2454 1905 2848 1975 pertrahemus,
2901 1908 3233 1982 libenterque
3261 1927 3451 1970 omnes

1859 1989 1927 2044 ad
1957 2007 2054 2046 nos
2102 1993 2362 2049 accedent
2383 2036 2397 2060 ,
2423 1996 2541 2051 sive
2571 1996 2680 2052 fera
2709 1999 2829 2068 quis
2857 1999 3038 2066 fuerit,
3071 2003 3183 2058 sive
3208 2003 3443 2074 daemon,

1859 2091 1952 2136 aut
2000 2083 2209 2154 quidvis
2237 2085 2402 2141 aliud.
2448 2087 2505 2143 Si
2545 2089 2764 2158 quidam
2804 2091 3161 2158 maledicant,
3213 2110 3280 2150 ne
3329 2095 3449 2153 ideo

1860 2173 2110 2239 turberis,
2132 2191 2307 2245 neque
2323 2193 2484 2233 cures
2502 2179 2548 2232 si
2576 2188 2626 2236 te
2647 2181 2816 2249 palam
2833 2183 3158 2238 contumelia
3180 2183 3445 2251 afficiant,

1859 2264 1954 2318 sed
2011 2278 2200 2320 eorum
2248 2268 2629 2324 conscientiam
2681 2271 2924 2340 explora,
2979 2282 3036 2328 et
3079 2274 3283 2330 videbis
3327 2276 3450 2334 illos

1859 2354 2193 2423 plaudentes,
2227 2358 2483 2414 mirantes
2506 2400 2520 2425 ,
2552 2369 2606 2414 et
2630 2361 2777 2416 mille
2813 2362 2954 2418 intus
2984 2364 3229 2421 laudibus
3249 2382 3446 2424 ornan—

1861 2454 1962 2500 tcs.
2014 2445 2146 2502 Vide
2189 2449 2349 2518 igitur
2390 2465 2496 2521 quo
2534 2460 2689 2520 pacto
2719 2451 3211 2510 Nabuchodonosor
3253 2472 3449 2526 pueros

1862 2537 1915 2592 in
1965 2538 2184 2594 fornace
2229 2541 2424 2607 laudet,
2474 2542 2684 2597 etiamsi
2715 2543 2884 2598 hostis
2914 2545 3266 2617 inimicusque
3306 2563 3447 2606 esset

1860 2629 2022 2699 (Dan.
2051 2630 2120 2703 3)
2151 2649 2165 2686 :
2197 2632 2292 2687 sed
2335 2633 2457 2703 quia
2488 2633 2618 2689 vidit
2666 2634 2874 2690 fortiter
2902 2645 3122 2704 stantes,
3159 2639 3276 2695 illos
3306 2656 3445 2711 pra:-

1859 2720 2000 2775 dicat
2023 2731 2077 2775 et
2105 2732 2345 2800 coronat,
2380 2739 2484 2779 non
2513 2726 2614 2778 alia
2641 2725 2709 2781 de
2734 2740 2914 2790 causa,
2935 2727 3037 2782 nisi
3062 2729 3184 2798 quia
3215 2730 3312 2800 ipsi
3341 2748 3445 2788 non

1859 2810 2318 2881 obtemperantes,
2349 2815 2517 2883 legem
2548 2814 2639 2870 Dei
2665 2815 2966 2871 audierant.
3000 2817 3250 2875 Diabolus
3279 2822 3442 2887 enim,

1859 2917 1980 2956 cum
2013 2903 2159 2959 videt
2181 2921 2242 2959 se
2264 2905 2394 2959 nihil
2415 2905 2698 2975 proficere,
2721 2906 2937 2962 demum
2961 2908 3223 2977 abscedit,
3255 2911 3447 2968 timens

1860 3011 1928 3050 ne
1959 2997 2137 3066 plures
2182 2999 2335 3054 nobis
2377 3014 2609 3054 coronas
2653 3001 2921 3055 conciliet.
2966 3001 3098 3056 Cum
3147 3014 3328 3060 autem
3359 3006 3448 3063 ille

1860 3087 2190 3154 discesserit,
2218 3092 2560 3159 quantumvis
2603 3089 2936 3147 facinorosos
2964 3101 3018 3147 ct
3045 3095 3304 3150 scelestus
3328 3097 3447 3166 quis

1859 3179 2039 3243 fuerit,
2087 3182 2295 3236 sublata
2321 3181 2408 3236 illa
2439 3183 2664 3252 caligine
2707 3184 2957 3239 virtutem
2988 3196 3262 3255 agnoscet.
3290 3186 3447 3256 Quod

1858 3274 1904 3328 si
1933 3272 2176 3328 homines
2195 3291 2226 3329 a
2253 3284 2402 3331 recto
2432 3276 2713 3330 ratiocinio
2742 3275 3048 3344 deflectant,
3077 3293 3108 3332 a
3140 3279 3251 3336 Deo
3270 3283 3445 3351 majo-

1859 3381 1974 3421 rem
2000 3365 2408 3421 admirationem
2439 3368 2758 3437 laudemque
2785 3367 3007 3424 referes.

1935 3459 1999 3512 9.
2026 3456 2105 3514 Ne
2132 3458 2317 3513 doleas
2343 3460 2540 3529 itaque,
2577 3475 2751 3529 neque
2793 3461 2972 3516 animo
3000 3462 3250 3518 concidas
3278 3482 3293 3518 :
3324 3479 3448 3524 nam

1858 3558 1915 3605 et
1935 3549 2162 3620 apostoli
2181 3550 2300 3604 aliis
2320 3550 2535 3620 quidem
2549 3560 2708 3604 erant
2735 3550 2869 3606 odor
2893 3552 3103 3617 mortis,
3126 3554 3248 3608 aliis
3266 3565 3445 3610 autem

1859 3641 1993 3696 odor
2017 3642 2140 3697 vita:
2170 3642 2246 3713 (2.
2275 3640 2394 3697 Cor.
2436 3641 2490 3695 2.
2525 3643 2592 3697 16
2618 3645 2657 3711 ).
2690 3641 2821 3696 Nam
2850 3643 2895 3697 si
2927 3652 2981 3697 tu
3011 3644 3211 3698 nullam
3250 3660 3447 3701 ansam

1818 3732 1825 3738 ’
1859 3732 2093 3798 dederis,
2116 3733 2184 3787 ab
2204 3731 2349 3788 omni
2379 3733 2604 3788 crimine
2643 3732 2925 3798 liberaris;
2959 3733 3066 3787 imo
3093 3733 3300 3789 beatior
3321 3735 3450 3790 εσυ-

1859 3832 1978 3879 ctus
2006 3838 2086 3878 es.
2117 3822 2420 3893 Resplende
2448 3824 2605 3894 igitur
2629 3823 2681 3878 in
2712 3824 2838 3889 vita,
2862 3832 2915 3878 et
2949 3822 3241 3880 maledicos
3263 3840 3329 3880 ne
3355 3841 3449 3881 cu-

1860 3930 1969 3972 res.
2001 3915 2118 3972 Non
2147 3924 2326 3987 potest
2354 3917 2495 3972 enim
2517 3959 2532 3984 ,
2561 3931 2665 3972 non
2695 3925 2867 3988 potest
2903 3932 3034 3973 sane
3055 3918 3143 3989 qui
3191 3919 3442 3975 virtutem

1859 4012 1989 4066 colit
2017 4025 2126 4066 non
2170 4011 2368 4066 multos
2399 4010 2598 4066 habere
2645 4011 2910 4082 inimicos.
2940 4010 3045 4067 Sed
3097 4010 3226 4066 nihil
3258 4012 3446 4068 horum

1861 4103 2029 4174 probo
2061 4119 2258 4158 nocere
2301 4112 2478 4174 potest
2506 4120 2521 4158 :
2571 4119 2667 4173 per
2696 4103 2811 4158 huic
2851 4105 2991 4159 enim
3023 4104 3179 4175 longe
3206 4105 3447 4175 splendi-

1858 4193 1980 4249 dior
2007 4194 2128 4248 erit.
2161 4193 2287 4249 Haec
2314 4194 2492 4264 itaque
2519 4195 2835 4264 cogitantes.
2868 4209 3031 4248 unum
3084 4201 3287 4252 tantum
3319 4209 3446 4250 sco-

1859 4300 1984 4355 pum
2016 4285 2342 4353 habeamus,
2388 4300 2508 4340 cum
2537 4284 2807 4354 diligentia
2855 4292 3092 4338 nostram
3133 4284 3450 4353 dispensare

1861 4378 2021 4431 vitam
2050 4396 2064 4430 :
2096 4377 2172 4430 sic
2188 4377 2330 4432 enim
2357 4392 2453 4432 eos
2476 4376 2566 4447 qui
2593 4376 2644 4430 in
2675 4375 2907 4430 tenebris
2935 4374 3142 4438 sedent,
3167 4375 3232 4429 ad
3253 4391 3448 4445 snper-

1860 4485 1984 4524 nam
2009 4470 2169 4523 vitam
2199 4469 2350 4538 quasi
2379 4482 2539 4522 manu
2557 4466 2832 4522 ducemus.
2863 4466 3028 4520 Tanta
3057 4466 3259 4523 scilicet
3291 4465 3449 4536 hujus

1859 4561 1994 4616 lucis
2027 4562 2106 4615 vis
2156 4568 2268 4624 est,
2313 4569 2371 4614 ut
2413 4573 2520 4613 non
2571 4557 2660 4612 hic
2705 4566 2909 4611 tantum
2961 4556 3197 4627 fulgeat,
3252 4556 3357 4620 sed,
3397 4568 3452 4611 et

1859 4663 2145 4722 sequentes
2194 4666 2256 4707 se
2300 4650 2392 4705 illo
2427 4649 2672 4705 deducat.
2717 4648 2851 4703 Cum
2899 4649 3042 4703 enim
3083 4662 3184 4706 nos
3218 4649 3453 4708 viderint
3517 4679 3519 4682 -

1860 4743 2140 4814 praesentia
2185 4743 2365 4797 omnia
2421 4741 2775 4812 despicientes
2827 4751 2883 4796 et
2924 4740 2990 4803 ad
3029 4739 3200 4795 futura
3241 4757 3452 4811 prrcpa-

1860 4845 2004 4892 ratos
2025 4877 2043 4903 ,
2090 4834 2343 4906 operibus
2379 4834 2547 4904 magis
2581 4849 2740 4903 quam
2767 4832 2948 4887 verbis
2980 4833 3448 4900 obtemperabant.

1860 4927 1991 4994 Quis
2015 4927 2157 4981 enim
2187 4936 2269 4981 est
2297 4927 2366 4980 ita
2393 4925 2588 4980 stultus
2612 4967 2627 4992 ,
2670 4924 2759 4997 qui
2801 4923 2985 4981 videns
3031 4925 3299 4977 hominem
3333 4924 3450 4986 heri

1860 5029 1914 5075 ct
1938 5018 2132 5074 nudius
2159 5018 2345 5074 tertius
2383 5017 2723 5074 deliciantem
2749 5025 2802 5070 et
2823 5015 3065 5078 divitem,
3092 5014 3203 5082 jam
3233 5026 3451 5069 exutum

1860 5111 2110 5166 omnibus
2155 5118 2216 5164 et
2257 5125 2361 5165 ceu
2403 5109 2674 5170 volucrem
2705 5106 2953 5167 effectum
2977 5147 2991 5172 ,
3020 5105 3088 5159 ad
3134 5105 3324 5160 famem
3349 5151 3361 5171 ,
3398 5117 3452 5162 et

1861 5211 2249 5276 paupertatem,
2284 5201 2351 5258 ad
2379 5199 2794 5263 macerationcm
2823 5211 3061 5263 omnem,
3095 5197 3160 5250 ad
3189 5199 3448 5266 pericula,

1860 5296 1927 5350 ad
1949 5295 2258 5364 sanguinem
2292 5291 2638 5355 fundendum,
2673 5289 2742 5345 ad
2775 5303 2961 5342 necem
2992 5296 3153 5358 atque
3176 5289 3243 5342 ad
3269 5291 3449 5344 omnia

1862 5403 1982 5457 quae
2034 5385 2163 5440 dura
2217 5391 2534 5453 reputantur
2586 5387 2851 5451 paratum,
2907 5395 3012 5434 non
3066 5380 3192 5434 hinc
3245 5381 3446 5435 clarum

1861 5479 2087 5547 accipiat
2135 5478 2428 5530 futurorum
2455 5478 2862 5543 argumentum?
2903 5471 2959 5526 Si
2996 5487 3125 5526 vero
3170 5474 3451 5541 pratscnti-

1865 5573 1964 5628 bus
1991 5583 2088 5625 nos
2129 5567 2484 5641 implicemus,
2516 5573 2675 5635 atque
2703 5565 2754 5618 in
2797 5564 2902 5618 illis
2930 5579 3028 5618 nos
3054 5565 3448 5633 immergamus,

1867 5662 2135 5736 quomodo
2165 5659 2385 5718 credere
2437 5667 2731 5730 poterunt,
2788 5673 2884 5714 nos
2910 5657 2975 5713 ad
3007 5658 3167 5716 aliam
3195 5656 3452 5720 festinare
