3856 6180
394 204 503 262 935

400 341 685 412 ιηισιίθωΐ
718 341 850 410 ραι
902 356 1033 401 vero
1077 344 1232 399 nobis
1279 343 1497 399 demum
1541 341 1646 399 erit
1687 339 1979 403 uenatio,

322 431 327 439 ’
392 449 516 487 eum
544 450 650 488 non
682 443 885 489 tantum
924 434 1100 489 valeat
1125 434 1266 505 apud
1307 450 1411 490 nos
1447 434 1553 489 Dei
1587 434 1777 499 timor,
1806 448 1978 503 quan-

398 534 510 577 tum
568 523 736 577 valuit
788 523 930 594 apud
990 524 1302 581 Cra-corum
1350 525 1698 595 philosophos
1749 525 1979 579 humana

392 614 560 684 gloria
582 615 612 668 ?
629 615 762 670 Nam
789 616 1000 670 illorum
1028 616 1244 686 quidam
1286 616 1540 686 pecunias
1559 616 1868 685 abjeeerunt
1889 657 1904 679 ,
1925 626 1980 670 et

394 720 626 763 mortem
667 718 1126 778 contempserunt,
1168 718 1229 763 ut
1264 724 1384 764 sese
1422 709 1728 764 hominibus
1752 718 1980 765 ostenta-

393 810 515 855 rent
552 819 567 855 :
598 800 823 871 ideoque
848 817 981 856 vana
1024 804 1119 857 fuit
1146 802 1360 857 illorum
1394 818 1537 873 spes.
1569 804 1824 872 Quianam
1850 818 1978 873 ergo

392 908 491 948 nos
517 894 758 949 defensio
795 895 1064 962 liberabit,
1090 910 1210 951 cum
1241 905 1364 966 post
1402 905 1546 951 tanta
1586 896 1742 952 nobis
1782 911 1977 967 propo-

389 985 491 1039 sita
522 988 660 1040 bona
680 1024 705 1053 ν
730 996 785 1042 et
811 998 929 1057 post
956 997 1155 1042 tantam
1194 988 1352 1044 nobis
1376 998 1616 1059 apertam
1644 989 1711 1045 ad
1742 989 1975 1060 philoso-

390 1078 660 1147 pbandum
692 1080 852 1146 viam,
886 1095 956 1136 ne
990 1081 1133 1150 paria
1160 1080 1376 1151 quidem
1418 1081 1527 1135 illis
1550 1082 1771 1151 exsequi
1803 1082 1977 1151 possi-

390 1185 529 1237 mus,
554 1168 650 1224 sed
677 1179 735 1225 et
757 1184 854 1225 nos
883 1180 938 1226 et
965 1172 1102 1227 alios
1137 1171 1584 1242 pessunulemus?
1612 1172 1798 1243 Neque
1825 1174 1968 1229 enim

388 1259 460 1313 ita
486 1259 1070 1332 noeetercusiniqne
1091 1276 1274 1333 agens,
1303 1272 1360 1318 ut
1379 1263 1712 1319 Christianus
1741 1264 1970 1332 idipsum

388 1349 628 1405 faciens:
662 1360 716 1406 et
751 1351 873 1420 jure
918 1351 1160 1421 quidem.
1212 1351 1426 1408 illorum
1458 1354 1600 1408 enim
1650 1354 1859 1423 putrida
1890 1364 1975 1409 est

385 1438 627 1494 doetrina
650 1449 705 1495 et
730 1441 909 1511 Opinio
934 1457 950 1506 ;
979 1452 1159 1497 nostra
1182 1458 1309 1498 vero
1326 1458 1422 1514 per
1437 1445 1531 1500 Dei
1551 1446 1778 1515 gratiam
1803 1446 1965 1500 etiam

386 1531 527 1603 apud
584 1533 777 1603 impios
829 1534 1150 1591 venerabilis
1223 1546 1307 1592 est
1360 1546 1416 1592 et
1472 1538 1712 1594 illustris.
1767 1538 1969 1595 idcirco

384 1624 847 1695 quandomaxime
875 1627 1028 1682 nobis
1043 1629 1370 1698 exprobrare
1396 1631 1582 1694 volunt
1606 1639 1662 1687 et
1689 1632 1969 1687 maledicta

382 1730 604 1787 augere,
638 1718 692 1773 id
718 1719 1054 1791 subjungunt
1082 1762 1098 1787 ,
1126 1721 1463 1777 Christianus
1509 1723 1623 1795 (a);
1655 1740 1762 1779 non
1802 1725 1853 1779 id
1883 1726 1969 1780 di-

383 1809 521 1863 cturi
551 1817 720 1877 certe,
752 1811 854 1864 nisi
883 1827 1127 1882 magnam
1154 1812 1221 1868 de
1238 1812 1478 1869 doctrina
1500 1824 1683 1869 nostra
1709 1816 1971 1872 haberent

382 1902 711 1971 opinionem.
761 1902 876 1958 Non
928 1904 1123 1960 audisti
1165 1906 1340 1976 qualia
1382 1915 1438 1962 et
1479 1917 1673 1977 quanta
1725 1908 1968 1964 Christus

378 1992 643 2061 jusserit?
671 1992 895 2061 Quando
921 2009 1049 2065 ergo
1074 1998 1275 2067 poteris
1305 1997 1389 2053 vel
1416 2014 1578 2054 unum
1606 1999 1721 2071 ejus
1744 2000 1967 2071 implere

384 2092 709 2155 praeceptum
731 2127 747 2153 ,
788 2102 908 2142 cum
938 2088 1115 2144 missis
1141 2090 1409 2156 omnibus,
1454 2092 1750 2148 eireumeas
1778 2109 1965 2151 usuras

379 2175 656 2245 colligens,
687 2175 863 2232 fcenus
891 2178 1083 2234 l'mnori
1106 2179 1312 2235 addens
1336 2222 1352 2247 ,
1384 2183 1773 2252 negotiationes
1812 2184 1964 2239 insti-

380 2274 557 2333 ωοιιε,
603 2282 882 2324 εθττοηιιιι
904 2285 1095 2342 greges
1122 2286 1306 2327 emeris
1328 2314 1343 2336 ,
1368 2286 1618 2345 argentea
1660 2291 1785 2331 vasa
1813 2291 1964 2332 eom-

380 2372 593 2428 parans,
624 2375 804 2429 agros,
834 2361 1024 2418 domos
1049 2405 1064 2429 ,
1091 2365 1479 2434 supellectilem
1508 2368 1869 2425 immensam?
1897 2371 1964 2427 Et

378 2449 580 2505 utinam
608 2450 660 2505 id
691 2452 865 2507 solum
896 2468 1105 2524 ageres.
1130 2455 1264 2512 Cum
1295 2474 1424 2515 vero
1464 2460 1547 2515 bis
1578 2461 1963 2532 intempestivis

377 2543 693 2612 iniustitiam
723 2562 935 2617 quoque
956 2548 1144 2617 addas,
1172 2559 1372 2607 terram
1397 2552 1634 2610 finitimis
1659 2556 1959 2626 abstrabas,

374 2636 565 2692 domos
608 2638 842 2707 spolies,
891 2655 1153 2711 pauperes
1199 2652 1432 2712 alteras,
1477 2645 1671 2702 famem
1724 2664 1958 2719 augeas,

374 2727 597 2798 quando
635 2729 836 2798 poteris
876 2731 943 2785 ad
998 2734 1113 2787 haec
1161 2733 1351 2790 limina
1396 2738 1695 2794 accedere?
1762 2739 1960 2796 Verum

373 2818 691 2889 quandoque
716 2834 1006 2889 pauperum
1048 2824 1337 2880 misereris.
1363 2825 1420 2881 ld
1458 2836 1512 2882 et
1539 2844 1638 2900 ego
1667 2831 1790 2884 novi
1826 2833 1960 2886 :sed

376 2909 464 2965 hie
490 2924 705 2980 quoque
724 2911 887 2966 multa
919 2915 1183 2982 pernicies
1213 2927 1317 2973 est.
1342 2918 1451 2973 Aut
1473 2921 1615 2976 enim
1644 2935 1765 2977 cum
1799 2924 1956 2989 fastu,

374 3012 466 3057 aut
494 3002 559 3057 ad
606 3018 792 3058 vanam
838 3005 1066 3076 gloriam
1102 3009 1152 3063 id
1183 3012 1298 3080 agis
1320 3052 1338 3080 ,
1369 3022 1428 3067 ut
1454 3029 1554 3070 nec
1579 3015 1632 3070 in
1662 3015 1815 3072 bonis
1845 3018 1962 3089 qui-

372 3092 501 3146 dem
531 3094 781 3162 operibus
832 3096 1031 3167 aliquid
1076 3098 1300 3156 luereris
1354 3120 1368 3157 :
1407 3119 1512 3175 quo
1561 3107 1689 3177 quid
1731 3110 1957 3165 misera-

374 3186 539 3243 biiius
564 3203 815 3259 umquam
843 3190 1025 3259 fuerit,
1050 3208 1171 3249 eum
1196 3197 1247 3251 in
1280 3208 1437 3268 portu
1476 3202 1591 3271 ipso
1621 3204 1954 3277 naufragium

371 3276 631 3348 patiaris?
655 3278 734 3335 Ne
762 3279 922 3352 igitur
951 3283 1002 3338 id
1032 3287 1264 3354 eveniat,
1297 3303 1420 3345 eum
1446 3290 1572 3347 boni
1598 3294 1797 3365 aliquid
1822 3276 1957 3368 ope-

370 3378 519 3425 ratus
543 3384 622 3437 es,
667 3386 736 3426 ne
764 3389 972 3443 quaeras
1016 3391 1046 3430 a
1072 3392 1159 3434 me
1190 3381 1450 3451 gratiam,
1480 3392 1540 3439 ut
1564 3384 1730 3442 Deum
1763 3387 1960 3447 habeas

370 3464 705 3534 debitorem,
731 3468 820 3540 qui
859 3468 933 3522 ait
966 3485 979 3522 :
1009 3467 1244 3525 Munium
1274 3472 1392 3528 date
1437 3476 1501 3531 iis
1548 3493 1579 3532 a
1626 3479 1805 3548 quibus
1854 3498 1956 3537 non

371 3566 593 3634 speratis
610 3582 695 3622 vos
716 3579 1009 3640 accepturos
1035 3571 1186 3644 (Luc.
1206 3572 1257 3629 6.
1287 3572 1400 3647 55).
1422 3574 1596 3631 Habes
1620 3577 1914 3635 debitorem
1941 3598 1959 3649 ;

372 3668 469 3708 cur
498 3655 587 3710 illo
618 3658 802 3714 relicto
827 3702 841 3725 ,
869 3676 900 3716 a
930 3678 1019 3718 me
1066 3665 1341 3734 exposcis,
1389 3665 1608 3723 homine
1637 3683 1868 3741 paupere
1906 3684 1962 3729 et

375 3748 615 3804 misero?
640 3750 776 3807 Num
833 3754 1138 3825 indignatur
1166 3759 1253 3814 hic
1276 3759 1516 3828 debitor,
1546 3778 1668 3817 eum
1720 3764 1957 3822 debitum

374 3842 649 3911 exigitur?
670 3860 801 3900 num
823 3861 1022 3917 pauper
1050 3850 1169 3904 est?
1198 3866 1324 3906 num
1346 3854 1551 3910 solvere
1572 3857 1823 3913 recusat?
1844 3857 1958 3915 Non

374 3932 528 3987 vides
548 3933 664 4003 ejus
696 3936 989 3994 ineffabiles
1006 3940 1330 3999 thesauros?
1357 3961 1461 4001 non
1486 3947 1639 4003 vides
1682 3949 1822 4006 illam
1847 3952 1963 4009 ine-

374 4025 694 4080 narrabilem
749 4028 1163 4087 liberalitatem?
1212 4035 1292 4090 Ah
1342 4036 1433 4091 illo
1488 4039 1648 4109 igitur
1702 4042 1856 4113 exige
1905 4056 1959 4099 et

374 4131 628 4180 exposce.
675 4118 767 4175 Sic
816 4134 1033 4194 rogatus
1064 4127 1278 4197 gaudet.
1308 4128 1440 4184 Nam
1468 4132 1511 4187 si
1538 4132 1731 4190 viderit
1756 4137 1823 4192 ab
1848 4137 1959 4194 alio

374 4208 513 4279 exigi
545 4209 595 4265 id
619 4200 757 4281 quod
786 4213 899 4283 ipse
919 4215 1097 4282 debet,
1140 4223 1462 4276 contumelia
1492 4223 1739 4280 allectum
1771 4243 1831 4283 se
1858 4245 1955 4299 pu-

373 4302 527 4366 tabit,
557 4317 655 4359 nec
686 4304 779 4359 tibi
811 4315 992 4375 postea
1021 4308 1242 4379 reddet,
1267 4311 1373 4367 imo
1403 4323 1454 4369 te
1489 4316 1632 4384 juste
1658 4320 1950 4376 accusabit.

375 4395 430 4450 In
458 4412 673 4466 quome
701 4399 988 4470 ingratum,
1036 4403 1274 4474 inquiet,
1307 4406 1752 4477 deprehendisti?
1800 4428 1956 4469 mene

373 4501 664 4556 pauperem
690 4500 862 4557 putas,
885 4494 972 4562 qui
998 4509 1085 4549 me
1106 4498 1464 4563 prauermisso
1488 4500 1621 4555 alios
1638 4501 1844 4558 adeas?
1868 4504 1956 4559 alii

373 4586 618 4632 mutuum
660 4580 873 4648 dedisti,
925 4595 980 4638 et
1031 4585 1099 4640 ab
1152 4586 1256 4641 alio
1305 4589 1517 4660 exigis?
1558 4591 1675 4647 Etsi
1728 4610 1959 4667 namque

372 4665 539 4723 homo
567 4677 851 4741 acceperit,
883 4673 1022 4730 Deus
1051 4677 1179 4733 dare
1204 4678 1364 4749 jussit
1398 4697 1410 4735 :
1441 4681 1554 4751 ipse
1578 4684 1782 4753 primus
1809 4665 1960 4743 debi-

370 4771 455 4818 tor
482 4772 536 4818 et
564 4778 791 4834 Sponsor
831 4782 950 4823 esse
976 4769 1086 4823 vult
1105 4813 1118 4834 ,
1152 4772 1458 4830 innumeras
1488 4776 1581 4832 tibi
1626 4780 1868 4849 praebens
1891 4784 1958 4839 ab

369 4867 439 4909 eo
462 4856 676 4925 petendi
704 4860 1032 4917 occasiones.
1067 4861 1146 4919 Ne
1185 4865 1345 4935 igitur
1382 4876 1524 4922 tanta
1558 4868 1811 4929 facilitate
1842 4885 1957 4931 tan-

371 4957 531 5019 taque
552 4949 874 5007 abundantia
906 4958 1284 5024 praetermissa,
1315 4974 1345 5013 a
1372 4974 1457 5016 me
1482 4964 1727 5035 accipere
1747 4982 1960 5038 quaeras

371 5038 465 5107 qui
489 5039 615 5094 nihil
650 5040 841 5097 habeo.
872 5044 985 5111 Qua
1010 5045 1074 5100 de
1100 5061 1261 5104 causa
1292 5058 1345 5105 te
1380 5052 1508 5108 mihi
1532 5062 1769 5114 ostentus
1788 5100 1805 5126 ,
1833 5076 1953 5117 cum

373 5134 589 5200 pauperi
612 5137 844 5205 erogas?
868 5136 1001 5192 Num
1015 5154 1115 5209 ego
1140 5140 1250 5196 dixi
1279 5143 1392 5210 tibi,
1418 5145 1531 5201 Da?
1552 5165 1678 5204 num
1700 5165 1729 5204 a
1751 5168 1835 5208 me
1855 5168 1954 5209 au-

371 5222 518 5290 disti,
554 5236 608 5280 ut
634 5242 663 5282 a
696 5245 779 5285 me
809 5232 1034 5302 exigas?
1060 5233 1177 5304 Ipse
1206 5235 1342 5292 dixit
1369 5256 1384 5293 :
1419 5238 1519 5307 Qui
1538 5230 1799 5298 miseretur
1825 5263 1958 5317 pauc

374 5333 486 5388 pert
512 5359 526 5380 ,
555 5319 828 5388 [ωηεν-αἰαῖ
856 5323 963 5379 Deo
991 5324 1189 5398 (Prov.
1222 5328 1306 5384 i9.
1342 5330 1467 5402 17).
1523 5331 1634 5388 Deo
1659 5334 1954 5394 fmncratus

370 5408 465 5464 es?
490 5409 573 5465 Ab
600 5410 691 5466 illo
714 5414 886 5484 exige.
916 5417 984 5470 At
1008 5434 1113 5474 non
1146 5430 1315 5477 totum
1341 5439 1482 5480 nunc
1511 5426 1727 5483 reddit?
1759 5429 1953 5486 Verum

431 5544 511 5618 (ᾳ)
540 5551 665 5618 Ergo
686 5554 909 5618 tempore
942 5550 1263 5618 Qhrysostomi
1289 5560 1437 5609 etiam
1481 5558 1739 5614 Christiani
1774 5578 1952 5618 nomen

372 5607 549 5693 probro
569 5607 822 5693 erat'akpud
844 5607 1077 5693 gentiles,
1092 5607 1953 5693 gymnstithieiiiiiiiiii'a'RTd;

375 5675 429 5720 ut
448 5673 514 5721 ait
536 5670 643 5737 ipse
670 5670 797 5724 libro
812 5670 967 5738 primo
989 5670 1075 5725 Ad
1092 5670 1331 5733 Nationes.

1140 207 1199 267 S.
1238 205 1517 264 JOANNIS
1553 202 2047 275 CHRYSOSTOMI,
2070 204 2384 270 ARCHIEP.
2424 211 2962 276 CONSTANTINOP.

3582 228 3697 286 238

2094 337 2239 396 idad
2267 344 2548 403 utilitatem
2576 357 2732 405 tuam,
2747 349 2896 407 facit.
2938 353 3038 409 Est
3060 354 3259 426 quippe
3290 358 3413 414 talis
3434 360 3651 418 debitor
3670 403 3689 430 ,

2087 431 2187 500 qui
2204 447 2311 489 non
2333 436 2509 493 solum
2536 438 2589 494 id
2606 441 2748 509 quod
2773 452 2957 500 mutuo
2982 446 3166 502 datum
3198 460 3301 516 est,
3334 461 3392 506 ut
3417 454 3571 508 multi
3599 457 3688 508 fa-

2086 524 2274 592 ciunt,
2303 527 2531 586 reddere
2561 530 2808 601 festinet;
2840 537 2936 592 sed
2966 540 3199 595 etiamid
3225 552 3364 613 agat,
3396 556 3453 599 ut
3471 546 3522 599 id
3538 548 3689 617 quod

2084 614 2268 671 datum
2285 628 2388 685 est,
2421 620 2474 675 in
2501 630 2625 678 tuto.
2639 624 2938 695 depositum
2965 630 3057 686 sit.
3086 632 3213 689 Ideo
3232 652 3354 705 qua:
3384 637 3472 693 hic
3499 614 3690 695 debita

2080 719 2208 762 sunt
2237 710 2441 778 reddit;
2463 729 2581 784 qua:
2602 716 2731 783 illic,
2763 732 3022 778 reservat.

2155 800 2245 855 10.
2292 800 2419 858 ilice
2455 820 2577 860 cum
2600 808 2860 877 sciamus,
2893 816 3276 875 misericordia:
3306 837 3552 894 magnam
3581 827 3687 882 de-

2083 903 2203 944 mus
2229 905 2447 961 operam
2494 896 2826 970 multamque
2874 902 3257 964 humanitatem
3286 924 3640 971 exerceamus
3663 959 3683 983 ,

2083 993 2138 1039 et
2169 984 2407 1053 pecuniis
2430 997 2485 1043 et
2510 991 2781 1059 operibus.
2808 995 2876 1050 Et
2899 997 2945 1052 si
2972 1000 3249 1058 videamus
3274 1004 3505 1075 aliquem
3533 1010 3684 1065 male

2056 1108 2059 1109 ν
2084 1076 2395 1133 mulctatum
2424 1090 2477 1135 et
2514 1097 2714 1140 exesum
2743 1087 2794 1142 in
2822 1088 2961 1157 foro,
2997 1093 3043 1146 si
3074 1105 3351 1164 argentum
3381 1113 3683 1169 possumus

2080 1165 2353 1235 deponere
2372 1209 2389 1236 ,
2416 1169 2748 1242 deponamus
2772 1193 2788 1244 ;
2814 1180 2858 1234 si
2883 1182 3061 1237 verbis
3104 1200 3219 1241 rem
3248 1203 3533 1258 possumus
3559 1204 3679 1249 ter-

2056 1257 2307 1325 .minare,
2332 1276 2397 1314 ue
2426 1262 2621 1333 pigeat.
2650 1266 2748 1322 Est
2771 1271 2913 1325 enim
2942 1274 3102 1330 etiam
3134 1292 3230 1346 pro
3249 1257 3499 1339 sermone
3526 1301 3677 1342 mer-

2068 1363 2209 1414 ces;
2260 1350 2369 1406 imo
2420 1357 2579 1410 etiam
2625 1374 2722 1428 pro
2758 1364 3082 1433 gemitibus;
3135 1369 3293 1440 idque
3335 1374 3521 1431 beatus
3566 1377 3683 1434 Joh

2056 1444 2290 1502 dicebat
2320 1466 2334 1502 :
2365 1447 2481 1521 Ego
2517 1463 2687 1507 autem
2718 1457 2902 1525 ﬂebam
2946 1476 3102 1530 super
3124 1480 3325 1520 omnem
3362 1468 3626 1536 inﬁrmum
3657 1492 3683 1528 r

2075 1539 2299 1609 ingemui
2322 1553 2490 1597 autem
2530 1547 2701 1602 uidens
2741 1550 2901 1605 virum
2922 1557 2975 1607 in
3002 1558 3377 1613 necessitatibus
3416 1561 3539 1631 (Job
3570 1566 3669 1621 ὅθ.

2075 1627 2146 1683 25
2162 1628 2208 1701 ).
2237 1631 2292 1685 Si
2316 1641 2495 1689 autem
2527 1649 2635 1705 pro
2648 1638 2899 1711 laerymis
2927 1653 2980 1698 et
3005 1647 3292 1714 gemitibus
3317 1627 3527 1709 merces
3547 1667 3658 1720 est,

2075 1722 2293 1791 quando
2318 1725 2480 1781 etiam
2526 1743 2805 1786 sermones
2852 1744 2903 1788 et
2928 1735 3233 1792 sollicitudo
3263 1742 3533 1814 multaque
3559 1748 3670 1801 alia

2073 1812 2413 1880 adhibentur,
2458 1819 2629 1888 cogita
2673 1832 2868 1891 quanta
2908 1826 2980 1880 sit
3024 1828 3321 1885 retributio.
3352 1812 3565 1890 Etenim
3609 1848 3677 1892 et

2073 1921 2172 1962 nos
2198 1908 2393 1964 inimici
2411 1910 2502 1966 Dei
2522 1927 2735 1970 eramus
2760 1932 2775 1981 ;
2799 1926 2853 1971 et
2883 1917 3195 1989 Unigenitus
3222 1937 3322 1979 nos
3350 1929 3670 1983 reconcilia-

2074 1998 2167 2065 vit,
2194 2013 2315 2054 sese
2332 2001 2579 2069 medium
2606 2005 2919 2072 conjiciens,
2940 2018 2994 2064 ct
3022 2011 3201 2080 plagas
3224 2029 3321 2084 pro
3345 2018 3499 2073 nobis
3516 2022 3668 2075 exci-

2072 2091 2243 2161 piens,
2272 2104 2606 2165 mortemque
2634 2099 2859 2166 patiens.
2891 2102 3216 2161 Studeamus
3242 2108 3423 2179 itaque
3451 2121 3506 2166 et
3535 2129 3673 2181 nos,

2070 2196 2171 2238 eos
2191 2185 2282 2254 qui
2312 2185 2365 2240 in
2396 2185 2512 2242 hare
2550 2188 2790 2245 incidunt
2814 2206 2842 2245 a
2873 2194 3029 2248 malis
3058 2195 3354 2255 innumeris
3393 2202 3675 2271 liberare;-

2069 2287 2176 2328 non
2199 2290 2347 2352 vero,
2371 2278 2512 2347 quod
2534 2294 2675 2334 nunc
2700 2280 2941 2348 facimus,
2971 2285 3023 2340 in
3048 2288 3185 2342 mala
3212 2305 3308 2345 eos
3328 2290 3619 2351 immittere
3645 2316 3664 2352 :

2067 2379 2188 2420 cum
2215 2370 2490 2438 quospiam
2516 2372 2763 2430 videmus
2781 2374 2833 2429 in
2855 2390 2914 2431 se
2942 2389 3130 2434 mutuo
3151 2382 3374 2449 iri-uere,
3395 2386 3664 2443 alterum-

2024 2510 2025 2513 η
2066 2471 2172 2526 que
2200 2457 2268 2512 ab
2293 2458 2463 2514 altero
2504 2463 2644 2517 male
2670 2464 2805 2520 affici
2830 2484 2845 2532 ;
2876 2468 3153 2527 adstantes
3189 2473 3332 2529 enim
3362 2477 3667 2546 gaudemus

2070 2546 2141 2601 de
2179 2548 2406 2603 aliorum
2448 2551 2716 2610 dedecore
2739 2596 2755 2621 ,
2788 2557 3161 2631 theatrumque
3186 2563 3506 2622 diabolicum
3554 2572 3667 2625 cir-

2066 2653 2190 2694 cum
2209 2641 2493 2697 statuimus
2522 2661 2536 2697 :
2568 2660 2674 2715 quo
2709 2648 2834 2717 quid
2862 2650 3147 2709 immanius
3173 2670 3425 2728 umquam
3453 2658 3666 2718 fuerit?

2067 2729 2227 2787 Vides
2252 2734 2391 2789 male
2417 2735 2715 2804 audientes,
2742 2754 2802 2795 se
2829 2752 3015 2798 mutuo
3033 2745 3420 2818 discerpentcs,
3451 2763 3661 2810 vestem

2065 2822 2442 2895 discindentes,
2472 2828 2661 2886 faciem
2691 2833 2963 2892 credentes
2982 2879 2996 2903 ,
3020 2848 3076 2893 et
3115 2842 3297 2911 quiete
3324 2854 3467 2901 stare
3494 2850 3662 2903 susti-

2066 2919 2195 2973 nes?
2216 2919 2350 2975 Num
2379 2937 2534 2978 ursus
2562 2934 2645 2980 est
2691 2927 2738 2982 is
2762 2932 2851 2998 qui
2881 2941 3080 3001 pugnat
3100 2933 3123 2987 ?
3147 2950 3275 2991 num
3318 2936 3425 2993 fera
3451 2938 3475 2993 ?
3521 2958 3661 2998 num

2042 3017 2326 3084 serpens?
2384 3016 2555 3075 llomo
2608 3032 2691 3077 est
2733 3035 2907 3081 tecum
2960 3044 3174 3100 semper
3222 3038 3656 3105 communicans,

2064 3100 2230 3159 frater
2255 3114 2357 3172 est,
2386 3111 2687 3168 membrum
2716 3122 2863 3170 tuum
2891 3129 2991 3173 est.
3023 3120 3102 3176 Ne
3124 3133 3396 3192 spectator
3418 3128 3515 3193 sis,
3546 3100 3655 3185 sed

2064 3377 2217 3433 rime.
2271 3380 2665 3451 impudentiam
2704 3390 2845 3444 enim
2889 3401 2943 3448 et
2985 3395 3289 3454 otiosorum
3330 3412 3412 3456 est
3458 3404 3660 3463 talibus

2052 3471 2299 3541 gaudere
2328 3475 2725 3535 calamitatibus
2748 3522 2763 3545 ,
2811 3484 3139 3543 nefariorum
3164 3500 3219 3545 et
3265 3491 3665 3555 irrationaliunt

2064 3562 2362 3620 hominum.
2389 3567 2549 3625 Vides
2590 3570 2859 3629 hominem
2893 3581 3115 3650 turpiter
3134 3593 3400 3652 agentem,
3425 3603 3523 3644 nec
3551 3591 3658 3646 ad-

2064 3656 2225 3711 vertis
2256 3666 2307 3713 te
2357 3662 2515 3717 etiam
2568 3664 2796 3733 turpiter
2840 3672 3043 3738 agere?
3083 3689 3256 3745 neque
3315 3678 3369 3733 in
3414 3682 3652 3739 medium

2064 3749 2319 3817 irruis,ut
2340 3751 2535 3808 diaboli
2560 3755 2872 3828 phalangem
2891 3761 3138 3834 dissipes,
3170 3778 3225 3823 et
3245 3768 3473 3827 humana
3502 3777 3649 3831 mala

2062 3839 2280 3894 solvas?
2323 3843 2411 3907 At,
2458 3844 2665 3915 inquies
2688 3887 2704 3912 ,
2745 3859 2804 3904 ut
2847 3860 2901 3906 et
2924 3867 3025 3923 ego
3049 3856 3228 3927 plagas
3266 3863 3544 3932 accipiam,
3576 3867 3651 3923 ita

2059 3929 2262 3997 jubes?
2288 3932 2448 4003 Atqui
2477 3935 2530 3990 id
2573 3946 2625 3991 tu
2671 3954 2777 3995 non
2806 3944 3022 4011 patieris
3046 3960 3061 4011 ;
3100 3948 3146 4002 si
3175 3964 3303 4005 vero
3330 3929 3568 4024 patiaris,
3598 3959 3652 4013 id

2065 4022 2157 4076 tibi
2196 4024 2435 4095 martyrii
2464 4025 2583 4082 loco
2607 4030 2710 4085 erit
2741 4047 2754 4086 :
2796 4043 3014 4106 propter
3055 4039 3227 4096 Deum
3270 4022 3413 4101 enim
3456 4062 3661 4118 passus

2063 4128 2142 4171 es.
2176 4114 2234 4169 Si
2275 4131 2404 4172 vero
2454 4121 2638 4191 plagas
2666 4125 2909 4195 accipere
2937 4134 3224 4200 cunctaris,
3255 4140 3428 4209 cogita
3457 4114 3648 4199 homi-

2065 4223 2192 4262 num
2223 4217 2369 4265 tuum
2394 4226 2607 4269 crucem
2640 4227 2857 4287 propter
2894 4228 2947 4277 te
2979 4238 3191 4293 passum
3220 4243 3360 4284 esse.
3396 4233 3472 4288 illi
3499 4240 3659 4293 enim

2063 4298 2212 4353 velut
2238 4302 2373 4357 ebrii
2399 4313 2453 4358 et
2474 4306 2810 4365 obtenebrati
2840 4323 2983 4376 sunt,
3013 4314 3193 4371 furore
3222 4322 3355 4376 duce
3378 4335 3431 4379 et
3458 4335 3649 4397 tyran-

2066 4389 2245 4445 nidem
2270 4405 2555 4451 exercente
2578 4437 2594 4464 ,
2634 4414 2770 4469 opus
2810 4413 2990 4460 autem
3019 4406 3215 4464 habent
3266 4428 3410 4469 sana:
3451 4389 3656 4476 mentis

2064 4480 2297 4547 homine,
2350 4488 2439 4556 qui
2484 4488 2615 4558 ipsis
2660 4494 2967 4564 auxilietur,
3020 4507 3125 4554 tam
3184 4519 3375 4575 nempe
3416 4508 3646 4580 hederis,

2063 4588 2222 4643 quam
2252 4578 2461 4645 patiens
2488 4597 2502 4634 :
2528 4580 2615 4636 hic
2640 4584 2855 4653 quidem
2881 4628 2897 4653 ,
2939 4596 2997 4643 ut
3033 4593 3173 4648 male
3202 4596 3406 4664 patiens
3452 4578 3659 4660 libere-

2064 4674 2187 4734 tur;
2222 4668 2310 4724 ille
2328 4686 2477 4740 vero,
2506 4683 2565 4728 ut
2589 4676 2724 4731 mala
2756 4678 2953 4737 inferre
2980 4683 3204 4741 desinat.
3230 4690 3439 4749 Accede
3463 4695 3648 4765 igitur,

2062 4769 2119 4816 et
2176 4777 2390 4818 manum
2447 4769 2661 4839 porrige
2710 4772 2921 4830 sobrius
2964 4781 3279 4837 temulento.
3319 4784 3399 4841 Ira
3449 4790 3654 4860 quippe

2062 4852 2372 4912 ebrietatem
2402 4860 2580 4928 parit,
2615 4863 2720 4918 vini
2765 4870 3073 4926 temulentia
3122 4852 3482 4935 deteriorem:

2062 4950 2210 5007 vides
2230 4964 2438 5018 nautas,
2462 4970 2584 5011 cum
2610 4957 2817 5030 aliquos
2837 4976 3065 5021 cernunt
3096 4969 3332 5028 incidere
3351 4974 3402 5029 in
3429 4975 3650 5033 naufra-

2061 5043 2226 5111 gium,
2259 5047 2528 5115 quomodo
2553 5050 2668 5104 vela
2708 5055 3070 5122 expaudentes
3090 5100 3107 5125 ,
3144 5074 3266 5117 cum
3300 5080 3490 5137 magna
3520 5068 3649 5126 dili-

2059 5137 2233 5206 gentia
2265 5151 2587 5210 properent,
2616 5153 2677 5197 ut
2705 5148 2881 5202 socios
2926 5165 2993 5205 ex
3038 5151 3288 5213 fluctibus
3326 5162 3554 5217 eruant?
3581 5164 3642 5221 Si

2063 5242 2189 5283 vero
2211 5230 2343 5286 artis
2369 5231 2610 5302 ejusdem
2637 5247 2914 5296 consortes
2943 5250 3147 5299 tantum
3175 5246 3277 5301 sibi
3300 5239 3483 5306 mutuo
3505 5268 3647 5323 pras-

2060 5327 2203 5374 stant
2222 5322 2498 5391 auxilium,
2525 5326 2691 5380 multo
2721 5330 2887 5400 magis
2913 5332 3154 5402 ejusdem
3183 5353 3388 5395 natura:
3412 5322 3641 5402 consor-

2063 5419 2145 5467 tes
2170 5412 2285 5469 hac
2304 5416 2481 5470 omnia
2520 5416 2700 5476 facere
2746 5438 2842 5492 par
2864 5433 2963 5478 est.
2993 5425 3124 5482 Nam
3154 5428 3243 5485 hic
3266 5447 3477 5504 quoque
3507 5452 3646 5495 nau-

2061 5501 2286 5573 fragium
2339 5517 2422 5563 est
2474 5509 2567 5565 illo
2612 5514 2981 5581 perniciosius.
3039 5501 3315 5577 Auteuim
3365 5501 3453 5582 ille
3483 5529 3651 5588 laesus

2062 5593 2485 5668 blasphemavit,
2540 5611 2595 5657 et
2628 5607 2806 5660 omnia
2864 5607 2999 5663 bona
3057 5616 3361 5680 evacuavit;
3410 5628 3501 5673 aut
3552 5636 3656 5692 pc-

2056 5689 2285 5759 jcravit,
2318 5691 2394 5749 ira
2424 5704 2669 5766 cogente,
2711 5707 2875 5769 atque
2912 5699 2963 5758 in
2989 5701 3285 5774 gehennam
3315 5689 3655 5783 inciditpvcl
