3856 6180
112 267 202 322 237
1235 265 1299 324 IN
1338 267 1743 326 MATTHIEUM
1783 270 2010 330 HOMIL.
2053 274 2194 331 XVI.

109 380 293 447 plagam
323 375 479 432 infert
507 384 667 447 alque
693 391 894 441 necem,
916 385 970 433 et
993 377 1094 434 hoc
1122 378 1290 447 ipsum
1317 380 1514 450 patitur
1540 395 1670 437 nau-

107 470 327 538 fragium.
359 469 528 539 Perge
577 469 757 539 igitur,
787 471 982 525 malum
1014 471 1144 524 illud
1185 471 1312 526 seda
1338 513 1354 538 ,
1385 473 1666 529 demersos

105 557 326 620 extrahe,
349 559 398 608 in
426 559 599 626 ipsum
625 561 953 628 tempestatis
980 560 1201 632 pelagus
1216 562 1573 631 descendens,
1602 579 1666 620 ac

106 647 268 700 soluto
307 645 504 700 diaboli
548 650 796 716 theatro,
845 655 1070 708 seorsim
1119 655 1356 725 singulos
1405 656 1668 721 admone,

105 737 352 790 ﬂammam
393 738 694 808 exstingue,
747 741 1043 812 ﬂuctusque
1079 746 1396 816 comprime.
1444 747 1500 802 Si
1542 763 1671 803 vero

105 830 258 896 unius
284 827 438 882 fuerit
464 829 786 890 incendium,
816 831 1111 903 fornaxque
1136 837 1410 893 ardentior
1432 879 1448 904 ,
1479 854 1547 894 ne
1565 840 1674 894 for-

111 923 304 977 midea:
341 923 490 976 multi
519 924 666 977 enim
710 923 904 978 adsunt
933 924 1024 994 qui
1049 926 1142 978 tibi
1176 929 1523 996 opitulentur,
1553 947 1671 986 ma-

106 1030 317 1085 numque
350 1016 618 1085 porrigant
644 1056 659 1080 ,
683 1018 728 1069 si
759 1016 931 1071 solum
957 1017 1200 1087 incipias,
1229 1028 1392 1088 atque
1417 1037 1526 1089 pra:
1555 1038 1672 1077 om-

107 1107 242 1161 uibus
265 1107 407 1162 Deus
457 1108 622 1177 pacis.
673 1108 738 1162 Et
774 1109 818 1162 si
848 1109 993 1178 prior
1021 1109 1290 1164 ﬂammam
1343 1115 1668 1181 excusseris,

106 1199 233 1252 multi
276 1199 364 1252 alii
409 1207 719 1270 sequentur,
753 1199 936 1269 sicque
982 1215 1188 1266 eorum,
1243 1217 1362 1271 quze
1383 1201 1480 1271 ipsi
1529 1212 1674 1257 recte

104 1291 322 1358 iecerint,
357 1299 412 1344 ιιι
461 1291 766 1346 mercedem
792 1292 1048 1362 accipies.
1101 1292 1237 1348 Audi
1275 1293 1400 1362 quid
1428 1292 1673 1350 Christus

103 1382 280 1436 iudicis
311 1382 458 1436 butni
481 1383 795 1450 repentibus
819 1385 1151 1454 praeceperit.
1173 1384 1235 1440 Si
1253 1386 1456 1452 videris,
1479 1387 1669 1455 inquit,

98 1479 366 1542 jumentrmr
405 1473 600 1526 inimici
650 1475 722 1526 tui
766 1474 986 1544 lapsum,
1041 1491 1104 1528 ne
1158 1487 1536 1544 prwtercurras,
1584 1479 1674 1532 sed

108 1567 220 1636 erige
273 1565 406 1618 illud
460 1565 654 1635 (Exod.
703 1565 794 1619 25.
827 1565 924 1636 5).
958 1567 1118 1635 Atqui
1155 1566 1312 1638 longe
1360 1567 1565 1623 facilius
1591 1579 1676 1623 est-

101 1672 202 1711 scse
249 1665 436 1710 mutuo
485 1655 832 1712 verberantes
881 1656 1130 1713 homines
1183 1672 1455 1728 separare,
1507 1675 1670 1729 quam

97 1751 378 1819 iumentum
436 1749 666 1820 erigere.
723 1748 780 1805 Si
829 1765 956 1804 vero
1020 1749 1358 1806 inimicorum
1408 1751 1620 1806 asinum
1650 1793 1665 1817 ,

100 1840 244 1894 iiiulto
269 1840 441 1912 magis
471 1842 768 1896 amicorum
789 1841 998 1896 animas
1024 1851 1237 1912 Oportet
1267 1844 1478 1913 erigere
1504 1863 1516 1899 :
1542 1860 1664 1900 cum

99 1933 309 1987 maxime
338 1932 576 1988 deterior
599 1941 682 1986 est
710 1933 863 1986 ruina
889 1949 904 1996 ;
939 1948 1111 2002 neque
1142 1935 1284 1988 enim
1329 1935 1382 1990 in
1432 1950 1668 2004 cornum,

106 2026 183 2078 sed
209 2025 257 2078 in
303 2025 602 2094 gehennam
632 2025 770 2094 ignis
817 2025 1264 2096 incidunt,qnod
1318 2028 1410 2082 ira:
1462 2027 1671 2098 pondus

95 2132 231 2185 grave
252 2132 356 2169 non
376 2115 829 2170 sustinuerint.Tu
852 2130 978 2170 vero
996 2116 1180 2172 videns
1201 2117 1416 2172 fratrem
1441 2120 1541 2174 sub
1565 2134 1673 2174 sar-

95 2208 473 2276 cinajacentem
492 2250 508 2274 ,
549 2217 602 2263 et
649 2207 920 2262 diabolum
941 2209 1223 2265 instantem
1246 2226 1308 2265 ac
1333 2226 1518 2281 rogum
1546 2227 1670 2268 suc-

95 2301 422 2366 cendentem,
453 2301 810 2355 inhumaniter
851 2301 1244 2372 crudeliterque
1282 2307 1668 2374 prmtercurris,

96 2393 211 2462 quod
253 2408 319 2447 ne
358 2408 483 2463 erga
511 2392 665 2447 bruta
691 2391 905 2463 quidem
946 2393 1062 2448 sine
1093 2393 1328 2462 periculo
1353 2396 1666 2453 admittitur.

161 2488 240 2540 ll.
294 2485 399 2540 Eos
441 2487 527 2556 qui
569 2485 850 2540 rixantibus
888 2503 989 2540 non
1026 2487 1371 2554 intercedunt,
1405 2490 1671 2562 increpat;

96 2580 272 2639 έεᾱιοιιε,
320 2579 456 2647 ipso:
503 2579 776 2632 rixatores.
805 2578 1265 2636 —Samaritanus
1315 2580 1530 2650 quidem
1580 2582 1671 2638 ille

94 2671 308 2724 saucium
352 2670 539 2726 videns
567 2670 825 2740 ignotum,
862 2670 1098 2740 nihilque
1131 2669 1198 2725 ad
1239 2687 1359 2726 eum
1401 2675 1672 2742 pertinen-

97 2769 207 2822 tem,
237 2769 289 2813 et
326 2760 492 2824 stetit,
540 2768 594 2814 et
611 2759 856 2830 jumento
883 2774 983 2816 suo
1003 2761 1274 2831 imposuit,
1309 2763 1467 2833 inque
1495 2765 1670 2820 diver-

96 2849 541 2917 serium’dcduxit,
573 2865 638 2906 ac
666 2851 928 2906 medicum
976 2853 1224 2909 mercede
1248 2855 1538 2922 conduxit,
1583 2871 1671 2912 ar-

96 2949 392 3010 gentumque
415 2942 606 3011 partim
632 2941 796 3008 dedit,
822 2943 1397 3014 partimque'pollicitus
1417 2954 1499 3001 est
1515 2945 1666 3016 (Luc.

98 3033 168 3088 l0.
215 3034 300 3088 55.
341 3033 502 3104 sqq.).
546 3033 627 3090 Tu
671 3049 795 3090 vero
823 3035 947 3090 dum
992 3035 1262 3091 hominem
1292 3037 1440 3094 vides
1468 3037 1557 3109 qui
1585 3039 1669 3093 in-

96 3127 222 3189 cidit.
250 3143 354 3182 non
387 3127 440 3181 in
487 3127 744 3192 latrones,
766 3128 859 3183 sed
897 3129 950 3184 in
978 3128 1368 3185 dzemoniorum
1393 3130 1665 3198 cohortes,

96 3218 269 3288 quique
297 3217 479 3272 furore
521 3229 805 3288 correptus
851 3228 954 3284 est,
1007 3235 1110 3273 non
1142 3220 1196 3274 in
1221 3220 1458 3287 deserto,
1489 3221 1582 3277 sed
1611 3223 1664 3278 in

94 3312 254 3367 medio
282 3310 418 3376 foro,
439 3325 545 3366 non
567 3311 844 3382 pecuniam
865 3313 1225 3380 impensurus,
1248 3327 1344 3368 nec
1363 3313 1666 3383 jumentum

96 3404 457 3471 conducturus,
487 3405 567 3458 vel
597 3404 828 3474 aliquem
859 3404 1047 3475 procul
1075 3405 1354 3470 missurus,
1382 3404 1476 3460 sed
1506 3406 1666 3462 verba

97 3507 278 3550 tantum
323 3498 646 3568 prolaturus,
694 3498 960 3552 cunctaris
1008 3512 1072 3552 ac
1115 3497 1331 3567 refugis,
1357 3507 1516 3568 atque
1548 3498 1666 3554 sine

96 3590 440 3646 misericordia
494 3591 898 3660 prmtercurris?
946 3590 1014 3646 Et
1058 3591 1327 3659 quomodo
1378 3605 1566 3657 speras
1616 3600 1668 3647 te

95 3681 241 3737 Deum
288 3697 538 3750 umquam
587 3682 872 3751 propitium
900 3681 1205 3737 habiturum
1240 3683 1397 3737 esse?
1422 3681 1540 3737 Jam
1572 3698 1666 3738 vos

94 3778 312 3847 alloquar
338 3778 429 3848 qui
460 3778 513 3832 in
543 3778 657 3832 foro
685 3777 938 3833 indecore
959 3777 1137 3848 agitis,
1159 3793 1388 3849 eumque
1407 3780 1495 3849 qui
1522 3779 1669 3835 laedit

93 3878 137 3921 et
165 3869 335 3939 inique
364 3869 494 3940 agit.
542 3868 635 3922 Dic
665 3868 814 3935 mihi,
844 3869 1025 3939 plagas
1055 3869 1269 3934 incutis,
1300 3869 1536 3925 calcibus
1563 3871 1666 3924 im-

94 3961 230 4028 petis,
259 3970 313 4014 et
340 3959 596 4014 mordes?
623 3959 796 4016 Susne
823 3960 1066 4016 silvester
1095 3974 1171 4026 es,
1203 3961 1286 4015 vel
1308 3962 1539 4031 onager?
1560 3961 1668 4017 Nec

96 4064 136 4109 te
158 4055 331 4123 pudet,
362 4069 464 4110 nec
491 4055 784 4117 erubescis,
816 4053 884 4113 ita
912 4053 1185 4118 ell‘eratus,
1216 4054 1304 4123 qui
1332 4054 1665 4110 nobilitatem

98 4156 220 4200 tuam
263 4146 583 4218 prodidisti?
625 4145 682 4200 Si
732 4145 873 4200 enim
906 4161 1105 4215 pauper
1131 4161 1212 4212 es,
1253 4154 1307 4200 at
1337 4147 1473 4202 liber
1498 4162 1589 4214 es;
1620 4147 1668 4204 si

95 4239 262 4293 artifex
286 4253 370 4302 es,
414 4237 509 4293 sed
535 4237 893 4294 Christianus.
926 4237 1003 4292 Ευ
1031 4238 1147 4308 ipso
1176 4236 1315 4306 quod
1354 4253 1556 4310 pauper
1583 4253 1664 4306 es,

95 4332 351 4399 quiescere
375 4331 563 4386 debes.
592 4331 723 4386 Nam
753 4330 973 4386 divitum
1003 4340 1086 4386 est
1116 4331 1344 4402 litigare,
1377 4348 1485 4388 non
1533 4348 1666 4403 pau-

97 4438 294 4488 perum;
336 4423 582 4486 divitum,
631 4424 867 4493 inquam,
903 4423 992 4493 qui
1023 4423 1217 4478 multas
1247 4423 1441 4480 habent
1457 4424 1666 4495 jurgio-

99 4529 194 4569 rum
220 4529 428 4570 causas.
459 4514 538 4568 Tu
579 4506 705 4568 vero
743 4514 832 4584 qui
877 4514 1178 4569 divitiarum
1206 4515 1531 4584 voluptatem
1559 4531 1664 4570 non

98 4607 258 4673 babes,
287 4608 425 4662 mala
456 4618 630 4662 tamen
651 4605 950 4662 divitiarum
978 4607 1197 4677 quznris,
1224 4606 1528 4662 inimicitias
1549 4607 1664 4671 tibi,

98 4703 448 4756 contentiones
497 4710 550 4755 et
579 4700 722 4755 rixas
750 4701 1043 4765 attrahens,
1076 4700 1291 4754 fratrem
1322 4703 1578 4770 praet‘ocas
1612 4712 1667 4756 et

97 4794 243 4862 augis,
288 4803 342 4847 et
377 4793 588 4861 publice
616 4791 717 4847 sub
745 4792 982 4846 omnium
1009 4791 1179 4847 oculis
1211 4793 1506 4861 prosternis
1532 4813 1544 4848 :
1570 4808 1669 4848 nec

98 4892 140 4936 te
157 4895 298 4952 putas
325 4883 498 4954 magis
523 4882 775 4937 indecore
800 4897 980 4953 agerc,
1004 4882 1130 4941 dum
1158 4882 1384 4940 fetarum
1412 4883 1668 4954 impetum

100 4971 317 5040 imitaris,
365 4973 661 5044 quinetiam
707 4973 812 5028 illis
848 4973 1080 5028 deterior
1115 4973 1340 5031 ell‘ectus
1366 4990 1446 5030 es.
1479 4975 1668 5032 Omnia

98 5068 264 5134 quippe
293 5067 400 5120 illis
428 5063 732 5120 communia
762 5073 904 5130 sunt,
935 5064 1093 5119 simul
1121 5077 1532 5138 congregantur,
1559 5084 1666 5123 una

101 5156 360 5223 incedunt;
407 5158 564 5213 nobis
607 5172 736 5213 vero
767 5157 898 5212 nihil
925 5173 1209 5216 commune
1235 5169 1336 5224 est,
1369 5161 1462 5215 sed
1489 5161 1668 5218 omnia

98 5263 171 5303 aus
207 5252 375 5320 deque
418 5252 588 5319 posita
619 5257 765 5314 sunt,
799 5251 946 5316 rixze,
973 5251 1366 5320 contentiones,
1403 5253 1666 5321 convicia,

3264 295 3370 353 238

1777 383 2088 455 inimicititn,
2108 390 2470 448 contumeliae.
2517 393 2624 451 Sed
2651 413 2825 469 neque
2851 401 3041 457 caelum
3074 404 3243 475 ipsum
3279 425 3368 463 re-

1775 489 2045 542 veremur,
2072 493 2178 548 quo
2205 495 2392 537 omnes
2420 482 2580 540 simul
2609 490 2787 544 vocati
2811 506 3019 558 sumus,
3050 511 3226 565 neque
3252 507 3364 552 lcr-

1775 581 1891 620 ram
1934 583 2053 638 qua:
2102 571 2256 627 nobis
2303 576 2553 631 omnibus
2604 579 2840 646 obvenit,
2895 599 3070 655 neque
3119 599 3367 647 naturam

1775 656 1945 725 ipsam
1978 677 1991 712 :
2019 660 2112 716 sed
2161 663 2342 719 omnia
2391 666 2552 722 simul
2608 670 2684 724 ira
2737 679 2792 726 et
2838 688 2989 728 amor
3022 679 3367 744 pecuniarum

1776 747 2073 819 dissipavit.
2105 753 2220 809 Non
2267 756 2418 812 vides
2459 759 2608 814 illum
2638 763 2726 831 qui
2755 762 2940 819 decem
2977 768 3139 823 millia
3173 771 3377 825 talenta

1775 840 2024 907 debebat,
2057 854 2336 916 postquam
2383 848 2469 904 illa
2509 851 2611 906 sibi
2643 855 2862 908 remissa
2895 857 3120 926 fuerant,
3146 875 3370 915 conser-

1777 945 1901 985 vum
1942 948 2098 988 suum
2139 938 2489 994 sulfocantem
2547 957 2643 1011 pro
2683 955 2898 1000 centum
2943 948 3194 1016 denariis,
3240 960 3375 1022 quot

1777 1021 1914 1073 mala
1945 1023 2106 1077 subiit
2141 1037 2193 1079 et
2219 1029 2489 1097 quomodo
2518 1041 2720 1087 aeterno
2751 1035 2974 1091 traditus
3005 1038 3068 1092 sit
3107 1021 3372 1109 supplicio

1777 1111 2007 1181 (Matth.
2043 1116 2130 1170 18.
2163 1116 2252 1173 28.
2294 1136 2401 1190 sqq.
2425 1119 2486 1192 )7
2528 1121 2642 1178 Non
2692 1126 2847 1180 times
2887 1131 3368 1199 exemplumi'non

1779 1208 1970 1261 metuis
1999 1225 2067 1264 ne
2093 1218 2148 1264 tu
2178 1211 2366 1267 eadem
2390 1215 2644 1283 patiaris?
2673 1218 2880 1273 Etenim
2909 1236 3006 1276 nos
3026 1240 3236 1294 qunque
3264 1226 3372 1281 Do-

1781 1297 1926 1350 mino
1954 1297 2180 1365 plurima
2211 1318 2507 1374 magnaque
2531 1307 2822 1375 debemus;
2854 1311 2941 1366 ille
2979 1323 3152 1368 tamen
3177 1332 3368 1386 exspe-

1779 1397 1888 1442 ctat
1932 1399 1985 1443 et
2027 1392 2289 1459 patienter
2335 1397 2441 1464 agit
2473 1416 2486 1452 :
2521 1414 2627 1454 non
2656 1401 2837 1466 instat,
2870 1412 2927 1458 ut
2966 1420 3066 1460 nos
3093 1410 3366 1463 conservis

1781 1480 1977 1534 nostris
2005 1497 2018 1533 :
2050 1497 2156 1536 non
2189 1500 2286 1538 nos
2315 1487 2461 1557 angit
2485 1497 2540 1542 et
2564 1489 2788 1547 suﬂ‘ocat
2819 1511 2832 1548 :
2859 1504 3006 1551 certe
3030 1497 3074 1551 si
3103 1499 3185 1552 vel
3211 1499 3368 1553 mini-

1777 1583 1918 1622 mam
1942 1580 2146 1639 partem
2175 1575 2337 1629 vellet
2356 1591 2385 1628 a
2410 1578 2561 1632 nobis
2581 1581 2816 1650 exigere,
2839 1583 2948 1653 jam
2967 1586 3092 1640 olim
3117 1589 3368 1656 periisse-

1777 1674 1918 1714 mus.
1948 1659 2072 1715 llaec
2115 1662 2295 1733 itaque
2321 1667 2640 1736 cogitantes,
2675 1671 2878 1738 dilecti,
2919 1674 3279 1744 humiliemur,
3311 1688 3368 1734 ct

1777 1749 2110 1809 debitoribus
2154 1758 2350 1811 n05tris
2397 1760 2622 1828 gratiam
2673 1762 3008 1821 habeamus:
3054 1779 3178 1823 sunt
3219 1773 3370 1825 enim

1777 1843 1951 1909 nobis,
1999 1846 2044 1900 si
2067 1846 2529 1917 philosophemur,
2549 1856 2760 1909 occasio
2791 1860 3036 1914 maxima:
3083 1862 3362 1932 indulgeo-

1777 1933 1864 1987 tia:
1893 1952 1905 1987 :
1937 1944 1992 1990 et
2024 1951 2184 2005 pauca
2208 1937 2415 2000 dantes.
2442 1941 2667 2009 plurima
2689 1947 3030 2016 accipiemus.
3051 1949 3186 2017 Quid
3209 1954 3367 2022 igitur

1778 2023 2040 2080 violenter
2081 2027 2148 2080 ab
2190 2043 2256 2082 eo
2302 2031 2491 2100 exigis,
2530 2048 2651 2086 cum
2698 2045 2988 2105 oporteret,
3015 2043 3224 2096 etiamsi
3251 2044 3366 2113 ipse

1776 2115 1986 2170 solvere
2030 2117 2217 2185 vellet,
2263 2118 2501 2174 debitum
2552 2125 2847 2193 remittere,
2895 2138 2952 2182 ut
2990 2138 3161 2186 toturn
3192 2148 3222 2187 a
3254 2133 3370 2189 Deo

1776 2205 2082 2274 acciperes?
2105 2206 2257 2263 Nunc
2285 2225 2414 2264 vero
2438 2211 2566 2266 nihil
2595 2229 2701 2268 non
2723 2217 2857 2286 agis,
2889 2219 2994 2273 vim
3027 2220 3212 2288 infers,
3236 2238 3367 2278 con-

1779 2296 1972 2364 tendis,
2006 2306 2062 2352 ttt
2089 2297 2182 2354 tibi
2210 2299 2340 2354 nihil
2367 2316 2432 2356 ex
2459 2302 2652 2359 debitis
2687 2307 2788 2360 tuis
2833 2310 3165 2376 remittatur;
3198 2323 3251 2368 et
3284 2316 3366 2368 vi-

1776 2387 1922 2443 deris
1964 2387 2181 2458 quidem
2220 2392 2465 2461 proximo
2511 2403 2600 2448 tuo
2641 2397 2940 2453 molestiam
2990 2401 3209 2469 inferre,
3235 2403 3364 2460 dum

1774 2481 2009 2552 gladium
2037 2483 2130 2538 tibi
2157 2484 2432 2552 admoves,
2463 2498 2514 2542 et
2537 2487 2792 2558 gehenna:
2818 2493 3132 2562 supplicium
3164 2511 3362 2567 auges;

1776 2576 1819 2629 si
1850 2584 2028 2631 autem
2051 2577 2132 2631 vel
2157 2578 2420 2633 tantillum
2451 2580 2537 2634 hic
2583 2580 2995 2651 philosopheris,
3028 2585 3257 2644 leviores
3281 2588 3364 2644 ef-

1775 2666 1892 2720 licis
1929 2667 2166 2723 rationes
2205 2684 2497 2740 ptenasque
2528 2679 2666 2726 tuas.
2699 2673 2908 2729 Etenim
2933 2676 3072 2731 Deus
3100 2677 3220 2732 ideo
3249 2680 3365 2735 vult

1776 2764 1831 2809 ut
1859 2755 1999 2825 apud
2026 2772 2123 2812 nos
2153 2757 2454 2828 hujusmodi
2479 2760 2772 2817 liberalitas
2799 2764 3019 2831 oriatur,
3046 2775 3103 2821 ut
3130 2771 3366 2824 occasio-

1775 2861 1898 2902 nem
1945 2846 2071 2903 hinc
2111 2859 2290 2919 captet
2337 2850 2561 2920 plurima
2609 2853 2766 2908 nobis
2807 2854 3060 2911 donandi.
3093 2857 3366 2929 Quotquot

1774 2939 1934 3007 igitur
1978 2939 2248 2996 debitores
2291 2943 2382 2997 tibi
2427 2953 2570 3010 sunt,
2618 2945 2730 3000 sive
2773 2945 2839 3001 de
2876 2949 3133 3017 pecuniis,
3161 2951 3272 3005 sive
3295 2951 3366 3006 de

1773 3029 1992 3086 oll‘ensis
2019 3042 2227 3101 agatur,
2271 3033 2368 3088 hos
2395 3049 2583 3090 omnes
2611 3036 2819 3093 dimitte
2863 3038 3080 3108 liberos,
3112 3048 3167 3096 et
3193 3057 3224 3095 a
3253 3043 3368 3098 Deo

1775 3125 2005 3193 postula,
2053 3133 2112 3180 ut
2163 3135 2322 3182 tanta:
2370 3129 2820 3199 magnanimitatis
2864 3131 2956 3186 tibi
2994 3133 3139 3189 vices
3168 3149 3364 3204 repen-

1772 3212 1985 3270 dantur.
2029 3216 2211 3273 Donec
2253 3218 2396 3274 enim
2443 3220 2586 3290 ipsos
2629 3221 2904 3278 debitores
2928 3223 3167 3292 habebis,
3197 3226 3362 3282 Deum

1772 3306 2069 3364 debitorem
2109 3326 2213 3364 non
2260 3311 2520 3380 habebis;
2569 3314 2651 3368 sin
2683 3314 2805 3370 illos
2835 3316 3032 3372 liberos
3073 3318 3362 3387 dimiseris,

1773 3399 1973 3468 poteris
2005 3415 2037 3454 a
2089 3401 2199 3457 Deo
2242 3403 2456 3473 exigere
2495 3420 2617 3458 cum
2668 3406 2918 3461 instantia
2963 3423 3152 3479 magna
3205 3419 3364 3465 tanta:

1774 3488 2127 3559 philosophia:
2173 3493 2503 3548 mercedem.
2553 3494 2610 3549 Si
2653 3496 2796 3554 enim
2841 3496 3002 3553 homo
3030 3500 3360 3568 prmteriens,

1773 3580 2064 3652 vidensque
2086 3591 2136 3637 te
2163 3583 2459 3639 debitorem
2506 3593 2710 3653 tenere,
2734 3587 2948 3657 juberet
2985 3599 3038 3646 te
3079 3591 3248 3661 ipsum
3277 3593 3364 3647 di-

1774 3673 2010 3737 mittere,
2054 3682 2109 3728 et
2138 3674 2234 3728 abs
2271 3690 2331 3729 se
2359 3675 2598 3732 debitum
2625 3694 2928 3747 reposcere,
2957 3696 3063 3736 non
3089 3695 3235 3739 certe
3276 3687 3360 3740 iu-

1773 3772 1957 3832 gratus
2003 3764 2077 3818 illi
2122 3764 2262 3820 foret
2303 3775 2425 3835 post
2468 3768 2862 3836 remissionem,
2894 3779 3076 3842 utpote
3103 3775 3192 3844 qui
3219 3776 3270 3830 in
3301 3790 3364 3833 se

1775 3864 1944 3911 totum
1991 3857 2662 3928 transtuleritzquomodo
2711 3861 2853 3916 Deus
2901 3878 3008 3918 non
3061 3865 3211 3935 plura
3236 3867 3360 3934 alia,

1774 3948 1883 4003 imo
1921 3949 2118 4004 millies
2149 3950 2299 4020 plura
2329 3950 2538 4018 reddet,
2561 3967 2683 4007 cum
2713 3953 2828 4022 ejus
2864 3966 3134 4027 prmcepto
3155 3959 3365 4014 obtem-

1773 4047 2044 4110 perantes,
2067 4039 2335 4098 debitores
2359 4053 2592 4110 nostros,
2617 4059 2716 4100 nec
2733 4061 2974 4114 parvum,
2995 4064 3093 4104 nec
3113 4065 3363 4120 magnum

1773 4132 1843 4188 ab
1882 4134 1961 4189 eis
1989 4135 2409 4204 expostulantes,
2459 4135 2825 4192 dimiserimus
2869 4154 3086 4209 prorsus
3128 4142 3364 4197 liberos?

1773 4224 1851 4281 Ne
1880 4235 2278 4295 temporaneam
2300 4226 2442 4282 illam
2467 4228 2791 4299 voluptatem
2812 4232 3169 4297 attendamus,
3201 4251 3360 4304 quam

1773 4319 1953 4374 debita
1985 4327 2292 4388 repetentes
2318 4320 2641 4390 accipimus;
2682 4323 2779 4378 sed
2809 4324 3060 4379 damnum
3091 4327 3219 4381 illud
3243 4339 3362 4382 tan-

1775 4419 1909 4475 tum,
1933 4410 2074 4481 quod
2103 4411 2156 4464 in
2182 4411 2357 4464 futuro
2395 4422 2787 4482 exspectamus,
2821 4415 2874 4469 in
2905 4416 3058 4471 bonis
3085 4418 3363 4474 immorta-

1775 4501 1914 4557 libus
1961 4516 2059 4554 nos
2107 4501 2250 4569 ipsos
2300 4501 2574 4557 Iadentes.
2603 4503 2864 4559 Omnibus
2903 4521 3032 4576 ergo
3059 4510 3365 4578 superiores

1774 4589 1921 4657 facti,
1971 4590 2263 4661 largiamur
2306 4602 2361 4647 et
2405 4594 2656 4662 pecunias
2681 4605 2735 4650 et
2779 4595 3007 4652 offensas
3035 4598 3365 4658 debitoribus

1775 4683 1993 4750 nostris,
2022 4695 2074 4739 ut
2098 4683 2326 4742 leviores
2352 4687 2506 4743 nobis
2527 4689 2760 4744 rationes
2777 4689 3072 4746 reddendas
3093 4708 3361 4762 paremus;

1774 4787 1830 4832 et
1857 4777 2000 4847 quod
2027 4793 2131 4832 non
2172 4779 2437 4848 potuimus
2467 4795 2562 4850 per
2587 4781 2717 4837 alias
2745 4782 2968 4839 virtutes
2994 4785 3232 4855 assequi,
3273 4803 3366 4854 per

1774 4871 2097 4927 oblivionem
2133 4873 2448 4942 iujuriarum
2463 4886 2872 4946 consequentes,
2890 4886 3089 4932 mterna
3106 4878 3191 4932 adi
3199 4879 3362 4947 pisea-

1775 4980 1895 5019 mur
1925 4964 2084 5024 bona.
2114 4967 2280 5034 gratia
2313 4975 2365 5020 et
2393 4965 2759 5023 misericordia
2806 4969 3012 5023 Domini
3039 4970 3205 5023 nostri
3235 4970 3361 5024 Jesu

1777 5057 1994 5120 Christi,
2038 5057 2124 5110 cui
2167 5057 2334 5126 gloria
2379 5069 2432 5112 et
2463 5059 2764 5127 imperium,
2794 5074 2936 5114 nunc
2961 5068 3016 5114 et
3042 5074 3274 5129 semper,
3313 5069 3369 5116 et

1780 5148 1834 5209 in
1859 5148 2048 5204 Siccula
2079 5149 2414 5203 saeculorum.
2446 5148 2637 5202 Amen.

1675 5348 1728 5354 -ς
1773 5347 1982 5355 -.——-__—._..

1441 5421 1789 5483 HOMILIA
1836 5422 2003 5482 XVI.

101 5523 208 5578 Cir.
251 5528 300 5583 5.
344 5543 395 5581 v.
439 5529 528 5581 Π.
576 5524 753 5579 Nolite
792 5535 988 5594 putare,
1034 5527 1170 5594 quod
1225 5530 1440 5582 venerim
1485 5530 1674 5585 solvere

578 5618 738 5688 legem
769 5625 857 5670 aut
881 5617 1172 5687 prapltetos.

166 5713 204 5768 ι.
231 5713 388 5785 Quare
423 5715 664 5770 Christus
687 5729 740 5769 se
761 5729 859 5768 non
893 5713 1083 5768 solvere
1113 5714 1269 5786 legem
1297 5717 1560 5770 assctucrit
1577 5731 1596 5782 ,'
1628 5726 1676 5772 ct

1780 5545 1871 5581 cur
1895 5545 1994 5581 non
2023 5545 2192 5581 ontma
2207 5531 2351 5597 quasi
2375 5528 2674 5582 auctoritate
2690 5545 2782 5582 sua
2804 5529 3053 5600 faciat.—
3069 5526 3198 5594 Quis
3225 5527 3368 5582 enim

1780 5620 1832 5676 id
1860 5619 2035 5675 fuerat
2063 5621 2402 5690 suspicatus?
2431 5631 2521 5676 aut
2552 5622 2670 5692 quis
2696 5623 2986 5691 obiecerat,
3029 5629 3088 5675 ut
3118 5619 3240 5673 huic
3269 5622 3369 5672 ob-

1776 5713 1998 5786 Jectioni
2025 5715 2365 5774 occurreret?
2396 5713 2578 5788 Neque
2603 5715 2741 5772 enim
2773 5730 2836 5771 cx
2869 5714 3024 5771 dictis
3047 5713 3166 5768 talis
3190 5710 3368 5782 suspi-
