3856 6180
484 271 594 326 239

474 383 562 436 cio
587 378 861 436 oriebatur
891 395 908 433 :
941 391 1065 433 nam
1106 377 1249 447 quod
1291 377 1504 447 juberet
1532 376 1689 431 mites
1709 389 1851 441 esse,
1877 370 2067 426 mode-

476 486 613 539 stos,
669 470 1066 538 misericordes,
1123 470 1353 525 mundos
1408 469 1571 525 corde
1620 476 1677 523 et
1724 481 1822 537 pro
1856 463 2067 536 justitia

474 567 778 629 decertare,
810 562 941 619 nihil
972 562 1149 618 simile
1178 561 1483 625 indicebat;
1514 561 1623 614 imo
1650 559 1773 613 huic
1800 558 1876 612 rei
1908 570 2075 625 oppo-

476 658 638 711 situm
662 664 797 710 erat.
820 654 934 721 Qua
955 668 1082 723 ergo
1102 652 1167 707 de
1187 667 1346 706 causa
1370 652 1469 705 hoc
1488 650 1663 705 dixit?
1678 648 1791 703 Νοη
1810 649 2077 701 incassum

478 763 580 801 nec
610 746 838 808 frustra;
871 745 963 800 sed
1011 744 1132 815 quia
1162 743 1433 799 veteribus
1464 741 1741 812 praeceptis
1767 739 1968 809 majora
1994 738 2075 792 la-

480 849 632 892 turus
665 847 802 900 erat,
832 837 1019 891 dicens
1047 856 1061 890 :
1092 835 1336 900 Audistis,
1361 834 1478 904 quia
1518 835 1709 886 dictum
1735 841 1808 886 est
1834 829 2073 897 antiquis,

479 927 602 981 Non
623 928 847 992 occides;
868 944 957 997 ego
972 935 1139 981 autem
1157 926 1269 979 dico
1285 926 1439 991 vobis,
1451 924 1529 977 Ne
1546 922 1837 977 irascamini
1863 919 2075 992 (Matth.

479 1018 533 1072 5.
556 1018 618 1074 2t
639 1018 784 1087 .22);
814 1017 1118 1072 utdivinam
1134 1017 1413 1086 quamdam
1432 1030 1493 1069 ac
1504 1015 1767 1070 easiestem
1789 1013 1927 1066 viam
1955 1026 2079 1081 ape-

493 1111 638 1172 riret,
688 1126 756 1163 ne
800 1110 876 1163 rei
927 1108 1134 1162 novitas
1171 1106 1469 1161 auditorum
1500 1106 1708 1160 animos
1738 1104 1993 1164 turbaret,
2026 1111 2080 1156 et

489 1200 555 1256 ad
582 1200 932 1255 dubitandum
959 1199 1026 1254 de
1054 1199 1211 1254 dictis
1236 1199 1543 1261 adduceret,
1574 1196 1674 1251 hac
1694 1196 1860 1250 utitur
1880 1192 2078 1261 pnevia

486 1292 751 1346 cautione.
780 1290 997 1344 Etiamsi
1040 1290 1181 1343 enim
1212 1288 1381 1359 legem
1413 1304 1518 1342 non
1547 1287 1847 1355 implerent,
1876 1294 2069 1351 magno

490 1394 667 1438 tamen
695 1396 819 1451 erga
864 1381 1006 1435 illam
1043 1382 1358 1435 tenebantur
1400 1379 1613 1443 atfectu,
1645 1391 1707 1431 ac
1749 1376 1873 1430 licet
1910 1375 2077 1442 ipsam

488 1471 726 1542 quotidie
776 1472 1057 1536 violarent,
1108 1472 1286 1524 literas
1325 1479 1500 1524 tamen
1549 1468 1797 1523 volebant
1834 1467 2082 1519 immotas

494 1578 734 1627 manere,
787 1562 1024 1632 nihilque
1068 1563 1198 1631 ipsis
1244 1563 1433 1631 adjici;
1482 1562 1590 1616 imo
1618 1575 1747 1615 vero
1783 1558 2024 1629 quardam
2051 1572 2081 1611 a

492 1653 821 1724 principibus
862 1654 973 1709 suis
1002 1653 1179 1708 addita
1209 1654 1510 1719 tuebantur,
1555 1667 1674 1723 quae
1710 1660 1855 1706 certe
1887 1666 1989 1703 non
2016 1647 2084 1702 ad

491 1746 703 1812 melius,
731 1746 823 1801 sed
850 1745 917 1800 ad
947 1745 1099 1815 pejus
1129 1747 1438 1815 vergebant.
1466 1743 1678 1799 Etenim
1705 1743 1964 1796 honorem
1992 1754 2086 1809 pa-

494 1839 737 1894 rentibus
767 1838 1005 1893 debitum
1050 1838 1133 1892 his
1158 1837 1538 1892 additamentis
1564 1836 1859 1900 solverunt,
1902 1840 1958 1887 et
1982 1832 2083 1885 alia

497 1930 721 2000 plurima
785 1930 1104 1999 importunis
1163 1929 1522 1984 additionibus
1584 1925 2082 1997 pessumdedernnt.

496 2021 759 2086 Quoniam
783 2036 911 2090 ergo
935 2020 1181 2076 Christus
1210 2036 1275 2076 ex
1303 2018 1619 2075 sacerdotali
1648 2018 1785 2073 tribu
1814 2033 1920 2071 non
1947 2022 2082 2080 erat,

496 2122 554 2167 et
600 2127 719 2182 qua:
771 2113 888 2183 ipse
934 2114 1244 2169 inducturus
1287 2121 1440 2178 erat,
1502 2111 1920 2166 additamentum
1972 2116 2085 2163 erat

497 2204 807 2274 quodpiam,
838 2205 976 2274 quod
1007 2205 1249 2259 virtutem
1274 2220 1378 2258 non
1407 2203 1690 2267 minueret,
1716 2201 1809 2256 scd
1840 2208 2084 2270 augeret:

504 2293 618 2347 haec
642 2294 800 2347 ambo
828 2293 1148 2363 prmvidens,
1177 2309 1296 2364 qua:
1322 2294 1465 2365 ipsos
1492 2294 1763 2347 turbatura
1789 2300 1960 2354 erant,
1989 2305 2086 2342 an-

504 2395 715 2454 tequam
741 2385 1080 2439 admirandas
1107 2385 1223 2439 illas
1268 2385 1411 2455 leges
1450 2384 1650 2455 scripto
1681 2382 1817 2438 tradi
1853 2389 2086 2447 curaret,

505 2475 634 2530 illud
681 2476 854 2546 rcjicit
897 2476 1040 2545 quod
1084 2476 1187 2530 illis
1237 2476 1288 2530 in
1332 2486 1564 2531 mentem
1618 2485 1901 2530 venturum
1950 2480 2087 2526 erat.

503 2567 638 2633 Quid
666 2582 793 2621 vero
820 2567 946 2623 illud
973 2576 1090 2622 erat
1113 2568 1257 2639 quod
1279 2567 1594 2637 subreperet
1617 2566 1845 2633 etobjici
1868 2565 2093 2635 posset?

505 2659 773 2714 Putabant
815 2660 959 2714 illum
1005 2660 1121 2715 hazc
1164 2659 1345 2715 dicere
1391 2660 1457 2713 ad
1490 2660 1677 2730 legalia
1724 2668 1903 2712 vetera
1932 2657 2094 2711 abro-

502 2749 697 2819 ganda.
725 2750 879 2805 llauc
925 2750 1103 2820 itaque
1140 2758 1290 2805 sanat
1328 2750 1656 2821 Opinionem.
1684 2749 1865 2818 Neque
1890 2749 1975 2802 hic
2001 2763 2092 2802 so-

509 2841 619 2894 lum
650 2840 751 2895 hoc
796 2839 943 2905 facit,
985 2840 1079 2895 sed
1106 2848 1160 2895 et
1187 2840 1312 2895 alibi
1341 2856 1572 2909 quoque.
1611 2840 1744 2909 Quia
1773 2840 1915 2894 enim
1948 2839 2093 2893 illum

506 2930 873 2985 adversarium
907 2931 1015 2985 Deo
1039 2930 1329 2986 credebant
1355 2971 1369 2996 ,
1403 2945 1469 2985 eo
1509 2931 1649 3000 quod
1680 2929 1956 2983 sabbatum
1988 2944 2091 2981 non

508 3028 779 3085 servaret,
814 3030 872 3075 ut
895 3021 1033 3076 hanc
1058 3021 1270 3076 illorum
1298 3021 1654 3091 suspicionem
1680 3029 1922 3074 amoveat
1942 3062 1955 3082 ,
1990 3020 2097 3074 illic

510 3126 724 3181 quoque
744 3110 1086 3167 defensiones
1110 3112 1399 3181 expromit,
1424 3111 1649 3182 illasque
1675 3111 1773 3164 sibi
1802 3125 2099 3179 congruen-

511 3214 594 3257 tes
622 3220 636 3257 :
662 3211 719 3257 ut
745 3217 865 3257 eum
895 3201 1022 3257 dicit
1046 3220 1059 3256 :
1091 3201 1248 3257 Pater
1276 3220 1414 3257 nisus
1439 3213 1693 3273 operatur,
1727 3212 1773 3256 et
1801 3220 1893 3273 ego
1920 3220 2101 3274 operor

511 3293 532 3364 (
556 3291 713 3350 Joan.
740 3293 794 3350 5.
822 3294 884 3348 l7
907 3292 959 3365 );
991 3294 1122 3348 alias
1146 3309 1273 3349 vero
1302 3293 1617 3355 demissiore
1650 3294 1809 3349 modo
1841 3294 2093 3363 prolatas,

513 3393 572 3437 ut
597 3398 719 3438 cum
747 3401 901 3439 ovem
929 3385 982 3438 in
1018 3384 1250 3441 medium
1281 3384 1438 3441 aliert
1474 3386 1525 3439 in
1574 3385 1795 3440 sabbato
1818 3385 2098 3455 perditam,

510 3482 567 3527 et
585 3474 815 3529 ostendit
835 3474 901 3529 ad
921 3475 1037 3543 ejus
1058 3476 1281 3531 salutem
1306 3476 1473 3547 legem
1502 3476 1665 3532 fuisse
1700 3477 1924 3531 solutam
1950 3518 1965 3543 ,
1995 3478 2102 3532 cir-

512 3567 892 3622 cumcisionent
919 3583 1129 3639 quoque
1156 3568 1380 3639 idipsum
1421 3569 1697 3624 facientem
1718 3579 2105 3625 commemorat

514 3658 537 3729 (
569 3656 755 3713 Matth.
787 3660 877 3715 l2.
909 3661 996 3715 ll.
1029 3660 1096 3714 l2
1119 3662 1160 3730 ).
1192 3660 1315 3716 Ideo
1352 3661 1555 3717 scilicet
1575 3659 1941 3716 humilioribus
1961 3678 2105 3732 saepe

482 3806 485 3807 ν
520 3748 701 3803 verbis
726 3749 961 3819 loquitur
981 3791 1000 3817 ,
1033 3759 1092 3806 ut
1119 3752 1426 3821 opinionem
1466 3752 1609 3806 illam
1635 3794 1650 3817 ,
1682 3767 1786 3822 qua
1826 3753 2105 3822 putabatur

519 3839 634 3907 ipse
660 3839 772 3895 Deo
790 3839 1081 3907 adversari,
1110 3842 1429 3898 eliminarct.
1460 3842 1663 3898 Idcirco
1687 3842 1777 3914 qui
1804 3844 1967 3897 verbo
1986 3844 2103 3899 solo

514 3928 831 3986 innumeros
857 3940 1099 3987 mortuos
1124 3934 1491 3997 suscitaverat,
1514 3948 1635 3987 cum
1662 3933 1919 3988 Lazarum
1944 3949 2104 3990 voca-

520 4021 617 4085 vit,
639 4030 692 4077 et
711 4022 1006 4078 orationem
1028 4023 1220 4093 adjecit
1237 4023 1508 4094 (Joon.ll.
1523 4025 1614 4095 il)
1632 4041 1645 4090 ;
1665 4024 1878 4091 deinde,
1900 4042 1969 4080 ne
1985 4026 2107 4083 hinc

521 4112 680 4169 Patre
698 4126 797 4167 suo
817 4113 993 4169 minor
1012 4113 1384 4170 ostenderetur
1399 4157 1413 4182 ,
1438 4124 1493 4170 et
1510 4123 1569 4170 ut
1590 4115 1725 4171 hanc
1745 4118 2105 4187 suspicionem

519 4203 871 4272 emendaret,
908 4204 1223 4276 subjunxit:
1256 4205 1379 4262 Haec
1402 4206 1511 4261 dixi
1540 4218 1745 4277 propter
1768 4209 1965 4263 turbam
2001 4210 2106 4264 cir-

521 4305 849 4351 cumstantem
868 4338 884 4363 ,
908 4306 961 4351 ut
980 4298 1187 4352 credant
1208 4298 1327 4368 quia
1355 4307 1409 4352 tu
1428 4314 1506 4354 me
1529 4300 1706 4353 misisti
1737 4299 1895 4373 (Ibid.
1921 4316 1969 4355 υ.
1987 4301 2103 4371 42).

492 4436 497 4437 ,
520 4385 707 4457 Neque
734 4388 912 4443 omnia
932 4388 1083 4458 quasi
1110 4404 1206 4445 sua
1227 4391 1544 4446 auctoritate
1570 4391 1712 4459 facit,
1735 4402 1793 4446 ut
1814 4392 2108 4448 infirmitati

522 4493 709 4532 eorum
738 4494 796 4533 se
835 4489 1186 4550 attemperet;
1219 4496 1393 4551 neque
1417 4482 1576 4536 etiam
1606 4483 1786 4537 omnia
1816 4483 2109 4554 praemissis

526 4567 768 4637 precibus
786 4568 930 4635 facit,
949 4585 1018 4625 ne
1037 4572 1266 4639 posteris
1284 4572 1608 4644 relinqueret
1626 4574 1942 4642 suspicionis
1962 4589 2111 4645 argu-

525 4664 759 4712 mentum
778 4698 793 4720 ,
825 4660 975 4728 quasi
1005 4660 1209 4717 scilicet
1234 4662 1477 4716 infirmus
1502 4670 1559 4718 et
1587 4662 1849 4732 impotens
1875 4664 1979 4729 sit,
2010 4664 2105 4719 sed

412 4778 434 4796 ο
480 4792 483 4793 ν
526 4750 640 4808 lucc
659 4750 762 4805 illis
785 4762 837 4806 et
855 4751 939 4806 illa
961 4753 1046 4809 his
1060 4752 1338 4809 admiscet.
1365 4754 1495 4808 lllud
1514 4756 1814 4809 autemnon
1838 4754 1954 4809 sine
1972 4764 2109 4810 tem-

524 4852 837 4917 peramento
860 4844 1011 4912 facit,
1032 4845 1124 4901 sed
1146 4861 1268 4901 cum
1288 4842 1496 4904 decenti
1518 4848 1616 4902 sibi
1639 4848 1941 4917 prudentia.
1975 4850 2109 4905 Nam

521 4947 577 4992 et
600 4936 801 5007 majora
828 4938 949 4994 facit
973 4940 1124 5011 quasi
1146 4949 1459 5010 potestatem
1487 4940 1712 5008 habens,
1733 4951 1789 4997 et
1806 4943 1861 4997 in
1889 4944 2112 4999 minori-

523 5031 623 5084 bus
644 5030 708 5083 ad
727 5032 919 5087 caelum
937 5032 1173 5102 respicit.
1190 5031 1462 5102 Siquidem
1489 5047 1608 5088 cum
1633 5044 1845 5103 peccata
1871 5035 2111 5105 dimittit,

522 5134 644 5173 cum
675 5131 880 5178 secreta
914 5123 1154 5191 revelat,
1181 5132 1237 5179 et
1264 5123 1563 5193 paradisum
1602 5125 1807 5195 aperit,
1839 5139 1961 5180 cum
2003 5126 2113 5181 da:-

523 5225 710 5265 monas
758 5212 936 5281 pellit,
976 5229 1097 5270 cum
1141 5216 1384 5280 leprosos
1429 5217 1685 5284 numdat,
1724 5233 1848 5273 cum
1885 5229 2112 5274 mortem

492 5334 497 5339 ι
525 5300 699 5359 frenat
719 5345 732 5367 ,
752 5318 875 5359 cum
895 5315 1135 5363 mortuos
1154 5309 1375 5364 suscitat
1397 5309 1706 5367 innumeros
1725 5353 1740 5378 ,
1760 5311 1912 5382 jussu
1932 5314 2109 5367 omnia

526 5392 685 5459 facit;
715 5410 836 5450 cum
863 5407 1037 5454 autem
1059 5440 1075 5464 ,
1106 5401 1249 5471 quod
1281 5402 1445 5457 multo
1470 5405 1644 5457 minus
1669 5414 1785 5458 erat
1808 5441 1833 5469 ν
1855 5420 2019 5473 panes
2047 5422 2110 5458 ex

528 5488 712 5557 paucis
736 5490 932 5546 multos
961 5490 1107 5557 fecit,
1139 5503 1266 5550 tunc
1293 5494 1346 5549 in
1371 5496 1559 5550 caelum
1588 5497 1843 5565 respexit,
1877 5513 1970 5567 per
1998 5514 2113 5551 utn-

527 5579 614 5634 nia
640 5580 932 5636 ostcndens
958 5597 1018 5638 se
1045 5598 1152 5639 non
1183 5599 1249 5640 cx
1287 5584 1591 5642 inﬁrmitate
1621 5587 1723 5642 hoc
1752 5588 1946 5642 facere.
1979 5586 2112 5641 Nam

526 5676 629 5753 qui
647 5673 851 5746 majora
871 5680 1084 5745 poterat
1102 5690 1222 5732 cum
1249 5686 1513 5748 potestate
1537 5677 1733 5747 facere,
1764 5678 2032 5753 quomodo
2060 5680 2115 5735 in

1202 266 1261 322 S.
1300 264 1580 322 JOANNIS
1615 258 2086 320 CHRYSOSTOMI
2126 256 2446 315 ARClllEP.
2486 255 3030 314 CONSTANTINOP.‘

3665 262 3782 317 2m

2178 368 2473 423 minoribus
2500 382 2659 438 prece
2678 384 2814 439 opus
2841 369 3150 426 habuisset?
3175 369 3305 438 Sed,
3331 369 3475 441 quod
3496 370 3608 441 jzun
3636 372 3783 437 dixi,

2166 469 2238 515 ut
2274 461 2486 517 illorum
2527 461 2908 531 impudentiam
2935 472 3183 518 coerceat
3208 462 3311 519 hoc
3338 462 3482 518 facit.
3532 464 3785 533 ldipsum

2177 554 2482 609 existimato
2507 594 2521 619 ,
2552 570 2674 609 cum
2712 554 2862 610 vides
2890 558 3014 610 eum
3056 555 3274 611 humilia
3306 558 3467 610 verba
3500 553 3781 623 proferre.

2166 643 2312 700 :Nam
2341 655 2395 700 et
2423 647 2708 702 verborum
2747 655 2803 702 et
2838 661 3060 718 operum
3093 643 3395 714 huiusmodi
3435 645 3620 699 nuth
3652 654 3793 699 sunt

2180 751 2389 803 causae;
2414 739 2641 808 exempli
2664 739 2862 809 gratia;
2884 754 2950 792 ne
2972 755 3000 791 a
3025 738 3136 791 Deo
3164 745 3382 805 putetur
3400 751 3521 792 esse
3540 737 3787 801 alienus,

2182 829 2325 900 quod
2352 845 2539 885 omnes
2568 830 2777 885 erudiat
2803 837 2859 881 et
2886 837 3079 891 sanet,
3116 826 3259 897 quod
3292 827 3647 883 humilitatem
3677 827 3792 881 do-

2183 932 2298 975 ceat
2320 962 2335 984 ,
2362 921 2501 991 quod
2527 935 2688 975 carne
2716 917 3080 973 circumdetur
3099 960 3113 983 ,
3144 919 3283 988 quod
3313 934 3417 974 non
3446 919 3653 989 possint
3680 916 3779 974 Ju—

2183 1011 2283 1065 daei
2327 1012 2504 1065 omnia
2543 1007 2827 1063 confertim
2870 1010 3092 1075 audire,
3136 1010 3277 1080 quod
3319 1010 3509 1064 doceat
3550 1025 3617 1064 ne
3657 1011 3793 1081 quis

2184 1116 2432 1170 maguum
2459 1101 2581 1169 quid
2613 1100 2681 1156 de
2706 1100 2883 1170 seipso
2914 1102 3178 1170 loquatur.
3198 1102 3423 1171 Ideoque
3439 1118 3584 1172 saepe
3609 1102 3794 1156 multa

2184 1190 2402 1244 humilia
2415 1190 2484 1245 de
2504 1192 2682 1259 seipse
2701 1191 3097 1262 dicens,magna
3120 1192 3237 1247 aliis
3260 1192 3507 1263 relinquit
3523 1192 3791 1248 dicenda.

2253 1281 2308 1334 2.
2390 1282 2520 1336 Nam
2576 1283 2690 1352 ipse
2732 1299 2855 1338 cum
2907 1283 3105 1339 Iudicis
3157 1283 3468 1353 loqueretur
3513 1284 3738 1339 dicebat
3772 1303 3792 1339 .-

2184 1374 2465 1444 Antequam
2505 1374 2762 1431 Abraham
2806 1378 2966 1446 ﬁeret,
3012 1394 3103 1448 ego
3140 1394 3255 1430 sum
3282 1377 3479 1451 (Joan.
3513 1379 3569 1433 8.
3614 1379 3693 1435 58
3721 1379 3783 1449 );

2164 1468 2481 1538 'discipulus
2501 1479 2678 1524 autem
2710 1469 2826 1539 ejus
2856 1484 2960 1524 non
2989 1470 3081 1536 ita,
3112 1471 3229 1536 sed,
3262 1469 3327 1523 In
3372 1472 3627 1541 principio
3678 1482 3798 1525 erat

2158 1571 2162 1575 '
2196 1558 2432 1626 Verbum,
2455 1570 2500 1614 et
2537 1559 2750 1614 Verbum
2775 1573 2881 1614 erat
2908 1562 3047 1632 apud
3076 1560 3262 1627 Deum,
3286 1572 3330 1615 et
3361 1560 3500 1615 Deus
3523 1572 3632 1615 erat
3668 1561 3803 1615 Ver-

2192 1651 2308 1703 bum
2336 1649 2533 1720 (Joan.
2578 1651 2633 1705 ί.
2680 1650 2776 1721 1).
2808 1651 3062 1715 Rursum,
3107 1651 3249 1722 quod
3294 1653 3507 1720 caelum,
3561 1661 3800 1716 terram,

2189 1755 2337 1794 mare
2387 1739 2501 1809 ipse
2546 1738 2766 1807 fecerit,
2805 1756 2904 1796 nec
2956 1757 3062 1795 non
3123 1741 3348 1795 visibilia
3398 1750 3453 1795 et
3498 1742 3800 1796 invisibilia

2189 1829 2390 1896 omnia,
2420 1830 2536 1900 ipse
2583 1845 2875 1900 numquam
2930 1833 3074 1888 clare
3121 1832 3290 1898 dixit;
3320 1832 3614 1904 discipulus
3662 1848 3804 1889 vero

2189 1936 2311 1976 cum
2337 1921 2583 1977 libertate
2605 1938 2791 1993 magna
2823 1924 2957 1979 nihil
2979 1926 3317 1995 supprimens
3337 1968 3352 1993 ,
3385 1927 3590 1990 semel,
3621 1926 3715 1980 bis
3747 1935 3807 1980 et

2190 2013 2389 2084 pluries
2416 2014 2468 2070 id
2492 2016 2566 2070 ait
2589 2015 2798 2070 :Omm'a
2817 2034 2908 2086 per
2930 2018 3097 2087 ipsum
3129 2022 3264 2088 facta
3287 2028 3423 2086 siml,
3460 2028 3505 2073 et
3525 2021 3637 2073 sine
3682 2020 3806 2089 ipso

2192 2110 2383 2177 factum
2429 2117 2502 2162 est
2548 2109 2676 2163 nihil
2704 2110 2722 2180 (
2748 2108 2883 2164 Ibid.
2925 2128 2973 2164 υ.
3024 2111 3119 2179 3);
3152 2120 3225 2174 et,
3258 2110 3324 2165 In
3345 2112 3536 2165 mundo
3567 2122 3684 2165 erat
3709 2154 3726 2178 ,
3760 2124 3809 2165 et

2192 2196 2412 2251 mundus
2451 2215 2540 2267 per
2586 2198 2753 2267 ipsum
2798 2204 2961 2270 factus
3004 2211 3074 2255 est
3106 2200 3275 2271 (Ibid.
3326 2219 3374 2256 ια.
3428 2201 3548 2271 l0).
3586 2203 3807 2273 Ecquid

2194 2286 2405 2340 miraris
2427 2327 2443 2353 ,
2474 2287 2520 2342 si
2561 2288 2647 2343 alii
2678 2289 2879 2360 majora
2919 2290 2987 2346 de
3032 2291 3125 2347 illo
3161 2291 3429 2357 dixerunt,
3460 2307 3623 2363 quam
3659 2295 3807 2362 ipse,

2194 2379 2408 2448 quando
2446 2379 2612 2434 multa
2660 2397 2755 2450 per
2781 2398 2943 2451 opera
2990 2385 3268 2451 exhibens,
3300 2398 3397 2454 per
3440 2386 3608 2439 verba
3653 2386 3811 2441 clare

2199 2487 2301 2525 non
2328 2470 2567 2527 dicebat?
2587 2472 2738 2540 Quod
2766 2476 2909 2529 enim
2937 2476 3208 2533 hominem
3236 2478 3349 2547 ipse
3371 2477 3583 2543 fecerit,
3611 2488 3811 2534 esten-

2195 2562 2275 2618 dit
2319 2564 2463 2620 clare
2506 2579 2602 2635 per
2653 2580 2893 2630 caecum;
2944 2583 3065 2622 cum
3093 2578 3269 2623 autem
3298 2569 3365 2625 de
3390 2568 3728 2626 formatione
3755 2572 3808 2629 in

2199 2655 2460 2724 principio
2490 2655 2625 2711 facta
2653 2673 2832 2712 sermo
2863 2659 2959 2728 ipsi
2988 2669 3132 2728 erat,
3166 2675 3273 2716 non
3299 2659 3465 2729 dikit,
3492 2660 3616 2733 Ego
3660 2662 3806 2722 feci:

2197 2749 2290 2803 sed
2317 2791 2331 2814 ,
2359 2750 2459 2815 Qui
2487 2752 2603 2819 fecit
2624 2792 2639 2818 ,
2670 2752 2949 2807 masculum
2976 2762 3024 2807 et
3049 2756 3286 2825 {carinam
3308 2754 3425 2826 fecit
3448 2771 3533 2809 eos
3557 2759 3576 2824 (
3607 2754 3807 2809 Matth.

2200 2840 2289 2895 19.
2324 2841 2377 2895 4.
2425 2841 2553 2897 Gen.
2588 2845 2635 2897 l.
2657 2844 2786 2915 27).
2823 2845 2889 2899 Ει
2916 2847 3055 2915 quod
3078 2846 3331 2901 mundum
3351 2848 3807 2911 creaverit,etei

2198 2948 2319 3005 qua)
2344 2933 2397 2989 in
2425 2938 2540 3005 ipso
2565 2946 2708 3003 sunt,
2744 2952 2839 3008 per
2878 2940 3070 3005 pisces,
3100 2955 3197 3010 per
3232 2940 3432 3006 vinum,
3466 2956 3563 3010 per
3611 2956 3810 3012 panes,

2212 3040 2308 3094 per
2337 3028 2776 3097 tranquillitatem
2826 3030 2881 3084 in
2935 3032 3101 3097 mari,
3144 3049 3239 3103 per
3271 3035 3454 3091 radios
3475 3038 3621 3092 solis
3663 3055 3811 3107 quos

2214 3122 2408 3174 avertit
2442 3122 2494 3175 in
2534 3138 2695 3178 cruce
2720 3125 2760 3190 ⁸,
2813 3140 3014 3195 perque
3050 3127 3281 3196 plurima
3299 3129 3401 3183 alia
3421 3133 3798 3198 monstravit;

2211 3213 2390 3267 verbis
2417 3223 2593 3269 tamen
2614 3232 2908 3286 numquam
2931 3219 3077 3273 clare
3099 3219 3268 3275 dixit:
3319 3222 3412 3276 sed
3441 3224 3714 3292 discipuli
3752 3228 3803 3280 id

2210 3319 2351 3372 szepe
2388 3305 2870 3373 dieunt,Joanues,
2891 3308 3111 3375 Paulus,
3140 3309 3573 3371 Petrus.Namsi
3596 3316 3693 3371 isti
3712 3320 3805 3387 qui

2209 3404 2365 3448 nocte
2382 3395 2574 3466 dieque
2588 3398 2761 3467 ipsum
2788 3399 3095 3470 loquentem
3114 3404 3425 3467 audiebant,
3457 3413 3509 3459 et
3526 3407 3806 3462 miracula

2208 3495 2508 3555 patrantcm
2528 3490 2801 3557 videbant,
2816 3494 3015 3561 quibus
3028 3498 3257 3551 seorsim
3272 3497 3436 3550 multa
3452 3500 3736 3563 solvebat,
3756 3510 3810 3554 et

2209 3579 2405 3625 tantam
2450 3571 2671 3627 dederat
2712 3584 3059 3641 potestatem,
3099 3583 3157 3629 ut
3197 3585 3251 3629 et
3294 3585 3530 3631 mortuos
3578 3581 3815 3631 suscita-

2210 3669 2351 3727 rent,
2400 3669 2560 3731 atque
2613 3663 2683 3716 ita
2732 3661 2996 3732 perfectos
3040 3666 3367 3734 reddiderat,
3408 3676 3466 3721 ut
3493 3670 3691 3723 omnia
3722 3685 3816 3739 pro

2212 3751 2327 3820 ipso
2355 3753 2753 3823 relinquerent:
2785 3766 2903 3824 post
2947 3764 3150 3811 tantam
3197 3760 3442 3813 virtutem
3472 3769 3526 3814 ct
3557 3761 3812 3830 philoso-

2210 3844 2414 3915 phiam,
2444 3862 2545 3899 non
2571 3857 2859 3916 potuerunt
2885 3850 3061 3904 omnia
3090 3860 3326 3920 portare,
3356 3863 3655 3922 antequam
3698 3854 3819 3923 Spi-

2211 3938 2370 3992 ritum
2400 3950 2641 3993 sanctum
2680 3941 3312 4014 acciperent:quomodo
3350 3946 3581 4016 populus
3627 3947 3817 4002 Judai-

2212 4042 2344 4095 cus,
2385 4029 2743 4100 intelligentia:
2795 4047 3020 4103 expers,
3069 4035 3158 4104 qui
3187 4034 3255 4089 ad
3303 4044 3501 4090 tantam
3550 4037 3816 4094 virtutem

2214 4134 2319 4175 non
2373 4131 2711 4189 pervenerat,
2741 4123 2829 4191 qui
2880 4124 3089 4179 nonnisi
3142 4124 3363 4180 fortuito
3412 4142 3541 4182 casu
3588 4130 3716 4198 ejus
3768 4140 3821 4185 et

2213 4210 2379 4279 gestis
2404 4220 2459 4266 et
2488 4211 2644 4267 dictis
2672 4213 2877 4278 aderat,
2909 4215 3080 4286 ipsum
3109 4216 3344 4272 alienum
3374 4234 3405 4272 a
3437 4220 3547 4272 Deo
3596 4220 3820 4276 univer-

2192 4316 2395 4356 sorum
2424 4317 2544 4358 esse
2571 4319 2676 4359 non
2702 4303 3055 4373 credidisset,
3091 4308 3193 4362 nisi
3218 4317 3362 4363 tanta
3392 4308 3741 4367 demissione
3769 4322 3823 4366 et

2216 4391 2543 4463 indulgentia
2572 4410 2667 4462 per
2691 4395 2868 4451 omnia
2897 4411 3027 4453 usus
3050 4398 3230 4453 esset?
3256 4398 3379 4453 Ideo
3400 4414 3671 4471 namque,
3701 4417 3821 4455 cum

2215 4484 2494 4541 sabbatum
2519 4487 2775 4553 solveret,
2807 4504 2910 4543 non
2937 4498 3093 4545 antea
3126 4490 3294 4560 legem
3324 4491 3643 4562 bujusmodi
3670 4509 3821 4548 suam

2219 4578 2533 4644 induxerat;
2563 4580 2658 4635 sed
2689 4581 2862 4636 varias
2890 4589 2944 4636 et
2983 4583 3178 4637 multas
3208 4584 3355 4653 prius
3402 4582 3561 4637 affert
3623 4601 3821 4656 purga—

2221 4674 2412 4728 tiones.
2469 4673 2621 4742 Quod
2662 4675 2707 4729 si
2738 4675 3045 4731 mandatum
3097 4692 3260 4731 unum
3310 4677 3618 4745 soluturus,
3680 4688 3821 4731 tanta

2221 4766 2386 4820 utitur
2434 4768 2715 4821 verborum
2766 4769 3035 4836 cautione,
3066 4784 3135 4825 ne
3186 4769 3457 4824 auditores
3505 4772 3818 4839 percellat:

2220 4867 2387 4920 multo
2436 4867 2606 4936 magis
2656 4881 2777 4920 cum
2836 4867 2936 4936 legi
3001 4867 3220 4936 integra:
3274 4868 3541 4936 integram,
3599 4868 3827 4921 athltrct

2220 4957 2411 5027 legem,
2447 4958 2674 5026 plurimo
2704 4957 2893 5028 egebat
2920 4968 3175 5028 apparatu
3205 4966 3363 5026 atque
3382 4972 3530 5020 cura,
3566 4974 3643 5013 ne
3668 4958 3824 5012 audi-

2221 5057 2363 5104 tores
2412 5049 2667 5103 turbaret.

2294 5140 2399 5196 Cur
2436 5138 2666 5193 Clu-istas
2703 5139 2977 5210 aliquando
3021 5156 3123 5194 non
3159 5155 3214 5194 se
3250 5139 3387 5193 clare
3431 5137 3607 5193 Deum
3657 5140 3815 5193 dicat.

2290 5252 2305 5282 ί
2322 5245 2963 5316 Montefalconiuslnﬁrreco
2984 5246 3184 5316 legebat
3198 5247 3315 5316 _3.8-t&
3329 5253 3413 5316 τῆς
3423 5246 3824 5316 suavissimas-

2227 5312 2502 5381 orpaxjgsvﬁv
2512 5312 2587 5381 Ξῷ
2600 5312 2792 5381 (ῆαϐώρ,
2808 5308 3077 5381 μιιὶῃρίιιιξεξ
3091 5308 3392 5381 reddiderat,
3405 5320 3493 5368 per
3510 5308 3694 5358 radios
3704 5323 3825 5371 quos

2224 5368 2386 5438 emisit
2432 5370 2483 5438 in»
2511 5368 2894 5438 Tliaboreftlie,
2922 5368 3385 5438 ittq‘uitqccuratius
3417 5382 3692 5438 perpensa.
3718 5368 3824 5417 iec-

2228 5433 2412 5483 tionem
2434 5436 2585 5491 illam,
2599 5445 2698 5496 per
2712 5429 2887 5496 radios
2900 5429 3018 5496 quos
3038 5429 3196 5496 emisit
3218 5430 3265 5479 in
3289 5429 3448 5487 cruce,
3462 5429 3676 5496 omnino
3689 5439 3824 5480 stare

2223 5510 2319 5560 non
2343 5507 2488 5558 posse
2510 5492 2848 5560 animadverti.
2866 5492 3003 5560 quoq
3019 5492 3150 5541 enim
3172 5495 3220 5542 in
3240 5506 3389 5560 cruce
3408 5493 3826 5560 refulserit,_out-

2225 5559 2302 5605 lus
2335 5554 2749 5617 evangelistarum
2774 5555 2938 5621 divit.-
2963 5555 3274 5621 Quapropter
3303 5554 3824 5621 le_ctionen_r,in_1‘lut-

2223 5613 2725 5684 bore,atnplectimttr.
2740 5634 2754 5660 ι
2774 5614 2968 5684 Videsis
2989 5613 3103 5684 qua:
3124 5613 3328 5684 iti_huuc
3348 5616 3511 5684 locum
3526 5614 3823 5684 simzal_e:,in

2226 5676 2587 5731 Montet‘aleonii
2609 5677 2975 5730 annotationem
2996 5676 3340 5728 animadvertit
3353 5676 3641 5730 Fridericus
3658 5676 3817 5730 l-‘ieid.
