3856 6180
155 228 236 285 Sil

154 346 322 398 Contra
352 333 684 393 Manicha'os.
715 365 788 377 -
813 333 1015 390 Idcirco
1043 348 1148 389 non
1185 332 1381 402 ubique
1406 331 1473 387 de
1512 329 1704 385 divini-

156 445 248 489 tate
287 447 377 490 sua
410 433 550 486 clare
593 429 826 498 loquitur
849 435 906 482 et
928 426 1105 481 docet.
1145 424 1201 481 Si
1224 425 1366 480 enim
1391 464 1408 490 ,
1431 423 1571 494 quod
1604 421 1706 491 legi

151 526 400 599 quidpiam
431 524 703 592 adjiceret,
737 521 856 574 illos
885 529 1086 574 tantum
1117 517 1367 583 turbavit,
1396 516 1565 571 multo
1594 529 1708 569 ma-

154 624 219 690 gis
251 618 514 674 turbasset
538 616 582 670 si
614 630 673 670 se
701 614 866 668 Deum
889 628 1010 667 esse
1045 610 1442 667 declaravisset.
1476 607 1705 677 ideoque

146 712 295 766 multa
344 724 440 762 sua
478 707 754 762 divinitate
807 706 962 775 longe
1011 703 1262 758 inferiora
1308 701 1563 772 loquitur.
1607 698 1704 754 Hic

151 820 260 860 vero
275 803 341 858 de
357 801 629 855 additione
658 799 760 869 legi
785 797 1021 853 facienda
1057 796 1216 850 verba
1244 794 1475 848 facturus
1494 834 1510 860 ,
1539 791 1702 852 multa

152 895 482 964 pracautionc
511 893 692 947 utitur.
740 890 922 961 Neque
947 890 1091 944 enim
1117 887 1285 944 semel
1329 894 1532 940 tantum
1571 884 1705 940 dixit

150 1006 199 1045 se
223 989 379 1059 legem
417 1001 522 1041 non
553 985 781 1047 solvere,
823 982 918 1038 sed
948 981 999 1036 id
1039 979 1274 1036 secundo
1299 977 1545 1047 repetiit,
1584 991 1700 1030 ma-

149 1083 315 1151 jusque
359 1077 499 1132 aliud
558 1091 744 1132 rursus
791 1075 1006 1145 adjecit.
1058 1073 1189 1128 Cnm
1237 1071 1464 1126 dixisset
1516 1069 1698 1134 enim,

154 1170 302 1226 Nolite
345 1179 544 1237 putare,
586 1168 826 1238 quoniam
865 1165 975 1219 ueni
1013 1166 1202 1218 solvere
1243 1163 1423 1233 legem,
1468 1159 1698 1230 adjecit,

153 1263 252 1318 Non
277 1264 384 1316 ueni
410 1263 624 1327 solvere,
645 1261 734 1315 sed
761 1259 1056 1323 adimplere.
1088 1255 1221 1310 illud
1249 1270 1375 1309 vero
1404 1269 1508 1309 non
1539 1253 1699 1307 modo

152 1356 422 1410 Judteorum
470 1351 854 1422 impudentiam
898 1356 1139 1414 coercet,
1172 1346 1264 1402 sed
1291 1346 1450 1401 etiam
1488 1343 1698 1398 haereti—

151 1461 305 1502 corum
347 1458 438 1498 ora
486 1442 718 1506 censuit,
769 1441 858 1512 qui
899 1449 1134 1495 veterem
1180 1439 1350 1508 legem
1378 1452 1447 1492 ex
1483 1434 1698 1490 diabolo

152 1552 248 1594 esse
287 1535 485 1591 dicunt.
521 1533 653 1588 Nam
697 1533 744 1588 si
786 1532 902 1602 ejus
952 1529 1290 1602 tyrannidem
1329 1527 1697 1582 destructurus

149 1627 354 1685 Christus
375 1626 616 1692 advenit,
643 1639 749 1696 quo
767 1633 923 1695 pacto
943 1638 1061 1679 eam
1079 1636 1185 1677 non
1207 1621 1368 1676 modo
1387 1635 1490 1675 non
1515 1618 1694 1682 solvit,

153 1722 227 1778 sed
248 1722 395 1778 etiam
425 1719 662 1789 implet?
686 1718 802 1774 Non
829 1716 970 1772 enim
1013 1723 1218 1770 tantum
1254 1713 1409 1780 dixit,
1439 1711 1554 1767 Non
1581 1711 1693 1766 sol-

152 1828 235 1878 τος
260 1810 390 1882 quod
419 1811 555 1866 satis
577 1819 722 1866 certe
750 1808 966 1873 fuisset;
996 1807 1090 1863 sed
1116 1816 1172 1862 et
1209 1805 1426 1874 adjecit,
1449 1803 1691 1874 lmpleo;

151 1905 262 1976 quod
287 1921 386 1960 non
430 1903 594 1959 modo
622 1919 729 1957 non
756 1900 1049 1956 adversarii
1086 1899 1219 1969 legis
1246 1907 1381 1962 erat,
1410 1897 1504 1953 sed
1529 1897 1690 1952 etiam

150 1995 425 2051 defensoris.
471 1993 542 2048 Et
587 1991 856 2063 quomodo
903 2004 1008 2044 non
1053 1990 1240 2056 solvit,
1290 1987 1529 2058 inquies,
1561 1999 1692 2056 quo-

151 2086 278 2142 modo
316 2085 556 2154 implevit
584 2090 676 2137 aut
704 2082 896 2153 legem,
948 2089 1040 2136 aut
1086 2077 1421 2150 pr0pltetas?
1450 2077 1690 2146 Propheo

151 2189 210 2232 tas
231 2175 425 2248 quidem
445 2217 461 2241 ,
490 2175 639 2245 quod
668 2175 844 2228 omnia
890 2188 1007 2243 quae
1035 2171 1101 2226 de
1131 2172 1246 2242 ipso
1267 2170 1405 2225 dicta
1435 2178 1589 2224 erant
1623 2169 1691 2222 ab

149 2270 223 2334 cis,
258 2266 496 2338 operibus
536 2264 971 2328 conﬁrmaverit;
1010 2273 1334 2333 quapropter
1366 2259 1687 2330 evangelista

150 2359 199 2413 ad
216 2358 399 2428 singula
424 2357 640 2412 dicebat
669 2373 682 2410 :
719 2354 787 2410 Ut
805 2353 1101 2424 impleretur
1123 2352 1258 2423 quod
1286 2352 1473 2405 dictum
1501 2360 1572 2404 est
1600 2367 1691 2421 per

151 2449 443 2520 prophetam;
483 2455 689 2502 etcum
720 2453 878 2501 natus
904 2453 1006 2510 est,
1043 2452 1243 2498 etcum
1271 2441 1421 2512 pueri
1466 2440 1685 2495 mirabi-

151 2543 276 2596 hilem
299 2541 551 2612 hymnum
580 2539 650 2594 de
678 2539 795 2609 ipso
839 2535 1136 2600 canebant,
1169 2544 1224 2590 et
1266 2533 1482 2605 quando
1521 2533 1685 2588 asinae

152 2632 387 2699 insidebat,
431 2645 647 2686 necnon
673 2630 910 2685 etiamin
943 2628 1180 2698 pluribus
1223 2626 1345 2681 aliis
1380 2625 1482 2680 hoc
1511 2625 1682 2695 ipsum

154 2724 380 2794 implevit;
407 2737 530 2792 qua:
556 2719 736 2775 omnia
773 2733 880 2773 non
912 2716 1177 2788 implenda
1216 2731 1466 2787 umquam
1506 2723 1680 2779 erant,

151 2815 224 2867 nisi
255 2813 564 2868 advenisset.
598 2810 796 2880 Legem
840 2817 1020 2864 autem
1051 2823 1154 2863 non
1181 2822 1288 2863 uno
1328 2815 1554 2871 tantum,
1587 2804 1681 2860 sed

150 2904 336 2960 secundo
361 2905 518 2960 etiam
548 2917 612 2959 ac
639 2903 795 2958 tertio
822 2901 982 2957 modo
1008 2900 1262 2970 implevit.
1297 2899 1416 2956 Uno
1439 2897 1677 2969 quidem,

149 2997 254 3068 quod
275 3011 331 3052 ex
361 2995 622 3067 legalibus
658 2993 790 3048 nihil
828 2991 1306 3062 transgrederetur.
1351 2989 1504 3058 Quod
1535 2989 1677 3044 enim

149 3101 272 3145 totam
294 3090 450 3160 legem
480 3088 814 3159 impleverit,
845 3085 969 3141 audi
999 3084 1124 3155 quid
1154 3083 1295 3139 dicat
1327 3082 1514 3138 Ioanni
1543 3101 1555 3136 :
1589 3080 1679 3136 Sic

148 3183 246 3234 enim
266 3199 346 3235 nos
364 3183 497 3235 decet
515 3180 728 3249 implere
754 3194 950 3232 omnem
960 3176 1217 3247 justitiam
1244 3175 1453 3249 (Matth.
1474 3175 1530 3230 5.
1561 3174 1674 3244 15).

149 3268 377 3327 Etludzeis
408 3271 624 3327 dicebat
657 3287 670 3324 :
705 3269 830 3335 Quis
857 3286 920 3323 ex
964 3268 1102 3322 uobis
1138 3274 1315 3338 arguet
1361 3282 1440 3319 me
1465 3266 1528 3320 de
1553 3281 1673 3336 pec-

148 3372 228 3416 cato
245 3363 402 3434 (loeti.
429 3364 482 3420 8.
512 3362 609 3434 46)
635 3363 754 3418 1Αο
779 3362 1053 3432 discipulis
1074 3376 1282 3416 rursum
1317 3378 1332 3414 :
1368 3358 1512 3414 Venit
1534 3359 1675 3428 prin-

149 3470 234 3523 ceps
257 3456 412 3509 mundi
435 3457 616 3527 hujus,
645 3465 690 3509 et
714 3455 767 3509 in
788 3471 867 3509 me
902 3471 1004 3508 non
1033 3454 1180 3508 habet
1205 3453 1481 3522 quidquam
1504 3449 1668 3521 (Ibid.

150 3547 211 3599 ll.
232 3547 327 3610 30).
348 3547 614 3617 Propheta
651 3561 864 3616 quoque
895 3560 1056 3615 supra
1087 3545 1253 3608 dixit,
1282 3544 1453 3613 ipsum
1482 3557 1671 3612 pecca-

149 3644 228 3691 tum
243 3651 333 3693 non
370 3636 570 3693 habere
610 3635 783 3707 (Isai.
809 3637 899 3692 55.
933 3636 967 3692 9
996 3636 1034 3706 ).
1068 3635 1181 3691 Hoc
1220 3636 1397 3705 itaque
1426 3647 1534 3688 uno
1556 3632 1670 3704 pri-

149 3739 294 3797 moque
322 3731 472 3783 modo
512 3728 686 3798 legem
717 3727 980 3797 implevit.
1001 3725 1250 3781 Secundo
1281 3733 1459 3780 autem
1489 3723 1669 3794 imple-

150 3818 200 3871 rit
226 3819 380 3886 modo,
421 3819 566 3891 quod
603 3819 658 3874 id
707 3829 926 3889 propter
975 3834 1074 3875 nos
1112 3817 1315 3873 fecerit.
1355 3817 1486 3872 Nam
1525 3814 1665 3886 quod

150 3911 294 3965 mirum
315 3920 408 3979 est,
433 3928 539 3967 non
565 3911 725 3966 modo
747 3912 863 3982 ipse
889 3911 1148 3982 implevit,
1180 3909 1274 3965 sed
1302 3908 1433 3964 illud
1455 3923 1666 3978 quoque

149 4004 319 4071 largitus
342 4010 422 4059 est
446 4014 504 4059 ut
539 4019 640 4059 nos
670 4004 1032 4074 impleremus.
1061 4002 1213 4070 Quod
1241 4002 1442 4057 Paulus
1462 4001 1540 4056 sic
1565 4001 1664 4055 de-

147 4092 270 4147 clarat
295 4111 308 4146 :
350 4095 600 4164 Quoniam
627 4097 746 4164 ﬁnis
765 4096 888 4165 legis
915 4093 1145 4151 Christus
1165 4095 1234 4149 ad
1248 4094 1505 4163 justitiam
1527 4093 1666 4146 omni

146 4185 313 4240 credenti
338 4196 355 4258 ί
380 4186 528 4241 Rom.
558 4187 644 4242 10.
677 4184 770 4258 4).
803 4186 870 4242 Et
901 4194 1174 4257 peccatum
1205 4186 1352 4240 illum
1380 4184 1664 4239 damnasse

148 4272 241 4330 dicit
258 4276 301 4330 in
319 4292 470 4333 carne
499 4295 512 4332 :
549 4276 617 4332 Ut
633 4278 937 4348 justiﬁcatio
957 4278 1081 4345 legis
1100 4276 1390 4345 impleretur
1415 4275 1468 4329 in
1499 4274 1660 4339 nobis,

148 4366 209 4430 cli
246 4383 331 4421 non
370 4369 642 4424 secundum
677 4385 878 4422 carnem
922 4368 1240 4422 ambulamus
1267 4368 1286 4439 (
1313 4366 1429 4420 Ibid
1481 4367 1536 4422 8.
1562 4365 1659 4438 4).

149 4452 197 4507 Et
215 4472 392 4513 rursum
421 4476 435 4513 :
465 4458 652 4530 Legem
681 4475 799 4530 ergo
824 4459 1127 4513 destruimus
1151 4475 1241 4528 per
1267 4459 1418 4527 ﬁdem
1441 4459 1467 4512 ?
1498 4457 1659 4514 Absit.

148 4544 224 4598 Sed
255 4549 393 4620 legem
433 4552 702 4606 statuimus
747 4549 928 4622 (Ibid.
959 4551 1014 4604 5.
1053 4550 1115 4605 51
1148 4550 1188 4620 ).
1234 4550 1368 4616 Quia
1405 4547 1548 4605 enim
1576 4550 1659 4604 lex

148 4636 338 4694 studebat
360 4640 627 4698 hominem
655 4643 833 4698 facere
857 4642 1086 4712 justum,
1121 4641 1216 4698 sed
1246 4641 1613 4697 infirmabatur
1641 4658 1658 4709 ;

150 4727 315 4784 tenicns
331 4729 457 4801 ipse,
472 4742 528 4789 et
557 4734 772 4788 modum
792 4733 1013 4803 iustitiae
1043 4731 1324 4798 inducens,
1351 4747 1543 4802 nempe
1565 4747 1662 4802 per

155 4815 289 4884 ﬁdem,
309 4821 430 4891 legis
455 4825 784 4881 voluntatem
814 4824 1038 4891 statuit;
1065 4825 1285 4895 etquod
1310 4824 1397 4879 illa
1427 4838 1532 4878 non
1559 4839 1659 4893 po-

155 4916 282 4966 tuerat
305 4928 390 4984 per
409 4917 608 4983 literas,
639 4917 691 4972 id
711 4919 824 4988 ipse
844 4933 939 4988 per
957 4916 1117 4974 iidem
1141 4916 1381 4989 perfecit.
1401 4916 1658 4988 Propter-

153 5012 195 5052 ea
210 5001 346 5073 inquit
371 5025 386 5062 :
409 5007 526 5064 Non
550 5010 663 5064 ueni
686 5011 876 5064 soluere
897 5012 1077 5081 legem.

198 5090 240 5145 3.
271 5093 437 5152 Christi
455 5111 703 5170 praecepta
726 5109 844 5156 sunt
871 5100 1288 5172 complementum
1312 5099 1436 5172 legis
1460 5099 1654 5155 veteris.

153 5182 256 5239 -Si
279 5189 381 5257 quis
403 5205 526 5246 vero
549 5191 832 5262 diligenter
849 5193 1110 5261 exploret,
1132 5193 1293 5247 alium
1318 5206 1531 5263 quoque
1553 5200 1657 5246 ter-

152 5271 245 5329 tium
260 5280 449 5336 modum
475 5285 724 5350 inveniet,
746 5301 852 5356 quo
873 5286 922 5339 id
942 5287 1136 5341 factum
1157 5294 1257 5341 est.
1277 5285 1445 5354 Quem
1469 5283 1657 5339 illum?

151 5357 226 5415 Per
261 5382 498 5445 praecepta
546 5391 663 5445 quae
711 5376 933 5432 daturus
966 5384 1100 5432 erat.
1133 5377 1315 5447 Neque
1352 5377 1498 5432 enim
1539 5383 1656 5430 erat

153 5450 365 5526 “M03300
403 5459 652 5536 priorum,
691 5468 790 5525 sed
831 5469 1074 5524 extensio
1110 5478 1166 5525 et
1204 5470 1653 5539 complementum

150 5552 262 5602 erant
300 5567 354 5608 ea
389 5571 500 5626 qua:
526 5559 855 5616 dicebantur.
900 5558 1035 5615 Nam
1065 5574 1172 5615 non
1201 5558 1479 5614 occidendi
1519 5573 1655 5629 1³1³³⁵-

156 5647 320 5704 uiitum
340 5661 433 5704 non
453 5651 730 5722 abrogatur
747 5667 780 5709 lt
808 5659 1077 5724 praecepto
1091 5667 1199 5709 non
1225 5650 1486 5709 irascendi
1509 5667 1526 5721 ;
1554 5647 1651 5708 sed

1261 218 1325 274 IN
1361 213 1767 274 ΜΔΤΤΙΙᾹΞΗΜ
1805 215 2035 274 1101111..
2079 221 2220 280 Χνι.

3292 239 3399 296 242

1815 334 2266 404 complementum
2295 349 2376 396 est
2401 341 2468 397 ad
2493 342 2750 414 majorem
2781 348 3079 404 cautionem
3108 367 3123 406 :
3168 361 3221 406 et
3253 353 3394 408 idem

1811 422 2020 479 dicatur
2041 425 2109 482 de
2135 431 2345 486 caeteris
2376 434 2651 491 omnibus.
2679 435 2908 508 Ideoque
2941 455 3062 494 cum
3093 440 3281 496 horum
3309 460 3397 498 se-

1810 514 1954 570 mina
1991 517 2106 572 sine
2134 519 2310 592 aliqua
2337 524 2640 594 suspicione
2670 528 2814 596 prius
2841 531 3141 598 sparsisset,
3180 532 3397 602 quando

1809 606 2003 663 clarius
2046 627 2111 666 ex
2157 617 2558 685 comparatione
2595 628 2836 675 veterum
2876 630 2931 676 et
2957 638 3216 678 novorum
3248 624 3396 695 lega-

1750 763 1755 770 _
1808 699 1938 755 lium
1967 713 2027 757 ut
2054 703 2342 762 adversans
2373 708 2475 780 legi
2506 709 2560 764 in
2581 712 2938 781 suspicionem
2961 715 3232 769 vocandus
3253 724 3390 781 erat,

1809 796 2004 864 prtevia
2046 797 2134 851 illa
2171 801 2415 857 cautione
2443 818 2570 858 usus
2597 814 2697 860 est.
2743 805 2952 860 Etenim
2999 807 3108 876 jam
3139 807 3224 862 illa
3256 807 3391 862 teni-

1805 887 2034 955 gmatice
2078 888 2295 946 fundata
2326 904 2478 948 erant
2506 910 2604 965 per
2637 911 2698 952 ea
2731 913 2850 968 quae
2891 898 3028 953 dicta
3059 898 3286 956 fuerant.
3319 899 3390 954 ll-

1807 975 1898 1032 lud
1936 979 2103 1043 enim,
2134 979 2278 1035 Beati
2317 1000 2561 1054 pauperes
2599 988 2807 1056 spiritu,
2840 989 3070 1058 idipsum
3100 999 3182 1045 est
3221 990 3388 1060 quod,

1776 1066 1893 1122 .Ne
1939 1071 2268 1128 irascimini:
2293 1085 2347 1130 et
2395 1076 2546 1144 illud,
2591 1077 2738 1132 Beati
2776 1081 2962 1135 mundo
3000 1083 3180 1146 corde,
3213 1082 3389 1137 simile

1805 1160 1928 1215 huic
1956 1172 2222 1234 prmeepto
2247 1176 2352 1232 est,
2401 1184 2506 1223 non
2533 1171 2924 1240 respiciendam
2963 1188 3083 1228 esse
3107 1175 3385 1230 mulierem

1802 1253 1869 1306 ad
1895 1257 2383 1326 concupiscendum
2423 1276 2541 1316 eam
2571 1280 2586 1321 :
2613 1273 2665 1318 et
2703 1265 2855 1331 illud,
2885 1282 2990 1320 non
3021 1267 3387 1324 thesaurizan-

1803 1343 1927 1399 dum
1969 1362 2089 1402 esse
2116 1348 2396 1405 thesauros
2422 1353 2475 1407 in
2503 1361 2667 1419 terra,
2696 1354 2821 1410 huic
2845 1357 3040 1411 accinit
3067 1373 3081 1412 :
3111 1357 3256 1412 Beati
3285 1359 3386 1413 mi-

1805 1436 2084 1492 sericordes
2110 1455 2132 1504 ,'
2159 1450 2212 1494 et
2256 1441 2406 1506 illud,
2437 1443 2638 1514 lugere,
2668 1447 3167 1516 persequutionibus
3201 1457 3256 1504 et
3291 1464 3387 1518 op-

1804 1526 2032 1593 probriis
2061 1528 2265 1599 impoti,
2295 1532 2400 1588 tale
2433 1541 2535 1598 est,
2572 1536 2728 1604 quale
2759 1535 2957 1592 intrare
2987 1553 3084 1606 per
3102 1549 3380 1608 angustam

1801 1625 2047 1686 portam;
2093 1629 2147 1674 et
2188 1620 2317 1676 illud
2347 1663 2362 1687 ,
2396 1625 2605 1682 esurire
2647 1633 2702 1680 et
2745 1625 2894 1681 sitire
2917 1626 3214 1696 justitiam,
3251 1629 3383 1683 nihil

1799 1708 1943 1764 aliud
1981 1719 2064 1765 est
2090 1727 2248 1781 quam
2290 1713 2341 1768 id
2365 1755 2380 1776 ,
2427 1715 2568 1785 quod
2613 1725 2797 1786 postea
2842 1718 2970 1773 dicit
3001 1735 3017 1774 :
3047 1719 3385 1789 Quacumque

1797 1801 1949 1855 vultis
1974 1811 2030 1855 ut
2055 1804 2243 1872 faciant
2267 1803 2403 1859 vobis
2422 1806 2667 1871 homines,
2690 1818 2738 1862 et
2756 1825 2842 1863 vos
2867 1810 3018 1881 facile
3044 1809 3146 1864 illis
3169 1810 3379 1881 (Matth.

1798 1890 1850 1945 7.
1881 1891 1991 1960 12).
2021 1892 2086 1947 Et
2110 1908 2230 1948 cum
2253 1896 2531 1964 pacificum
2557 1899 2876 1968 appellasset
2896 1900 3133 1969 beatum,
3151 1902 3378 1972 idipsum

1797 1995 1963 2051 prope
1991 1983 2157 2048 dixit,
2206 1985 2346 2054 quod
2381 2001 2501 2041 cum
2541 1987 2703 2056 jussit
2740 1989 3040 2060 relinquere
3076 1991 3298 2059 donum,
3327 2003 3384 2049 et

1797 2072 2050 2130 festinare
2093 2075 2161 2130 ad
2200 2075 2459 2132 ollensum
2503 2077 2720 2133 fratrem
2749 2080 2848 2135 sibi
2889 2083 3378 2148 reconciliandam,

1794 2171 1850 2219 et
1878 2164 2191 2220 benevolum
2229 2183 2350 2222 esse
2387 2168 2719 2225 adversario.
2752 2170 2855 2226 Sed
2885 2171 2957 2226 ibi
2987 2173 3202 2243 quidem
3235 2191 3378 2244 prte-

1793 2255 1898 2309 mia
1945 2266 2091 2311 recte
2131 2258 2466 2328 operantium
2517 2261 2740 2330 posuit:
2775 2262 2860 2316 hic
2901 2278 3032 2318 vero
3078 2281 3184 2320 non
3231 2275 3378 2322 recte

1792 2348 2128 2414 operantium
2159 2350 2438 2419 supplicia.
2460 2351 2797 2422 Quapropter
2813 2353 2882 2410 ibi
2904 2355 3118 2425 quidem
3142 2356 3373 2426 diccbat,

1792 2437 1947 2492 mites
1979 2446 2174 2494 terram
2199 2454 2541 2510 possessuros
2568 2458 2686 2498 esse
2710 2460 2724 2508 ;
2757 2445 2841 2500 hic
2863 2461 2990 2501 vero
3014 2447 3108 2514 ait,
3133 2462 3255 2502 eum
3282 2447 3374 2519 qui

1790 2529 2006 2586 fratrem
2034 2548 2186 2588 suum
2226 2532 2424 2589 fatuum
2465 2537 2752 2603 vocaverit,
2781 2552 2931 2593 reum
2971 2540 3083 2595 fore
3111 2541 3372 2610 gehennae

1789 2620 1944 2692 ignis.
1975 2622 2085 2678 Illic
2106 2625 2232 2680 item
2259 2625 2392 2680 dixit
2418 2627 2646 2682 mundos
2675 2628 2838 2685 corde
2868 2630 3033 2685 Deum
3071 2647 3193 2687 esse
3220 2632 3366 2687 visu-

1787 2729 1878 2769 ros
1903 2731 1918 2780 ;
1951 2714 2040 2770 hic
2066 2732 2196 2772 vero
2221 2732 2368 2784 cum,
2395 2719 2486 2788 qui
2527 2719 2805 2789 impudicis
2847 2722 3015 2775 oculis
3044 2724 3360 2792 respexerit,

1788 2820 1908 2860 esse
1932 2822 2056 2863 vere
2100 2809 2367 2863 moechum
2397 2827 2414 2876 ;
2443 2825 2505 2865 ac
2529 2825 2649 2866 cum
2683 2812 2789 2866 illic
2829 2813 3076 2882 pacificos
3104 2814 3241 2869 filios
3271 2815 3367 2872 Dei

1785 2905 2046 2962 vocasset,
2075 2898 2161 2952 hic
2198 2899 2299 2953 alia
2332 2902 2539 2956 ratione
2583 2901 2820 2957 deterret
2860 2903 3084 2958 dicens:
3116 2903 3200 2958 Ne
3235 2907 3365 2978 forte

1785 2986 1951 3040 tradat
1988 2997 2034 3042 te
2075 2988 2396 3046 aduersarius
2416 2995 2608 3064 judici.
2641 2993 2730 3049 Sic
2758 3005 2811 3050 et
2838 2995 3078 3063 lugentes
3102 3006 3154 3051 et
3179 3011 3362 3066 perse-

1781 3079 2092 3146 quutionem
2131 3082 2392 3151 patientes
2436 3099 2557 3140 cum
2589 3085 2773 3141 beatos
2799 3087 3045 3156 superius
3072 3087 3361 3157 praedicas-

1779 3179 1897 3234 set,
1931 3172 1982 3226 in
2012 3175 2357 3244 sequentibus
2387 3175 2615 3245 idipsum
2653 3185 2907 3243 tractans,
2943 3179 3231 3246 perniciem
3275 3177 3359 3232 in-

1783 3264 2098 3320 terminatnr
2144 3267 2212 3320 iis
2239 3268 2326 3338 qui
2379 3283 2486 3322 non
2535 3268 2723 3324 eadem
2774 3270 2886 3339 ipsa
2931 3270 3013 3324 via
3058 3270 3358 3326 incedunt:

1777 3372 1900 3411 nam
1940 3359 2029 3428 qui
2074 3374 2167 3427 per
2202 3361 2489 3429 spatiosam
2533 3362 2672 3415 viam
2700 3361 2995 3429 ambulant,
3029 3361 3218 3432 inquit,
3248 3361 3359 3418 illic

1775 3457 2019 3516 pereunt.
2053 3447 2156 3504 Sed
2181 3458 2234 3503 et
2264 3450 2413 3516 illud,
2451 3451 2569 3505 Non
2598 3453 2802 3521 potestis
2833 3451 2938 3505 Deo
2965 3453 3152 3506 servire
3177 3462 3223 3506 et
3248 3470 3358 3506 ma-

1774 3558 1938 3596 monre
1959 3541 2172 3616 (Matth.
2202 3544 2257 3608 6,
2281 3545 2395 3614 24),
2431 3545 2551 3600 huic
2573 3544 2716 3600 dicto
2743 3545 2918 3600 simile
2948 3545 3077 3600 mihi
3099 3545 3306 3600 videtur
3335 3563 3350 3600 :

1771 3632 1917 3688 Beati
1933 3635 2301 3702 misericordes,
2333 3645 2407 3699 et,
2438 3636 2537 3702 Qui
2572 3637 2802 3691 esuriant
2820 3637 3098 3707 justitiam.
3128 3637 3350 3706 Verum,

1772 3735 1831 3779 ut
1872 3726 2190 3796 praemonui,
2240 3728 2364 3798 quia
2415 3727 2530 3783 haec
2577 3727 2777 3784 clarius
2805 3728 3048 3784 dicturus
3096 3737 3200 3797 est,
3249 3743 3349 3784 nec

1771 3817 1968 3872 clarius
2007 3819 2166 3874 modo
2195 3818 2455 3884 dicturus,
2488 3818 2582 3875 sed
2613 3820 2774 3874 etiam
2806 3820 2956 3891 plura
2999 3818 3162 3875 dictis
3203 3818 3354 3889 adje-

1770 3919 1952 3965 cturus
1979 3911 2120 3982 (non
2160 3913 2302 3966 enim
2341 3911 2453 3982 jam
2484 3912 2888 3967 misericordem
2912 3920 3114 3966 tantum
3137 3912 3348 3982 quaerit,

1769 4004 1862 4060 sed
1889 4006 2048 4059 etiam
2081 4006 2255 4059 tunica
2301 4014 2353 4060 te
2395 4005 2515 4059 exui
2554 4004 2746 4074 jubet;
2793 4018 2892 4060 nec
2934 4005 3115 4059 mitem
3143 4005 3347 4059 solum-

1769 4095 1929 4148 modo
1949 4136 1962 4158 ,
1992 4094 2085 4150 sed
2119 4103 2171 4149 et
2203 4103 2259 4150 ut
2286 4093 2442 4148 aliam
2470 4094 2737 4149 maxillam
2763 4102 3043 4150 convertas
3072 4103 3350 4164 percutere

1766 4187 1965 4242 volenti
1991 4189 2033 4257 ),
2077 4185 2245 4252 illam,
2287 4203 2406 4257 qute
2444 4186 2721 4242 videbatur
2763 4201 2903 4255 esse,
2944 4188 3346 4258 repugnantiam

1766 4285 1821 4332 et
1847 4279 2277 4333 contrarietatem
2302 4279 2447 4347 prius
2488 4279 2640 4333 tollit.
2672 4277 2921 4348 Ideoque,
2953 4287 3010 4332 ut
3034 4294 3191 4348 supra
3214 4279 3346 4344 dixi,

1767 4383 1871 4422 non
1893 4367 2056 4423 semel
2087 4377 2289 4422 tantum
2321 4367 2423 4422 hoc
2451 4368 2689 4438 protulit,
2717 4367 2809 4422 sed
2841 4367 2940 4421 bis.
2962 4367 3093 4422 Cum
3116 4367 3348 4422 dixisset

1764 4459 1928 4522 enim,
1961 4458 2134 4513 Nolite
2156 4469 2352 4528 putare,
2370 4458 2505 4530 quod
2530 4459 2744 4513 venerim
2769 4459 2960 4514 soluere
2984 4457 3162 4529 legem,
3190 4458 3346 4527 adje-

1765 4551 1836 4606 cit
1868 4568 1880 4603 :
1906 4548 2027 4604 Non
2048 4550 2156 4603 veni
2182 4549 2389 4616 solvere,
2419 4550 2507 4603 sed
2528 4549 2825 4620 adimplere.
2850 4549 3077 4604 Rursum
3104 4553 3180 4604 ait
3208 4566 3221 4602 :
3254 4549 3342 4606 18.

1765 4643 1924 4697 Amen
1957 4643 2143 4713 quippe
2166 4642 2278 4695 dico
2307 4641 2461 4707 uobis,
2487 4641 2646 4694 donec
2671 4650 2892 4693 transeat
2917 4640 3096 4694 calum
3118 4649 3161 4695 et
3188 4650 3345 4708 terra,

1763 4733 1867 4787 iota
1891 4750 2049 4786 unum
2086 4742 2175 4786 aut
2216 4748 2349 4786 unus
2391 4747 2524 4802 apex
2552 4749 2652 4785 non
2683 4731 2954 4801 prteteribit
2977 4747 3009 4784 a
3035 4729 3160 4801 lege,
3184 4731 3345 4785 donec

1762 4825 1932 4878 omnia
1959 4824 2102 4891 ﬁant.
2126 4822 2276 4889 Quod
2301 4832 2476 4876 autem
2502 4822 2648 4887 dicit,
2667 4821 2967 4891 hujusmodi
2989 4828 3072 4876 est
3102 4837 3117 4874 :
3144 4819 3345 4889 Impos-

1761 4914 1918 4977 sibile
1946 4923 2029 4968 est
2073 4928 2176 4967 non
2213 4913 2482 4983 impletam
2523 4928 2774 4979 manere,
2805 4911 2899 4967 sed
2943 4912 3026 4967 vel
3064 4911 3342 4966 minimum

1761 5006 2006 5077 quodque
2052 5005 2168 5075 ejus
2214 5005 2420 5075 impleri
2483 5012 2710 5075 oportet.
2743 5003 2892 5069 Quod
2936 5001 3050 5071 ipse
3092 5002 3212 5058 fecit
3251 5003 3342 5071 qui

1761 5105 2009 5153 accurate
2037 5097 2213 5152 omnia
2245 5097 2505 5167 implevit.
2533 5096 2629 5152 llic
2662 5104 2841 5148 autem
2873 5093 3026 5148 nobis
3045 5092 3345 5149 subindicat

1761 5188 1928 5243 totius
1969 5185 2149 5264 mundi
2195 5187 2418 5258 figuram
2471 5184 2852 5241 immutandum
2888 5197 3028 5239 esse.
3071 5183 3184 5240 Nec
3225 5185 3344 5240 sine

1761 5295 1920 5336 causa
1948 5279 2002 5336 id
2032 5280 2227 5351 posuit,
2267 5279 2362 5335 sed
2392 5289 2447 5334 ut
2477 5279 2708 5348 erigeret
2733 5275 3062 5344 auditorem,
3090 5277 3342 5333 ostende-

1761 5381 1952 5444 retquc
1979 5386 2038 5428 se
2070 5371 2193 5442 jure
2220 5371 2379 5426 aliam
2411 5370 2664 5426 inducere
2683 5369 3018 5440 disciplinam
3048 5386 3063 5425 :
3093 5369 3139 5424 si
3163 5367 3346 5424 omnia

1759 5479 1881 5535 quae
1909 5464 1964 5519 in
1991 5463 2190 5519 mundo
2215 5471 2339 5518 sunt
2367 5462 2621 5517 mutanda
2647 5462 2772 5527 sint,
2796 5471 2849 5517 et
2873 5461 2918 5517 sl
2945 5460 3216 5516 hominum
3245 5475 3338 5531 ge-

1759 5571 1862 5611 nus
1907 5554 1974 5610 ad
2024 5556 2180 5610 aliam
2225 5555 2449 5626 patriam
2492 5553 2563 5609 sit
2600 5552 2934 5619 vocandum,
2980 5552 3342 5609 sublimiorem

1761 5647 2052 5720 przeparari
2078 5645 2261 5703 vitam.
2309 5647 2394 5704 19.
2443 5645 2754 5720 Quicumque
2791 5661 2914 5718 ergo
2952 5645 3152 5700 solverit
3176 5659 3340 5697 unum
