3856 6180
442 215 568 271 iis

458 331 524 386 de
549 330 805 386 mandatis
830 329 939 386 istis
964 331 1206 398 minimis,
1240 341 1289 387 et
1324 332 1550 386 docuerit
1570 331 1643 386 sic
1668 332 1912 399 homines,
1941 345 2041 384 tnta

453 425 629 478 nimus
651 423 911 478 vocabitur
934 425 988 479 in
1021 425 1459 496 regno‘carlorum.
1504 424 1790 495 Postquam
1817 423 1957 479 cnim
1985 437 2044 480 se

385 575 388 577 Α
453 534 483 572 a
512 517 649 572 mala
676 517 980 588 suspicione
1018 516 1320 581 vindicavit,
1353 525 1614 572 eteorum
1647 517 1734 587 qui
1768 516 2042 572 contradi-

446 624 580 666 cere
604 608 802 665 vellent
843 623 936 664 ora
965 607 1226 672 obstruit,
1269 617 1392 662 tunc
1429 608 1643 664 demum
1682 617 1736 664 et
1767 616 1960 675 terret,
1989 617 2044 664 et

455 700 631 756 minas
655 700 888 771 graviter
917 701 1142 754 intentat
1167 715 1330 770 super
1359 700 1533 754 futura
1555 701 1690 770 lege.
1719 699 1870 767 Quod
1897 701 2039 756 enim

447 794 508 848 id
551 809 656 849 non
691 794 760 849 de
787 793 1020 864 antiquis
1045 793 1250 862 legibus
1273 793 1502 857 dixerit,
1546 793 1640 850 sed
1675 794 1743 848 de
1778 794 1880 848 illis
1909 807 2042 864 quas

455 887 569 954 ipse
593 886 794 940 laturus
819 893 956 951 erat,
975 885 1098 940 audi
1125 886 1416 956 sequentia.
1441 885 1531 941 20.
1557 884 1685 939 Dico
1707 886 1840 940 enim
1864 886 2001 941 vobis
2019 901 2041 943 :

455 973 577 1031 Nisi
601 975 929 1030 abundaverit
949 977 1150 1047 justitia
1179 985 1339 1030 uestra
1373 978 1487 1048 plus
1511 993 1661 1047 quam
1685 977 1962 1031 scribarum
1992 987 2040 1032 et

458 1067 852 1132 leristeorum,
878 1084 979 1122 non
1003 1067 1254 1124 intrabitis
1279 1070 1332 1122 in
1369 1085 1576 1140 regnum
1601 1070 1859 1124 actorum.
1887 1071 2040 1138 Quod

452 1159 497 1213 si
524 1159 666 1214 circa
691 1167 926 1215 veterem
955 1160 1124 1230 legem
1169 1161 1482 1225 minaretur,
1513 1175 1612 1215 cur
1638 1159 1883 1227 dixisset,
1919 1159 2040 1216 Nisi

451 1251 776 1306 abundaverit
794 1251 822 1306 γ
848 1251 888 1307 Ii
910 1253 1052 1307 enim
1075 1252 1164 1322 qui
1186 1253 1372 1308 eadem
1403 1253 1516 1324 ipsa
1535 1294 1548 1320 ,
1575 1268 1695 1325 qua:
1721 1255 1795 1309 illi
1819 1297 1834 1321 ,
1873 1255 2037 1312 facie-

447 1341 596 1408 bant,
623 1357 727 1398 non
755 1351 1000 1414 poterant
1025 1344 1318 1400 secundum
1343 1345 1563 1414 justitize
1591 1347 1848 1402 rationem
1871 1348 2037 1403 abun-

447 1433 598 1490 dare.
619 1434 722 1490 Sed
749 1435 873 1506 quid
901 1445 1013 1491 erat
1045 1435 1172 1491 illud
1195 1435 1336 1506 quod
1355 1435 1658 1492 abundabat
1676 1439 1699 1492 ?
1717 1438 1832 1494 Non
1855 1439 2032 1509 irasci,

445 1526 725 1581 mulierem
760 1542 870 1581 non
904 1527 1172 1597 impudice
1210 1530 1501 1598 respicere.

518 1619 573 1673 4.
613 1617 723 1673 Cur
768 1632 897 1688 ergo
929 1618 1177 1674 minimas
1217 1619 1333 1674 illas
1375 1621 1580 1676 vocavit
1630 1622 1796 1693 leges,
1825 1624 2033 1683 etiamsi

446 1715 608 1763 tantre
656 1717 869 1780 tamque
896 1709 1151 1765 sublimes
1188 1710 1342 1765 sint?
1371 1711 1503 1779 Quia
1536 1714 1649 1783 ipse
1677 1715 1844 1786 legem
1876 1717 2033 1772 indu-

440 1809 628 1855 cturus
655 1809 788 1855 erat.
818 1799 967 1856 Sicut
989 1801 1131 1856 enim
1157 1815 1216 1857 se
1241 1801 1501 1869 humiliat,
1535 1815 1588 1860 ct
1613 1805 1852 1862 modeste
1889 1823 2032 1878 saepe

445 1894 513 1951 de
539 1896 716 1967 seipso
747 1896 978 1966 loquitur
1007 1914 1021 1951 :
1051 1897 1128 1951 sic
1155 1897 1313 1952 etiam
1337 1899 1475 1953 circa
1509 1899 1676 1970 legem
1707 1915 1856 1956 suam
1883 1904 2027 1973 agit;

441 1996 502 2042 ut
528 2003 625 2043 nos
652 2004 865 2059 quoque
891 1989 976 2044 hic
1001 1987 1192 2044 doceat
1219 1989 1270 2044 in
1297 1991 1545 2047 omnibus
1575 1993 1815 2048 modeste
1844 2009 2026 2065 agere.

446 2079 697 2151 Alioquin
722 2092 904 2135 autem
948 2081 1070 2152 quia
1109 2081 1471 2136 i-nnovationis
1511 2084 1746 2153 suspicio
1784 2085 2026 2157 quaedam

439 2185 563 2226 esse
602 2171 911 2239 videbatur,
957 2172 1273 2228 demissiore
1303 2173 1513 2228 interim
1541 2174 1793 2246 loquendi
1833 2193 2028 2247 genere

440 2265 630 2318 utitur.
654 2261 792 2318 Cum
831 2279 956 2319 vero
983 2265 1134 2319 audis
1158 2265 1434 2320 minimum
1464 2266 1514 2320 in
1542 2281 1712 2336 regno
1748 2269 2024 2338 mulorum,

439 2367 509 2410 ne
529 2355 668 2410 aliud
690 2355 976 2426 suspiceris
996 2373 1152 2427 quam
1179 2357 1478 2427 gehennam
1501 2367 1663 2428 atque
1683 2361 2022 2430 supplicium.

439 2444 680 2516 Regnum
709 2447 852 2502 enim
877 2449 1014 2503 solet
1043 2449 1334 2519 appellare,
1366 2465 1470 2505 non
1497 2451 1887 2509 usuml‘ructum
1910 2471 2026 2510 mo-

436 2539 542 2606 do,
585 2540 678 2596 sed
717 2541 876 2596 etiam
919 2543 1324 2598 resurrectionis
1360 2552 1606 2613 tempus,
1645 2554 1701 2601 et
1738 2547 2022 2603 adventum

438 2629 589 2686 illum
633 2633 947 2688 terribilem.
998 2632 1130 2688 Nam
1181 2634 1451 2704 quomodo
1498 2636 1687 2691 rationi
1734 2648 2021 2694 consenta-

386 2736 389 2737 '
437 2733 594 2779 neum
639 2735 815 2792 esset,
856 2741 978 2782 eum
1019 2729 1108 2797 qui
1136 2725 1356 2782 fratrem
1386 2727 1607 2782 stultum
1637 2741 1811 2798 vocat,
1843 2739 1898 2786 et
1931 2731 2022 2802 qui

435 2817 740 2874 mandatum
771 2835 932 2874 unum
955 2819 1136 2886 violat,
1167 2819 1218 2874 in
1241 2819 1539 2890 gehennam
1568 2822 1801 2879 incidere
1827 2841 1842 2887 ;
1872 2824 2019 2878 illum

436 2927 565 2966 vero
609 2913 697 2981 qui
739 2912 918 2966 omnia
957 2922 1222 2982 praecepta
1250 2912 1490 2979 solverit,
1523 2921 1577 2968 et
1619 2914 1750 2970 alios
1770 2909 1838 2970 ad
1879 2915 2018 2988 idip-

430 3018 550 3058 sum
579 3003 867 3070 induxerit,
898 3004 951 3059 in
980 3019 1147 3075 regno
1174 3005 1336 3060 locari
1363 3005 1386 3058 ?
1410 3004 1524 3060 Non
1553 3005 1711 3076 igitur
1737 3007 1838 3062 hoc
1867 3007 2016 3074 dicit,

433 3095 528 3151 sed
561 3095 795 3152 illumeo
825 3105 1066 3167 tempore
1106 3097 1383 3152 minimum
1415 3096 1671 3166 futurum,
1702 3099 1754 3154 id
1786 3108 1887 3165 est,
1925 3101 2022 3157 ab-

429 3187 652 3260 iectum,
698 3188 961 3243 ultimum.
995 3188 1226 3246 Ultimus
1268 3198 1443 3246 autem
1475 3201 1597 3246 tunc
1628 3193 1678 3247 in
1721 3193 2017 3264 gehennam

431 3277 648 3334 incidet.
696 3278 906 3334 Etenim
951 3288 1134 3350 utpote
1165 3280 1304 3336 Deus
1333 3282 1618 3337 multorum
1643 3286 2014 3355 negligentiam

433 3368 758 3437 praevidebat
777 3411 790 3435 ,
819 3379 874 3424 et
897 3369 1154 3442 quosdam
1183 3370 1389 3427 futuros
1413 3388 1533 3430 esse
1557 3375 1646 3445 qui
1683 3375 1770 3430 illa
1795 3393 1890 3447 per
1913 3377 2015 3450 hy-

429 3461 683 3533 perbolen
728 3462 901 3517 Solum
950 3463 1090 3519 dicta
1136 3479 1257 3520 esse
1301 3475 1584 3535 putarent,
1636 3476 1690 3522 et
1742 3467 1830 3540 qui
1873 3470 2013 3525 circa

429 3556 573 3628 leges
597 3556 1038 3612 ratiocinarentur
1058 3565 1109 3613 et
1127 3556 1368 3614 dicerent
1397 3575 1411 3614 ε
1437 3559 1494 3615 Si
1515 3575 1644 3631 ergo
1669 3563 1786 3633 quis
1815 3556 2013 3620 fatuum

429 3649 717 3714 vocaverit,
745 3650 963 3721 punitur
985 3650 1009 3703 ?
1030 3649 1073 3704 si
1106 3651 1381 3706 mulierem
1423 3652 1739 3722 simpliciter
1759 3671 2011 3725 respexe-

429 3739 520 3805 rit,
548 3739 788 3795 mmchus
811 3738 1042 3795 efﬁcitur
1065 3741 1091 3794 ?
1132 3741 1255 3797 Ideo
1282 3741 1424 3796 illam
1456 3743 1648 3799 tollens
1675 3747 2009 3814 socordiam,

429 3815 602 3889 minas
643 3833 868 3888 intentat
899 3833 1156 3888 maximas
1183 3832 1460 3904 utrisque,
1489 3843 1543 3889 et
1571 3836 2011 3906 transgredienti-

428 3924 550 3988 bus,
577 3933 633 3980 et
654 3925 792 3979 alios
822 3924 886 3979 ad
917 3923 1020 3978 hoc
1050 3923 1442 3980 inducentibus.
1478 3926 1646 3981 Minas
1687 3928 1862 3998 itaque
1886 3944 2011 3986 cer-

427 4026 636 4082 nentes,
666 4032 839 4087 neque
858 4015 953 4086 ipsi
980 4016 1450 4087 transgrediamur,
1474 4031 1644 4085 neque
1668 4017 1780 4074 hcce
1800 4035 2012 4076 servare

425 4107 667 4161 volentes
711 4114 1037 4162 avertamus.
1093 4105 1196 4174 Qui
1237 4117 1404 4160 autem
1446 4109 1620 4178 fecerit
1656 4118 1705 4162 et
1751 4109 2007 4180 docuerit,

425 4199 616 4269 inquit,
671 4216 882 4271 magnus
925 4199 1201 4254 vocabitur.
1229 4197 1348 4254 Non
1396 4199 1538 4254 enim
1579 4201 1732 4256 nobis
1778 4211 2007 4271 tantum,

424 4291 519 4347 sed
556 4301 612 4346 et
660 4291 780 4346 aliis
823 4291 979 4346 utiles
1019 4306 1144 4346 esse
1186 4290 1464 4346 debemus.
1511 4291 1694 4362 Neque
1727 4295 1868 4350 enim
1916 4311 2012 4366 par

425 4397 632 4438 merces
670 4393 753 4438 est
795 4383 844 4439 ei
884 4383 971 4454 qui
1000 4399 1059 4439 se
1086 4382 1152 4437 ad
1199 4393 1344 4440 recte
1385 4383 1683 4441 faciendum
1715 4398 2006 4458 comparat,

423 4482 480 4528 et
523 4472 574 4529 ei
629 4473 718 4544 qui
779 4487 962 4528 secum
1019 4473 1183 4527 alium
1228 4473 1295 4528 ad
1342 4473 1394 4528 id
1440 4474 1674 4531 adducit.
1726 4477 2007 4545 Quemad-

425 4564 644 4621 modum
675 4565 817 4620 enim
853 4565 1047 4620 docere
1088 4574 1144 4621 et
1183 4582 1288 4620 non
1331 4565 1523 4631 facere,
1557 4565 1877 4623 condemnat
1901 4569 2009 4624 do-

423 4668 670 4724 centem,
721 4658 886 4728 (nam
929 4657 1048 4713 ait:
1086 4657 1188 4725 Qui
1229 4658 1377 4713 doces
1406 4659 1604 4725 alium,
1646 4661 1858 4730 teipsum
1903 4678 2007 4716 non

421 4751 569 4806 doces
597 4749 787 4825 lnam.
826 4749 880 4806 2.
911 4750 1057 4823 21])
1087 4751 1111 4806 ?
1154 4751 1232 4807 sic
1279 4750 1471 4817 facere,
1517 4767 1616 4808 nec
1661 4753 1793 4808 alios
1839 4754 1904 4808 ad
1934 4754 2008 4809 fa-

422 4842 673 4900 ciendum
703 4841 957 4899 inducere
975 4883 991 4908 ,
1019 4841 1319 4898 mercedem
1347 4842 1556 4897 minuit.
1595 4843 1817 4914 Oportet
1851 4844 2008 4916 igitur

422 4935 475 4991 in
521 4943 748 5008 utroque
785 4949 1094 5005 supremum
1135 4949 1273 5000 esse,
1312 4941 1367 4988 et
1412 4950 1533 4988 cum
1579 4942 1631 4989 te
1667 4935 1896 5004 priorem
1939 4935 2005 4992 ad

421 5027 856 5085 benel'aciendum
899 5024 1172 5082 induxeris
1194 5067 1210 5092 ,
1246 5024 1310 5080 ad
1350 5024 1577 5080 aliorum
1610 5040 1790 5081 curam
1828 5035 2004 5082 trans-

418 5119 653 5176 eundum
692 5127 792 5174 est.
835 5117 1038 5174 idcirco
1061 5116 1203 5172 enim
1230 5116 1345 5186 ipse
1369 5130 1531 5186 opera
1561 5124 1686 5173 ante
1709 5116 2004 5198 doctrinam

421 5214 621 5283 posuit,
665 5212 956 5269 ostendens
1000 5213 1078 5268 sic
1102 5210 1304 5282 optime
1349 5207 1596 5281 quemvis
1633 5225 1691 5266 se
1718 5209 1785 5270 ad
1815 5209 2005 5267 docen-

417 5303 548 5360 dum
573 5293 912 5373 comparare,
945 5318 1119 5375 neque
1144 5301 1252 5358 alio
1290 5301 1450 5358 modo
1479 5317 1748 5373 umquam.
1780 5299 2008 5357 Auditu-

417 5411 512 5458 rus
551 5405 694 5452 esset
722 5395 867 5452 enim
889 5437 904 5463 ,
933 5395 1150 5464 Medice,
1185 5411 1312 5450 cura
1337 5394 1552 5464 teipsum
1593 5395 1613 5463 (
1635 5391 1762 5448 Luc.
1788 5393 1844 5450 4.
1865 5393 1938 5449 23
1958 5391 2002 5463 ).

419 5489 521 5559 Qui
559 5490 702 5546 enim
740 5473 860 5545 cum
904 5489 1140 5559 seipsum
1183 5489 1377 5544 docere
1413 5503 1518 5542 non
1563 5487 1826 5557 pomerit,
1871 5485 2006 5542 alios

419 5579 718 5642 emendare
740 5587 988 5646 conatur,
1021 5594 1052 5633 a
1086 5578 1263 5634 multis
1289 5577 1596 5655 irridebitur
1627 5595 1645 5643 ;
1674 5577 1781 5632 imo
1809 5592 1876 5632 ne
1902 5576 2004 5632 do-

413 5689 542 5732 cere
587 5673 801 5746 quidem
851 5672 939 5730 ille
982 5672 1208 5746 poterit,
1253 5671 1381 5744 ipsis
1428 5669 1677 5744 operibus
1727 5667 1994 5726 contraria

1206 215 1262 273 S.
1303 214 1579 274 JOANNIS
1618 211 2087 276 GIIRYSOS‘I‘OMI
2125 211 2447 274 ARCIIIEP.
2485 218 3022 279 CONSTANTlNOP.

3632 221 3727 278 ’211

2151 331 2578 392 testificantibus.
2621 334 2678 392 Si
2717 351 2848 393 vero
2893 337 2946 393 in
2988 345 3214 410 utroque
3256 335 3528 410 perfectus
3554 335 3728 404 fuerit,

2149 439 2374 496 magnus
2401 426 2682 483 vocabitur
2713 429 2764 484 in
2800 444 2967 501 regno
2991 429 3264 486 czclorum.
3305 429 3436 486 Dico
3480 431 3618 484 enim
3644 447 3730 484 ro-

2148 517 2245 584 bis,
2281 516 2401 572 Nisi
2425 519 2750 575 ubstndaverit
2779 523 2980 593 justitia
3015 531 3177 576 uestra
3205 522 3321 591 plus
3352 539 3503 592 quam
3541 522 3731 577 scriba-

2146 621 2262 662 rum
2285 618 2332 662 et
2352 606 2750 677 PImristeorum,
2774 627 2877 665 non
2892 610 3142 666 intrabitis
3161 613 3214 666 iu
3232 629 3446 682 regnum
3468 613 3727 667 calorum.

2148 697 2245 753 llic
2280 698 2571 768 justitiam,
2613 715 2829 758 omnem
2871 713 3023 758 vocat
3060 703 3348 767 virtutem;
3389 704 3634 758 utetiam
3669 703 3733 759 de

2145 791 2282 847 Jobo
2302 808 2527 849 narrans
2551 794 2762 850 dicebat
2789 813 2801 850 :
2834 795 2904 850 Et
2931 805 3039 851 erat
3067 796 3218 850 homo
3245 795 3728 864 irrepreheusibilis,

2145 882 2310 950 justus
2351 883 2492 954 (Job
2535 884 2714 954 1.1).
2771 884 3077 942 Secundum
3122 885 3262 940 lianc
3293 885 3730 956 justiticationem

2140 973 2344 1044 justum
2389 975 2536 1031 illum
2579 976 2776 1032 Paulus
2825 977 3085 1043 vocabat,
3117 977 3203 1034 cui
3240 978 3413 1048 legem
3441 992 3546 1034 non
3583 979 3728 1048 posi-

2145 1073 2253 1120 tam
2305 1081 2426 1122 esse
2469 1067 2682 1122 dicebat
2728 1086 2742 1122 :
2791 1067 2942 1124 Justo
2986 1069 3120 1122 enim
3169 1069 3255 1124 (ea:
3299 1085 3404 1123 non
3446 1070 3612 1135 posita
3663 1078 3731 1125 est

2142 1156 2242 1226 (1.
2269 1156 2406 1214 Tim.
2438 1160 2490 1213 1.
2521 1159 2621 1229 9),
2669 1159 2860 1230 inquit.
2905 1160 3166 1231 Sameque
3213 1161 3338 1216 alibi
3384 1161 3486 1216 hoc
3533 1177 3728 1218 nomen

2142 1263 2240 1319 pro
2258 1252 2494 1321 generali
2522 1253 2719 1308 virtute
2747 1254 2975 1323 positum
3003 1255 3239 1324 reperire
3255 1263 3340 1310 est
3359 1253 3462 1325 (α).
3491 1253 3570 1310 Tu
3599 1270 3722 1311 verc

2142 1342 2271 1396 mihi
2321 1343 2593 1413 perpende
2621 1348 2807 1415 gratia:
2844 1354 3187 1416 augmentum
3208 1388 3224 1411 ,
3252 1345 3468 1417 quando
3495 1346 3728 1416 discipu-

2142 1431 2223 1486 los
2267 1431 2442 1488 adhuc
2482 1433 2645 1489 rudes
2687 1434 2802 1490 vult
2845 1437 3042 1494 veteris
3093 1436 3224 1506 legis
3257 1436 3565 1494 doctoribus
3610 1453 3728 1494 esse

2140 1525 2411 1580 meliores.
2455 1524 2672 1581 Scribas
2717 1535 2893 1583 autem
2930 1537 2985 1585 et
3023 1529 3322 1585 Pharisazos
3366 1529 3453 1586 hic
3481 1546 3587 1586 non
3622 1530 3727 1585 im-

2139 1616 2338 1687 probos
2381 1630 2788 1686 commemorat,
2820 1620 2918 1676 sed
2970 1621 3211 1691 mbos;
3255 1622 3357 1679 nisi
3393 1624 3538 1678 enim
3559 1623 3724 1696 probi

2137 1719 2351 1777 essent,
2385 1725 2719 1781 nequaquam
2745 1726 2844 1768 eos
2873 1712 3076 1769 diceret
3101 1713 3298 1770 habere
3316 1713 3599 1784 justitiam,
3633 1730 3728 1770 nc-

2134 1816 2240 1872 que
2256 1801 2516 1871 justitiam
2537 1815 2644 1856 non
2665 1803 3010 1859 exsistentem
3039 1818 3160 1859 cum
3181 1805 3474 1862 exsistente
3496 1819 3724 1875 compa-

2134 1902 2296 1948 raret.
2327 1881 2604 1963 Perpende
2641 1902 2820 1949 autem
2848 1894 2954 1950 hoc
2977 1895 3095 1951 loco
3131 1896 3398 1966 quomodo
3435 1911 3556 1953 esse
3580 1907 3726 1954 vetco

2133 1997 2248 2040 rem
2297 1983 2477 2054 legem
2530 1985 2894 2053 commendet,
2945 1986 3073 2042 dum
3116 2002 3236 2044 eam
3281 1997 3557 2058 comparat
3598 2004 3724 2044 cum

2131 2090 2268 2129 nova
2299 2090 2315 2129 :
2357 2074 2501 2144 quod
2530 2090 2662 2132 sane
2689 2076 2924 2132 declarat
2963 2077 3108 2132 illam
3137 2077 3258 2133 huic
3292 2093 3414 2134 esse
3438 2088 3723 2149 cognatam

2130 2177 2186 2222 et
2208 2167 2422 2222 amnem
2451 2183 2465 2220 :
2500 2183 2621 2222 nam
2649 2168 2767 2240 plus
2792 2177 2846 2224 et
2873 2169 3052 2224 minus
3074 2170 3313 2240 ejusdem
3339 2171 3553 2242 generis
3573 2179 3721 2226 sunt.

2129 2257 2245 2313 Non
2275 2258 2434 2329 igitur
2471 2259 2637 2314 veteri
2675 2260 2960 2325 obtrectat,
2992 2259 3088 2316 sed
3136 2259 3280 2316 illam
3320 2262 3500 2332 augeri
3526 2263 3640 2315 vult
3662 2272 3724 2318 et

2127 2351 2344 2406 extendi
2377 2369 2392 2405 :
2422 2367 2541 2422 quae
2573 2351 2620 2406 si
2665 2365 2693 2404 a
2737 2351 2879 2406 malo
2910 2352 3167 2422 prodiret,
3191 2369 3296 2406 non
3327 2353 3557 2422 amplius
3582 2354 3716 2424 quid

2129 2443 2182 2497 in
2214 2443 2297 2498 illa
2329 2451 2613 2510 maereret,
2646 2459 2820 2514 neque
2865 2444 3009 2499 illam
3054 2443 3424 2514 perfectiorcm
3453 2447 3722 2504 reddidis-

2127 2545 2230 2599 set,
2261 2535 2357 2590 sed
2403 2535 2742 2604 explosisset.
2788 2535 2859 2592 Et
2896 2535 3188 2607 quomodo,
3221 2537 3458 2608 inquies,
3504 2539 3550 2594 si
3597 2541 3722 2596 talis

2127 2635 2229 2694 est,
2275 2628 2328 2682 in
2380 2643 2598 2698 regnum
2623 2627 2736 2698 jam
2767 2643 2872 2683 non
2902 2629 3108 2686 inducit
3133 2630 3155 2686 ?
3182 2629 3299 2686 Non
3330 2630 3531 2687 inducit
3567 2641 3719 2688 certe

2124 2735 2220 2776 eos
2265 2722 2354 2792 qui
2400 2729 2520 2791 post
2543 2720 2746 2777 Christi
2788 2721 3084 2778 adventum
3127 2723 3289 2778 vitam
3326 2723 3715 2791 instituerunt,

2127 2823 2310 2882 utpote
2359 2813 2446 2884 qui
2501 2813 2758 2884 majorem
2807 2814 3122 2885 consequuti
3169 2816 3455 2882 virtutem,
3506 2817 3718 2886 majora

2123 2906 2322 2961 debent
2361 2906 2512 2961 adire
2559 2907 2852 2963 certamina
2892 2922 2908 2961 :
2947 2923 3075 2964 nam
3099 2908 3346 2964 alumnos
3365 2923 3494 2964 suos
3523 2925 3719 2966 «smiles

2123 3013 2190 3053 eo
2231 2998 2538 3053 introducit.
2573 2998 2728 3052 Multi
2769 3000 2904 3054 enim
2945 3000 3144 3054 uenient
3169 3001 3232 3055 ab
3276 3001 3469 3055 oriente
3507 3011 3552 3055 et
3578 3004 3713 3057 occi-

2123 3091 2290 3155 dente,
2323 3089 2511 3160 inquit,
2533 3100 2583 3146 et
2605 3092 2894 3146 recumbam
2929 3093 2984 3147 in
3012 3093 3130 3148 sinu
3154 3093 3373 3148 Abrahae
3397 3104 3445 3147 et
3469 3093 3641 3149 Isaaci
3664 3105 3716 3150 et

2119 3183 2301 3240 Jacobi
2323 3185 2608 3257 (Matth.8.
2635 3184 2745 3257 11).
2775 3185 3007 3241 Lazarus
3031 3197 3197 3250 certe,
3225 3187 3314 3256 qui
3347 3187 3552 3257 magnis
3581 3186 3715 3242 (ubi?

2122 3285 2208 3332 tur
2233 3278 2491 3349 prmmiis,
2520 3278 2575 3332 in
2605 3277 2721 3348 eius
2751 3279 2868 3333 sinu
2910 3293 3133 3334 versans
3158 3290 3380 3349 apparet
3417 3279 3569 3350 (Luc.
3596 3281 3712 3351 16).

2119 3369 2190 3425 Et
2233 3379 2494 3442 quotquot
2521 3371 2575 3426 in
2618 3371 2789 3427 veteri
2829 3372 2944 3444 lege
2988 3371 3277 3428 admodum
3319 3371 3606 3436 refulsere.
3655 3375 3713 3434 id

2120 3478 2217 3534 per
2256 3463 2399 3518 illam
2429 3463 2705 3535 asseqqui
2751 3472 2895 3519 sunt.
2940 3463 3186 3520 Christus
3229 3478 3380 3529 vero,
3411 3465 3458 3519 si
3501 3464 3588 3521 lex
3619 3465 3713 3522 illa

2118 3556 2257 3611 mala
2300 3565 2357 3611 et
2398 3556 2568 3611 aliena
2615 3555 2840 3623 fuisset,
2884 3571 2989 3612 non
3018 3557 3161 3612 illam
3189 3571 3405 3614 omnem
3430 3556 3714 3628 implevist

2116 3657 2220 3705 set.
2261 3647 2396 3704 Nam
2441 3649 2486 3704 si
2515 3649 2567 3704 id
2611 3649 2786 3705 solum
2819 3647 3029 3704 fecisset
3056 3657 3116 3703 ut
3147 3648 3362 3704 Judmos
3389 3649 3708 3715 attraheret,

2117 3759 2224 3800 non
2250 3752 2427 3799 autem
2463 3752 2523 3798 ut
2554 3741 2862 3798 ostenderet
2906 3755 3028 3797 eam
3056 3749 3334 3812 cognatam
3363 3755 3484 3796 esse
3510 3750 3565 3798 et
3585 3740 3712 3796 afﬁ-

2116 3854 2237 3894 nem
2262 3851 2416 3893 novaa
2443 3835 2566 3907 legi,
2593 3851 2690 3891 cur
2713 3847 2819 3890 non
2847 3833 3008 3889 etiam
3033 3833 3314 3904 gentilium
3340 3832 3491 3904 leges
3516 3841 3572 3889 et
3597 3847 3710 3889 mo

2116 3943 2205 3984 res
2231 3927 2579 3998 implevisset,
2614 3936 2671 3980 ut
2696 3924 2931 3996 gentiles
2955 3921 3341 3994 pertraheret?

2188 4019 2242 4076 5.
2278 4017 2525 4088 Undique
2561 4031 2691 4088 ergo
2720 4017 2898 4088 palam
2927 4023 3011 4071 est
3037 4029 3156 4089 eam
3183 4029 3215 4068 a
3244 4013 3588 4073 Christonon
3613 4015 3704 4070 ἰιιο

2115 4111 2258 4177 duci,
2296 4127 2402 4166 non
2428 4108 2568 4181 quod
2595 4109 2734 4164 mala
2761 4108 2852 4174 sit,
2881 4106 2978 4163 sed
3008 4105 3149 4178 quod
3179 4107 3437 4176 majorum
3465 4106 3536 4160 sit
3561 4121 3709 4176 ιιι-κου.

2114 4217 2390 4278 ceptorum
2409 4214 2640 4275 tempus.
2659 4201 2880 4258 Etiamsi
2907 4216 3032 4256 vero
3057 4199 3419 4269 imperfectior
3441 4201 3515 4256 sit
3539 4215 3709 4270 quam

2117 4313 2274 4364 nova,
2302 4297 2354 4353 id
2381 4306 2526 4353 certe
2545 4311 2652 4351 non
2675 4294 2866 4365 probat
2887 4293 3056 4362 ipsam
3081 4306 3203 4348 esse
3221 4292 3415 4347 malam
3433 4309 3448 4346 :
3465 4293 3710 4362 alioquin

2113 4397 2288 4445 autem
2319 4403 2454 4444 nova
2478 4389 2528 4442 in
2553 4384 2796 4441 eamdem
2826 4383 3084 4438 incideret
3110 4381 3496 4437 conditionem.
3520 4382 3710 4452 Siqui.

2112 4482 2234 4537 dem
2261 4480 2417 4550 hujus
2445 4477 2688 4542 scientia,
2718 4477 2763 4531 si
2788 4490 2909 4531 cum
2938 4473 3128 4530 futura:
3157 4474 3278 4530 vita:
3297 4474 3526 4530 scientia
3543 4488 3708 4530 cout-

2113 4581 2350 4644 parctur,
2383 4571 2577 4639 exigua
2605 4578 2659 4624 et
2687 4565 2995 4637 imperfecta
3019 4573 3124 4631 est,
3153 4574 3316 4635 atque
3343 4565 3430 4619 illa
3449 4564 3708 4622 veniente

2113 4673 2418 4721 evacuatur.
2445 4663 2579 4718 Nam
2602 4660 2734 4716 Cum
2761 4659 2981 4724 uenerit,
3023 4657 3228 4728 inquit,
3258 4656 3395 4723 quod
3424 4655 3707 4726 perfectum

2111 4768 2204 4821 est,
2229 4767 2346 4813 tunc
2370 4754 2692 4810 evacuabitur
2709 4750 2844 4822 quod
2873 4765 2936 4804 ea:
2961 4757 3104 4820 parte
3121 4756 3195 4802 est
3219 4747 3238 4818 (
3248 4747 3294 4801 1.
3311 4744 3544 4802 Coms.
3570 4746 3662 4814 10)
3681 4761 3701 4800 :

2110 4849 2251 4923 quod
2282 4865 2378 4920 per
2403 4847 2608 4904 Novam
2634 4843 2800 4899 Vetus
2827 4855 3080 4914 perpessa
3107 4847 3209 4894 est.
3239 4838 3347 4894 Nec
3371 4845 3550 4894 tamen
3578 4851 3706 4908 pro-

2112 4953 2294 5016 pterea
2325 4940 2467 4996 illam
2495 4934 2919 4995 criminabimur,
2952 4931 3076 4986 licet
3107 4929 3196 4984 illa
3222 4937 3419 4992 cesset,
3448 4942 3572 4984 cum
3602 4941 3704 4984 nos

2111 5048 2277 5105 regno
2299 5035 2567 5104 potiemur
2591 5046 2603 5082 :
2629 5026 2774 5081 Tunc
2797 5025 2939 5082 enim
2965 5021 3283 5078 «sanabitur
3303 5019 3441 5091 quod
3467 5036 3533 5074 es
3555 5029 3704 5090 parts

2111 5137 2205 5196 est,
2229 5125 2435 5197 inquit:
2452 5122 2596 5178 illam
2620 5128 2797 5176 tamen
2819 5130 3064 5188 magnam
3089 5113 3336 5172 dicimus.
3355 5110 3494 5168 Cum
3519 5111 3703 5182 itaque

2113 5223 2312 5296 majora
2341 5219 2449 5277 sint
2474 5217 2715 5291 praemia,
2743 5214 3080 5286 ampliorque
3103 5209 3332 5282 Spiritus
3355 5209 3550 5276 virtus,
3577 5207 3702 5279 jure

2177 5487 2248 5552 (α)
2271 5484 2599 5552 παίω-οιίιηψ
2629 5481 2876 5552 antiquis,
2891 5479 3104 5552 justitia,
3146 5478 3200 5531 iu
3219 5492 3434 5552 genere
3456 5475 3698 5552 promisi

2109 5541 2296 5602 virtute
2321 5549 2487 5600 habita
2509 5545 2629 5608 {uiti
2647 5544 2721 5595 sic
2739 5541 3068 5608 Empedocles
3094 5541 3613 5608 'apud'aristolelem:

2243 5611 2321 5660 'Ev
2336 5611 2398 5671 ,δε
2419 5607 2691 5671 ᾅὶξιαιοσύνῃ
2718 5603 2985 5671 σμλλῆϐδην
3008 5604 3121 5671 ndo'
3136 5603 3289 5671 Ἐρςτή
3321 5603 3444 5654 ’στιν

2248 5673 2272 5722 ι
2277 5685 2310 5723 η
2317 5667 2514 5736 iustitia
2539 5667 2868 5738 onmisgvirttts
2884 5667 3325 5731 cmnprsltettdt'tttr.
