3856 6180
163 281 262 337 215

160 396 361 465 majora
389 397 735 468 requiruntur
793 395 935 453 dona
994 400 1031 454 ¹.
1088 397 1208 455 Non
1262 399 1371 471 jam
1424 405 1560 450 terra
1591 396 1725 449 lacte

156 499 211 546 et
244 491 405 547 melle
438 506 658 546 manans
695 492 1052 562 promittitur,
1095 506 1198 544 non
1243 500 1494 544 senectus
1523 489 1726 552 vivida,

160 596 259 637 non
306 582 595 637 multitudo
621 583 883 648 filiorum,
920 597 1025 636 non
1074 582 1390 635 frumentum
1431 590 1484 635 et
1516 580 1725 643 vinum,

159 688 258 727 non
286 689 483 745 greges
509 683 562 728 et
587 682 823 727 armenta
848 690 862 735 ;
900 672 991 726 sed
1019 673 1203 726 cadum
1236 682 1287 725 et
1313 671 1540 726 caelestia
1568 671 1726 732 bona,

157 766 371 834 adoptio
392 776 449 820 et
476 765 775 820 fraternitas
800 781 918 819 cum
944 763 1245 834 Unigenito,
1274 764 1580 819 hereditatis
1603 778 1728 817 eon-

158 857 408 920 sortium,
452 856 632 926 gloriae
659 866 713 912 et
743 856 886 927 regni
932 856 1189 919 societas,
1232 856 1614 925 iunumeraque
1643 855 1727 908 illa

160 951 394 1020 praemia.
424 950 577 1017 Quod
612 958 793 1004 autem
834 948 1023 1019 majori
1068 947 1262 1003 auxilio
1295 948 1565 1014 fruamur,
1607 947 1727 1001 audi

157 1042 373 1096 Paulum
396 1041 702 1097 dicentem:
726 1040 873 1094 Nihil
908 1056 1025 1111 ergo
1063 1041 1171 1109 iam
1199 1039 1540 1093 damnationis
1566 1049 1640 1092 est
1665 1038 1729 1092 iis

154 1137 233 1202 qui
255 1144 376 1187 sunt
399 1134 453 1186 in
470 1132 672 1189 Christo
695 1131 837 1198 Jesu,
869 1134 954 1201 qui
980 1149 1078 1185 non
1106 1132 1376 1185 secundum
1403 1147 1603 1183 carnem
1621 1146 1728 1183 ant-

156 1226 345 1291 bulant,
378 1227 469 1279 sed
492 1226 763 1280 secundum
799 1226 1046 1294 spiritum.
1081 1223 1187 1277 Lex
1220 1224 1349 1276 enini
1377 1224 1582 1291 spiritus
1616 1222 1730 1275 vita:

154 1316 377 1371 liberavit
419 1334 501 1370 me
540 1335 573 1371 a
614 1317 720 1389 lege
760 1318 949 1387 peccati
985 1326 1034 1369 et
1077 1317 1251 1370 mortis
1278 1317 1450 1385 (Rom.
1480 1314 1535 1371 8.
1570 1315 1619 1369 1.
1647 1313 1725 1383 2).

154 1407 519 1463 (‘omminatns
564 1409 740 1478 itaque
770 1408 1248 1477 transgressoribus
1270 1448 1284 1470 ,
1309 1416 1370 1461 et
1395 1421 1582 1476 magna
1608 1405 1723 1475 pol-

157 1501 321 1555 licitus
344 1502 563 1570 pi-mmia
586 1512 728 1556 recte
747 1502 1045 1571 agentibus,
1060 1510 1119 1555 ut
1138 1499 1368 1555 ostendit
1388 1499 1504 1569 plus
1525 1515 1554 1551 a
1575 1498 1728 1553 nobis

154 1594 262 1661 jure
307 1594 492 1663 exigi,
540 1610 697 1663 quam
737 1608 1015 1649 mensuras
1061 1594 1295 1662 priores,
1341 1592 1553 1647 demum
1584 1592 1727 1660 leges

157 1694 384 1741 statuere
416 1687 624 1756 incipit,
656 1700 760 1740 non
787 1685 1124 1756 simpliciter,
1155 1686 1250 1740 sed
1277 1685 1411 1739 facta
1440 1700 1559 1739 cum
1586 1684 1727 1738 anti—

153 1778 264 1847 quis
290 1777 554 1847 legalibus
584 1777 1011 1847 comparatione;
1057 1777 1172 1831 haec
1198 1775 1307 1830 duo
1330 1775 1516 1831 volens
1539 1784 1723 1829 osten-

154 1869 294 1934 dere,
322 1885 386 1925 se
410 1869 662 1925 videlicet
686 1884 791 1925 non
818 1870 995 1940 priora
1022 1869 1418 1941 impugnantem
1440 1910 1455 1933 ,
1484 1866 1580 1922 sed
1604 1882 1727 1924 cum

156 1962 250 2017 illis
274 1962 571 2017 admodum
598 1970 1015 2024 consonantem,
1054 1961 1153 2016 bas
1187 1970 1420 2015 statuere
1462 1960 1638 2030 leges,
1665 1973 1729 2014 ac

153 2055 262 2122 jure
305 2066 716 2126 Opportuneque
765 2055 878 2110 haec
924 2070 1060 2109 nova
1104 2055 1373 2111 veteribus
1417 2053 1722 2124 adiungere.

155 2147 297 2216 Quod
327 2158 389 2202 ut
411 2148 610 2203 clarius
636 2147 844 2211 evadat,
873 2148 984 2217 ipsa
1015 2146 1332 2217 legislatoris
1357 2144 1517 2201 verba
1543 2144 1728 2199 audia-

154 2256 287 2293 mus.
328 2239 473 2307 Quid
502 2240 661 2310 igitur
684 2240 757 2294 ait
782 2239 906 2294 ille?
932 2238 1021 2292 2i.
1053 2238 1276 2293 Audistis
1300 2238 1421 2308 quia
1442 2237 1633 2291 dictum
1655 2245 1728 2291 est

154 2332 387 2401 antiquis,
419 2329 544 2385 Non
568 2331 764 2385 occides
789 2328 980 2400 (Exod.
1010 2330 1100 2386 20.
1131 2329 1243 2401 15).
1272 2328 1428 2401 Atqui
1453 2329 1498 2383 is
1526 2329 1615 2400 qui
1639 2329 1725 2383 illa

153 2423 313 2485 dedit,
349 2424 464 2492 ipse
481 2432 597 2488 est;
626 2424 723 2479 sed
747 2424 956 2478 interim
975 2422 1397 2493 impersonaliter
1417 2422 1530 2478 lucc
1555 2423 1723 2492 ponit.

156 2514 208 2569 Si
238 2515 377 2569 enim
415 2515 679 2579 dixisset,
724 2514 960 2571 Audistis
986 2529 1070 2570 me
1096 2514 1294 2570 dixisse
1320 2513 1586 2584 antiquis,
1618 2529 1725 2567 non

156 2617 401 2676 acceptus
429 2607 617 2661 fuisset
646 2607 733 2663 liic
774 2622 951 2662 sermo
972 2647 986 2669 .
1036 2622 1136 2662 nec
1164 2605 1504 2662 audientibus
1526 2605 1725 2676 proba—

157 2709 266 2761 tus;
295 2698 339 2752 si
370 2714 502 2754 vero
532 2699 791 2754 dixisset:
817 2699 1050 2753 Audistis
1091 2699 1210 2769 quia
1256 2698 1455 2753 dictum
1481 2705 1565 2752 est
1589 2698 1726 2751 anti-

155 2791 270 2861 quis
291 2807 319 2842 a
348 2791 507 2846 Patre
533 2806 686 2855 meo,
724 2790 1021 2860 deindeque
1048 2790 1341 2855 intulisset,
1387 2789 1500 2860 Ego
1545 2798 1724 2843 autem

154 2884 293 2948 dico,
340 2883 514 2951 major
554 2884 849 2953 arrogantia
878 2884 985 2939 visa
1025 2882 1227 2938 fuisset.
1264 2882 1599 2953 Quapropter
1627 2882 1727 2936 hoc

157 2975 469 3043 simpliciter
498 2976 672 3045 posuit
699 2976 764 3028 ad
795 2976 894 3029 hoe
919 2992 1078 3031 unum
1105 2987 1374 3045 spectans,
1404 2985 1460 3029 ut
1480 2974 1727 3029 ostende-

156 3076 236 3119 ret
258 3081 317 3121 sc
340 3068 453 3136 jam
483 3076 780 3145 opportuno
811 3076 1048 3136 tempore
1075 3069 1175 3122 hoc
1199 3067 1396 3123 dicere.
1424 3068 1556 3122 Cum
1583 3068 1725 3121 enim

158 3160 259 3223 ait,
307 3158 441 3226 Quia
484 3158 675 3212 dictum
703 3170 774 3213 est
801 3160 1050 3230 antiquis.
1100 3159 1319 3214 multum
1364 3158 1729 3214 intercessisse

160 3253 411 3323 temporis
437 3252 762 3317 declaravit,
791 3269 854 3309 ex
883 3270 988 3324 quo
1014 3253 1117 3308 hoc
1147 3262 1469 3322 praiceptum
1495 3267 1723 3322 accepe-

159 3356 291 3400 rant.
324 3345 440 3401 Hoc
465 3361 595 3402 vero
635 3346 788 3407 fecit,
835 3354 891 3401 ut
932 3347 1226 3401 auditorem
1259 3345 1626 3416 pudefaceret,
1658 3346 1726 3399 ad

162 3440 468 3496 sublimiora
498 3443 585 3497 illa
614 3442 760 3498 adire
787 3453 1049 3511 prmcepta
1080 3451 1448 3507 cunctantem;
1488 3443 1561 3495 uti
1592 3440 1727 3495 solet

160 3533 403 3603 magister
426 3549 599 3604 puero
619 3534 801 3590 dicere
823 3535 1102 3606 negligenti
1132 3553 1145 3588 :
1168 3535 1247 3588 An
1277 3535 1449 3589 nescis
1472 3540 1725 3603 quantum

162 3625 409 3692 temporis
458 3625 513 3679 in
557 3625 877 3696 syllabarum
919 3626 1262 3681 meditatione
1300 3624 1728 3694 consumpseris?

162 3716 263 3770 Hoc
302 3726 359 3770 et
394 3718 512 3786 ipse
539 3719 878 3788 antiquorum
908 3720 1123 3775 nomine
1150 3717 1515 3783 subindicans,
1544 3726 1730 3772 evocat

158 3807 271 3859 illos
292 3808 362 3862 ad
382 3818 651 3879 praecepta
679 3810 918 3875 meliora,
936 3826 1004 3866 ac
1025 3812 1068 3865 si
1089 3811 1291 3867 diceret
1312 3829 1328 3866 ε
1351 3815 1396 3865 Α
1420 3810 1549 3864 satis
1569 3808 1729 3879 longo

159 3909 392 3968 tempore
434 3899 553 3955 haec
587 3900 910 3957 meditamini
937 3919 950 3955 :
975 3912 1185 3974 oportet
1220 3903 1433 3959 demum
1460 3901 1527 3957 ad
1559 3900 1728 3956 subli-

156 3991 314 4044 minra
336 4006 584 4062 pergere.
613 3992 758 4049 Bene
781 4004 956 4050 autem
983 3997 1152 4063 agitur
1172 3996 1310 4066 quod
1344 4004 1727 4066 praeceptorum

154 4085 279 4136 ordo
306 4100 414 4139 non
445 4084 822 4147 confundatur,
849 4087 942 4141 sed
972 4104 1001 4142 a
1029 4089 1205 4158 priore
1233 4088 1535 4158 incipiatur,
1567 4105 1597 4142 a
1623 4103 1727 4159 quo

159 4178 233 4229 lex
264 4177 463 4248 incepit
487 4178 718 4232 :etenim
750 4178 875 4233 illud
908 4180 1077 4247 ipsum
1106 4180 1445 4234 concordiam
1473 4180 1725 4235 ostendit.

156 4268 240 4321 32.
266 4268 380 4339 Ego
410 4278 583 4321 autem
616 4268 728 4321 dico
754 4268 917 4331 vobis,
948 4271 1184 4331 quoniam
1211 4272 1293 4339 qui
1320 4271 1553 4325 irascitur
1580 4273 1729 4342 fratri

155 4377 238 4413 suo
264 4373 505 4425 temere,
546 4376 663 4414 reus
690 4361 783 4415 erit
799 4362 1017 4430 judicio.
1056 4362 1237 4416 Vidisti
1268 4361 1554 4431 perfectam
1581 4371 1731 4431 pote-

157 4464 340 4509 statem
360 4455 383 4507 ?
402 4454 583 4509 vidisti
607 4453 825 4508 modum
846 4455 1134 4524 legislatori
1155 4454 1579 4525 competentem?
1599 4455 1728 4523 Quis

108 4548 112 4555 ’
154 4548 288 4602 enim
336 4546 719 4617 prophetarum
760 4547 837 4601 sic
882 4536 1127 4617 umquam
1170 4547 1417 4617 loquutus
1459 4547 1584 4602 est?
1612 4548 1729 4618 quis

153 4639 455 4706 justorum?
498 4638 617 4707 quis
665 4639 1122 4708 patriarcharum?
1161 4637 1345 4693 Nullus
1390 4652 1552 4704 sane;
1595 4639 1722 4701 sed,

163 4729 277 4785 Ila'c
304 4732 431 4784 dicit
457 4728 727 4785 Dominus.
757 4729 950 4785 Verum
980 4746 1084 4786 non
1113 4731 1182 4785 ita
1214 4731 1394 4786 Filius.
1422 4731 1503 4785 llli
1532 4732 1729 4802 quippe

161 4822 365 4875 Domini
392 4820 559 4875 verba
581 4821 943 4890 pronuntiant,
974 4821 1059 4876 hic
1084 4821 1274 4875 Patris.
1302 4821 1430 4877 Cum
1458 4832 1634 4877 autem
1665 4837 1727 4876 ea

155 4929 262 4983 quae
290 4914 490 4980 Patris,
516 4928 581 4968 ea
601 4928 720 4983 quze
743 4913 884 4968 illius
902 4923 1024 4968 sunt
1047 4914 1185 4969 dico.
1208 4913 1325 4969 Mea
1348 4915 1509 4977 enim,
1540 4916 1728 4985 inquit,

156 5018 233 5060 tua
254 5017 399 5074 sunt,
433 5016 482 5060 et
508 5016 597 5061 tua
615 5023 727 5060 mea
750 5016 867 5060 sunt
894 5004 1073 5077 (Joan.
1102 5009 1185 5061 l7.
1217 5007 1327 5073 10).
1356 5008 1430 5062 llli
1459 5008 1731 5063 conservis

158 5101 315 5171 legem
350 5100 630 5164 ferebant,
663 5098 748 5153 hic
776 5100 944 5154 servis
981 5100 1110 5153 suis.
1155 5100 1544 5169 lnterrogemus
1575 5101 1732 5171 igitur

159 5208 242 5247 eos
268 5192 362 5263 qui
387 5204 626 5246 veterem
658 5190 823 5260 legem
851 5190 1161 5261 explodunt.
1193 5190 1308 5244 Non
1336 5190 1492 5247 irast'i
1534 5202 1590 5247 et
1624 5208 1729 5248 non

160 5286 395 5339 occidere
424 5284 764 5338 contrariane
786 5292 930 5347 sunt,
957 5298 1131 5338 annon
1161 5283 1333 5353 potius
1361 5284 1460 5339 hoc
1485 5284 1627 5338 illius
1651 5295 1734 5339 est

161 5377 414 5445 perfectio
460 5386 517 5431 et
560 5374 1048 5445 complementum?
1092 5375 1270 5429 Palam
1319 5386 1400 5430 est
1447 5375 1547 5430 hoc
1590 5375 1733 5430 illius

163 5482 274 5524 esse
292 5467 776 5539 complementum,
796 5466 1022 5536 ideoque
1041 5467 1235 5537 majus.
1256 5468 1387 5523 Nam
1409 5467 1500 5539 qui
1523 5467 1576 5523 in
1598 5467 1732 5521 iram

226 5625 241 5655 ι
267 5607 425 5691 duxla
444 5622 620 5671 Morel.
642 5623 1095 5691 legendumesset,
1108 5623 1296 5690 majora
1318 5623 1743 5691 requiruntur-egr-

171 5685 360 5733 lamina.
390 5685 611 5748 Utraque
642 5685 789 5735 lectio
806 5686 1046 5746 quadrare
1070 5685 1244 5748 posset
1266 5700 1294 5748 ;,
1321 5685 1495 5735 verum
1532 5685 1741 5740 Savilia—

174 5758 276 5795 nam
323 5747 471 5797 nobis
501 5750 894 5813 amplectendam
926 5762 1037 5799 esse
1073 5747 1262 5796 iscries
1287 5747 1388 5817 ipsa
1402 5749 1735 5803 suadet.Eot-r.

1266 283 1334 336 ἸΝ
1372 279 1773 338 MATTll/EU‘M
1809 280 2038 336 HOMIL.
2079 282 2216 336 XVI.

3296 289 3401 347 246

1843 410 1946 449 non
1968 397 2281 460 concitatur,
2304 398 2473 451 multo
2496 399 2661 469 magis
2684 414 2713 453 a
2738 399 2881 455 ctede
2900 400 3179 457 abstinebit
3204 420 3216 457 :
3238 412 3291 459 et
3310 406 3399 474 qni

1832 486 1963 540 iram
2010 487 2223 552 frenat,
2272 490 2439 544 multo
2486 492 2653 561 magis
2698 506 2883 547 manus
2928 494 3196 549 retinebit.
3224 495 3400 551 Radix

1831 580 1971 633 enim
2000 580 2190 642 caedis,
2220 580 2319 635 ira.
2348 580 2447 649 Qui
2478 597 2606 653 ergo
2633 583 2867 639 radicem
2900 586 3162 641 exscindit
3184 627 3200 653 ,
3234 588 3401 645 multo

1831 671 1998 741 magis
2022 686 2199 727 ramos
2221 672 2423 727 auferet
2449 691 2461 725 :
2488 676 2595 727 imo
2620 689 2746 729 vero
2772 691 2942 745 neque
2969 678 3113 731 nasci
3144 678 3304 734 sinet.

1900 761 1953 816 6.
1981 761 2087 815 Lex
2104 774 2240 817 vetus
2262 765 2491 833 ﬁrmatur
2512 765 2803 837 Evangelia.
2830 766 3036 822 Creator
3064 770 3236 824 mundi
3254 770 3401 827 Citri-

1828 862 1905 907 sto
1929 854 1981 907 in
2012 852 2216 908 Patrem
2239 855 2538 911 vindicatur.
2566 856 2634 912 In
2658 859 2764 929 lege
2788 861 2937 913 veteri
2964 878 3063 915 non
3088 870 3159 916 est
3184 863 3400 916 crudeli-

1829 953 1924 996 tas.
1954 942 2061 998 Lea:
2078 961 2190 1015 quae
2208 946 2392 1000 scelera
2412 947 2593 1016 plectat
2613 952 2889 1004 necessaria
2910 961 3000 1006 est.
3024 953 3218 1009 —Non
3243 954 3401 1025 igitur

1829 1033 1894 1087 ad
1921 1033 2051 1104 legis
2077 1035 2491 1106 abrogationem,
2522 1039 2615 1094 sed
2642 1040 2706 1094 ad
2731 1042 2982 1110 majorem
3007 1042 3401 1115 facilioremque

1829 1130 1942 1194 ejus
1966 1127 2256 1181 custodiam
2276 1168 2292 1193 ,
2322 1128 2417 1182 has
2444 1130 2697 1185 afferebat
2727 1133 2887 1203 leges.
2916 1134 3048 1201 Quid
3080 1138 3219 1191 enim
3248 1139 3400 1194 vole-

1829 1216 1919 1271 bat
1946 1218 2029 1273 lex
2054 1234 2173 1274 cum
2204 1220 2316 1275 haec
2347 1224 2690 1292 praeciperet?
2735 1227 2925 1281 Annon
2955 1238 3009 1281 ut
3039 1243 3197 1283 nemo
3224 1232 3403 1300 proxi-

1828 1323 1973 1363 mum
2019 1324 2173 1365 suum
2226 1313 2538 1368 occideret?
2603 1316 2764 1385 lgitur
2810 1318 3226 1391 impugnatorem
3272 1323 3402 1393 legis

1830 1398 2109 1457 homicidia
2136 1414 2441 1472 oportuerat
2465 1406 2724 1476 imperare
2755 1428 2767 1462 :
2798 1425 2918 1465 nam
2947 1412 3192 1469 occidere
3216 1423 3269 1469 et
3293 1429 3401 1469 non

1827 1491 2070 1546 occidere
2116 1495 2378 1550 contraria
2423 1506 2577 1562 sunt;
2628 1502 2670 1554 si
2719 1516 2843 1556 vero
2885 1518 2952 1559 ne
2995 1504 3149 1559 irasci
3187 1506 3403 1576 quidem

1828 1587 2131 1651 permittat,
2168 1586 2300 1641 illud
2342 1588 2626 1657 perfectius
2653 1594 2836 1647 statuit
2876 1595 3016 1665 quod
3056 1596 3139 1650 lex
3170 1597 3398 1653 volebat.

1826 1677 1939 1732 Non
1963 1681 2103 1733 enim
2123 1682 2343 1750 perinde
2368 1684 2652 1740 abstinebit
2670 1701 2701 1741 a
2722 1686 2886 1752 caede,
2912 1689 3001 1757 qui
3026 1704 3130 1743 nou
3158 1689 3402 1747 occidere

1828 1770 2143 1838 meditatur,
2175 1783 2333 1843 atque
2372 1775 2461 1830 ille
2499 1777 2590 1846 qui
2630 1778 2759 1831 iram
2803 1779 3048 1843 sustulit,
3082 1780 3166 1835 hic
3206 1782 3402 1852 quippe

1828 1862 2036 1931 longius
2062 1863 2210 1918 abest
2234 1881 2263 1917 a
2292 1867 2379 1919 tali
2408 1868 2657 1924 facinore.
2688 1869 2755 1925 Ut
2780 1881 2952 1927 autem
2981 1873 3095 1927 illos
3116 1873 3220 1926 alio
3242 1873 3402 1928 modo

1827 1961 2189 2027 confutemus,
2221 1977 2281 2016 ea
2312 1979 2430 2033 qua:
2466 1964 2647 2019 dicunt
2684 1968 3012 2035 proferamus
3050 1968 3101 2022 in
3146 1969 3396 2023 medium.

1828 2056 2079 2122 Quaanam
2108 2057 2293 2113 dicunt
2318 2059 2511 2129 igitur?
2539 2060 2700 2114 Deum
2729 2061 2816 2131 qui
2848 2060 3100 2115 mundum
3131 2062 3284 2128 fecit,
3314 2062 3405 2131 qui

1829 2147 1993 2201 solem
2021 2147 2149 2202 oriri
2180 2147 2303 2203 facit
2328 2163 2488 2217 super
2515 2148 2724 2219 iniquos
2751 2160 2804 2205 et
2830 2150 3017 2217 bonos,
3046 2151 3133 2221 qui
3162 2151 3293 2221 pluit
3316 2166 3407 2206 su-

1829 2253 1922 2306 per
1958 2239 2131 2308 justos
2159 2251 2213 2295 et
2252 2241 2474 2309 injustas
2498 2246 2520 2313 (
2546 2242 2729 2295 Matth.
2759 2243 2811 2297 5.
2842 2244 2950 2313 45)
2978 2285 2993 2306 ,
3032 2258 3152 2299 esse
3182 2243 3403 2298 malum.

1827 2331 1926 2398 Qui
1954 2346 2081 2387 vero
2104 2331 2488 2387 moderatiores
2511 2334 2649 2404 apud
2674 2334 2791 2388 illos
2816 2345 2938 2390 sunt
2966 2336 3066 2391 boc
3092 2337 3403 2409 repudiant;

1829 2422 1954 2477 dum
1982 2432 2159 2479 autem
2189 2424 2370 2480 dicunt
2399 2425 2544 2479 illum
2573 2440 2693 2481 esse
2723 2426 2923 2496 justum
2951 2470 2967 2494 ,
2999 2429 3193 2485 bonum
3226 2440 3402 2487 tamen

1829 2529 1949 2570 esse
1978 2523 2187 2585 negant.
2238 2514 2412 2570 Alium
2450 2531 2579 2572 vero
2607 2517 2886 2586 quemdam
2911 2560 2925 2580 ,
2958 2520 3045 2589 qui
3074 2536 3200 2576 vere
3229 2523 3407 2577 nullus

1831 2615 1932 2669 est,
1956 2616 2008 2660 et
2033 2606 2121 2677 qui
2143 2605 2273 2662 nihil
2294 2607 2511 2673 creavit,
2534 2606 2745 2661 Christo
2765 2608 2892 2663 dant
2912 2609 3143 2665 Patrem.
3169 2611 3236 2666 Et
3256 2611 3404 2666 illum

1815 2698 2041 2769 quidem
2069 2714 2172 2755 non
2203 2700 2400 2755 bonum
2436 2700 2488 2754 in
2516 2699 2673 2754 rebus
2702 2700 2768 2755 ad
2797 2715 2855 2755 se
2882 2702 3263 2770 pertinentibus
3293 2718 3405 2757 ma-

1829 2805 1996 2855 nere,
2040 2799 2094 2845 et
2136 2805 2228 2845 sua
2272 2804 2589 2845 conservare
2632 2790 2814 2845 dicunt
2843 2810 2857 2845 :
2884 2792 3080 2847 bonum
3128 2804 3305 2848 autem
3348 2795 3404 2851 in

1828 2884 1994 2939 aliena
2027 2884 2227 2938 irruere
2248 2926 2261 2945 ,
2293 2899 2582 2955 eorumque
2604 2926 2619 2951 ,
2648 2900 2873 2954 quorum
2911 2886 3025 2956 ipse
3058 2897 3267 2942 creator
3295 2905 3405 2961 non

1828 2984 1942 3038 est,
1976 2975 2360 3045 repente'velle
2395 2986 2722 3032 servatorem
2752 2992 2893 3033 esse.
2938 2978 3179 3034 Vidistin‘
3207 2980 3405 3037 diaboli

1828 3064 2003 3132 ﬁlios,
2050 3066 2315 3136 quomodo
2358 3081 2423 3122 ex
2465 3067 2631 3136 patris
2675 3068 2756 3121 sui
2800 3067 3033 3124 fontibus
3079 3070 3403 3141 loquantur,

1828 3157 2039 3228 quando
2062 3159 2382 3215 creationem
2405 3175 2435 3213 a
2467 3159 2575 3214 Deo
2601 3160 2857 3226 alienant,
2888 3176 3007 3216 cum
3038 3173 3211 3218 tamen
3236 3163 3403 3219 Joan-

1828 3265 1924 3305 nes
1949 3251 2181 3306 clamet:
2212 3249 2277 3304 In
2308 3252 2513 3323 prapria
2552 3254 2719 3315 venit,
2762 3262 2808 3306 et
2852 3254 3070 3308 mundus
3112 3273 3201 3324 per
3236 3258 3405 3328 ipsum

1829 3347 1994 3414 factus
2021 3354 2093 3397 est
2118 3345 2136 3411 (
2157 3344 2311 3397 Joan.
2349 3346 2398 3398 l.
2432 3347 2488 3398 ll
2518 3344 2534 3411 )
2560 3346 2582 3397 ?
2615 3345 2811 3400 Deinde
2840 3346 3009 3414 legem
3038 3348 3404 3405 examinantes

1828 3446 2062 3491 veterem
2084 3475 2099 3501 ,
2125 3452 2224 3505 qua
2251 3436 2469 3506 jubetur
2491 3437 2701 3490 oculum
2732 3451 2826 3503 pro
2852 3438 3004 3491 oculo
3028 3478 3042 3501 ,
3068 3438 3280 3494 dentem
3309 3456 3405 3508 pro

1828 3528 1988 3583 dente
2015 3527 2189 3593 evelli,
2220 3529 2395 3581 statim
2431 3533 2727 3598 irrumpunt
2748 3538 2803 3582 et
2829 3530 3009 3584 dicunt
3039 3546 3053 3582 :
3087 3530 3153 3584 Et
3178 3546 3403 3601 quomo-

1827 3622 1896 3677 do
1920 3624 2087 3693 possit
2114 3623 2159 3678 is
2187 3623 2276 3693 qui
2304 3621 2416 3676 huic
2441 3623 2588 3687 dicit,
2617 3639 2735 3678 esse
2765 3624 2969 3679 bonus?
2995 3625 3127 3692 Quid
3155 3625 3311 3696 igitur
3335 3626 3403 3681 ad

1829 3713 1944 3770 baac
1966 3714 2240 3769 dicamus?
2268 3714 2417 3769 Hauc
2454 3715 2738 3769 maximam
2769 3732 2886 3770 esse
2917 3716 3250 3786 benignitatis
3276 3731 3402 3786 spe-

1828 3809 1986 3863 ciem.
2012 3807 2125 3862 Non
2155 3807 2295 3861 enim
2319 3815 2376 3861 ut
2399 3822 2496 3862 nos
2518 3808 2748 3862 vicissim
2771 3809 2951 3862 oculos
2974 3824 3240 3875 eruamus,
3267 3808 3407 3864 hanc

1830 3900 2005 3969 posuit
2046 3900 2250 3970 legem;
2290 3888 2384 3955 sed
2414 3909 2471 3953 ut
2500 3910 2641 3954 metu
2684 3900 2823 3969 paris
2867 3900 3162 3970 iniligendte
3190 3914 3360 3971 poenae
3382 3940 3402 3968 ,

1829 3992 2188 4047 abstineamus
2225 4000 2279 4045 et
2316 3991 2409 4045 tali
2447 4006 2568 4062 erga
2603 3992 2735 4045 alios
2765 3991 3013 4047 facinore.
3048 3992 3405 4059 Quemadmo—

1828 4086 1953 4140 dum
1988 4086 2146 4140 etiam
2187 4084 2429 4139 Ninivitis
2460 4084 2725 4139 excidium
2750 4085 3099 4139 comminatus
3137 4093 3255 4149 est,
3295 4100 3403 4139 non

1830 4187 1887 4233 ut
1916 4178 2032 4233 illos
2062 4177 2306 4247 perderet
2330 4177 2473 4249 (nam
2500 4177 2542 4230 si
2571 4176 2623 4230 id
2652 4176 2922 4237 voluisset,
2955 4187 3129 4232 tacere
3154 4186 3405 4246 oportue-

1829 4272 1952 4339 rat);
1972 4269 2064 4324 sed
2089 4277 2145 4323 ut
2165 4279 2307 4324 metu
2324 4269 2571 4323 meliores
2591 4266 2758 4323 factos
2780 4264 2985 4332 videns,
3009 4271 3136 4323 iram
3158 4270 3400 4325 sedaret:

1830 4362 1907 4417 sic
1929 4362 2089 4417 etiam
2116 4360 2212 4423 iis,
2241 4358 2330 4428 qui
2356 4367 2556 4414 temere
2586 4359 2636 4412 in
2665 4358 2889 4412 aliorum
2915 4359 3096 4431 oculos
3125 4359 3401 4425 involant,

1829 4452 2142 4523 supplicium
2169 4449 2419 4514 adduxit;
2449 4460 2506 4503 ut
2528 4450 2571 4504 si
2600 4465 2661 4505 ex
2684 4449 2824 4503 bono
2846 4450 3116 4519 proposito
3140 4451 3410 4506 noluerint

1830 4560 1860 4599 a
1890 4543 1980 4598 tali
2010 4542 2323 4597 crudelitate
2351 4541 2650 4607 abStinere,
2679 4551 2823 4595 metu
2856 4552 3028 4596 tamen
3060 4552 3431 4597 coerceantur.

1798 4651 1901 4697 ,ne
1927 4635 2108 4706 oculos
2147 4633 2373 4703 proximi
2419 4636 2632 4689 hedant.
2676 4636 2730 4689 Si
2769 4650 2927 4706 porro
2968 4636 3092 4690 illud
3119 4636 3406 4692 crudelitas

1830 4732 1899 4786 sit
1923 4772 1937 4796 ,
1966 4730 2180 4785 crudele
2205 4731 2328 4809 item
2356 4732 2452 4783 erit
2475 4773 2489 4795 ,
2524 4730 2838 4785 homicidam
2869 4731 3119 4786 cohibere
3140 4774 3155 4798 ,
3188 4742 3241 4784 et
3269 4746 3407 4788 mm-

1830 4824 1987 4880 clium
2014 4839 2216 4880 arcere.
2245 4826 2315 4878 At
2343 4825 2623 4879 stultorum
2654 4825 2766 4880 lizec
2796 4825 2956 4879 verba
2983 4834 3124 4889 sunt,
3153 4836 3208 4879 et
3233 4833 3410 4879 extre-

1833 4932 1919 4970 mo
1941 4915 2120 4970 furore
2140 4926 2438 4986 captorum.
2468 4916 2578 4985 Ego
2597 4917 2738 4971 enim
2764 4925 2965 4971 tantum
2986 4916 3137 4970 abest
3157 4925 3216 4969 ut
3234 4914 3407 4969 dicam

1834 5008 1947 5062 lure
1965 5022 2085 5062 esse
2104 5007 2494 5070 crudelitatem,
2514 5014 2573 5061 ut
2600 5007 2683 5062 his
2708 5008 2969 5063 contraria
2990 5004 3281 5060 secundum
3311 5004 3379 5059 liu
3395 5036 3410 5045 -

1835 5114 2050 5152 manum
2089 5097 2421 5151 ratiocinium
2461 5096 2722 5153 affirmem
2760 5096 2936 5165 iniqua
2967 5109 3106 5150 esse.
3154 5093 3236 5148 Tu
3262 5095 3408 5150 enim

1833 5190 1964 5243 dicis
2006 5186 2125 5243 ideo
2152 5188 2422 5243 crudelem
2449 5202 2569 5242 esse
2591 5229 2605 5254 ,
2636 5187 2776 5255 quod
2812 5187 3033 5252 jusserit
3061 5186 3271 5241 oculum
3312 5201 3412 5257 pro

1834 5282 1989 5335 oculo
2015 5296 2237 5345 eruere;
2270 5296 2368 5350 ego
2394 5290 2571 5334 autem
2598 5279 2718 5334 dico
2738 5320 2754 5345 ,
2784 5281 2829 5334 si
2861 5295 2965 5332 non
2997 5278 3098 5333 hoc
3121 5278 3372 5348 jussisset
3394 5321 3410 5341 ,

1837 5388 1961 5431 tunc
1981 5374 2250 5429 videretur
2278 5374 2460 5428 multis
2485 5374 2529 5428 is
2555 5387 2695 5439 esse,
2728 5388 2885 5442 quem
2917 5383 2971 5426 tu
3000 5373 3100 5428 ais.
3131 5371 3414 5441 Suppona—

1836 5481 1952 5521 mus
1974 5465 2119 5520 enim
2139 5472 2303 5519 totam
2325 5464 2492 5533 legem
2509 5462 2816 5533 abrogatam
2841 5461 3023 5528 fuisse,
3042 5463 3415 5531 neminemque
3474 5530 3477 5531 ν

1836 5558 2024 5612 timere
2050 5555 2364 5625 supplicium
2390 5555 2444 5609 in
2471 5554 2555 5609 illa
2584 5554 2837 5609 indictum
2867 5574 2880 5610 :
2910 5555 3002 5611 sed
3032 5555 3191 5611 licere
3214 5553 3415 5608 facino-

1835 5647 1971 5701 rosis
1991 5646 2236 5701 omnibus
2255 5660 2374 5699 cum
2402 5645 2643 5700 libertate
2663 5646 2899 5701 moribus
2920 5648 2995 5707 uti
3019 5647 3128 5701 suis
3147 5664 3162 5706 ;
3192 5646 3415 5702 maecliis

1844 5754 2052 5810 nempe,
2084 5739 2380 5807 ltouiiridis,
2411 5738 2634 5805 furibus,
2665 5739 2911 5810 perjuris,
2942 5739 3216 5810 parricidis
3246 5757 3260 5793 :
3285 5754 3414 5794 nou-
