3856 6180
419 285 524 345 24⁸1

419 420 488 462 ne
516 405 692 461 omnia
721 417 811 459 sus
836 403 1008 474 deque
1027 410 1378 466 verterentur,
1401 413 1456 455 et
1482 401 1770 454 innumeris
1800 399 1988 452 lacino.

417 496 568 553 ribus
596 504 755 565 atque
783 492 1015 549 czcdibus
1043 491 1231 578 urbes,
1252 492 1382 555 fora,
1412 491 1623 554 domus,
1651 504 1816 555 mare,
1849 497 1988 542 terra

413 597 473 646 et
511 594 656 643 totus
698 585 842 641 orbis
880 584 1251 656 replerentur?
1292 583 1402 638 lloc
1444 581 1641 636 nemini
1671 595 1775 635 non
1806 591 1986 633 notum

417 688 519 736 est.
564 679 620 735 Si
647 678 786 734 enim
815 677 1075 734 stantibus
1102 677 1305 747 legibus
1329 683 1381 729 et
1405 675 1590 728 timore
1612 684 1770 742 atque
1791 671 1948 726 minis
1969 711 1985 736 ,

414 772 502 827 vix
547 771 788 841 maligna:
833 769 1132 825 voluntates
1174 776 1490 822 coercentur
1523 781 1537 817 :
1574 764 1619 819 si
1662 763 1776 818 inec
1815 763 1987 816 ablata

414 863 600 919 fuismt
637 862 846 926 cautio,
874 861 995 931 quid
1034 860 1316 931 impediret
1344 873 1411 912 ne
1439 857 1634 911 malitia
1680 854 1986 911 dominare-

411 957 536 1010 tur?
559 964 750 1026 quanta
773 969 876 1008 non
897 954 1058 1023 pestis
1078 953 1130 1006 in
1151 952 1432 1006 humanam
1449 950 1606 1004 vitam
1623 948 1986 1019 grassaretur?

411 1047 592 1119 Neque
613 1049 752 1102 enim
781 1047 830 1102 id
858 1046 1025 1102 solum
1052 1045 1264 1100 crudele
1290 1054 1463 1107 esset,
1492 1043 1537 1097 si
1563 1042 1841 1097 facinorosi
1867 1056 1984 1112 qua:

410 1141 607 1196 vellent
644 1154 802 1210 agere
843 1138 1308 1208 permitterentur;
1357 1135 1450 1190 sed
1488 1143 1542 1190 et
1578 1133 1719 1190 aliud
1756 1134 1847 1190 illo
1876 1150 1981 1188 non

409 1232 587 1285 minus
614 1230 966 1300 perniciosum
995 1227 1153 1288 foret.
1180 1229 1222 1284 si
1248 1229 1336 1298 qui
1365 1228 1496 1282 nihil
1524 1228 1765 1292 laesisset,
1793 1235 1847 1282 et
1867 1227 1982 1282 sine

407 1337 566 1378 causa
598 1321 736 1378 male
767 1337 951 1392 passus
976 1331 1155 1387 esset,
1188 1323 1302 1376 sine
1327 1321 1522 1374 auxilio
1550 1329 1786 1374 maneret
1809 1328 1862 1374 et
1889 1334 1980 1374 nc-

406 1416 710 1486 gligcretur.
758 1414 853 1468 Dic
889 1414 1032 1469 enim
1071 1414 1239 1478 mihi,
1281 1414 1326 1468 si
1364 1414 1483 1483 quis
1521 1413 1807 1467 sceleratos
1839 1412 1980 1466 viros

407 1507 638 1577 undique
663 1507 916 1578 colligens
946 1517 999 1563 et
1024 1507 1212 1577 gladiis
1245 1507 1488 1561 muniens
1509 1549 1523 1571 ,
1553 1507 1763 1575 juberet
1792 1507 1976 1562 urbem

409 1607 572 1654 totam
594 1599 873 1654 circumire
895 1607 948 1654 et
978 1599 1162 1654 obvios
1183 1613 1420 1668 quosque
1457 1597 1740 1664 trucidare,
1764 1613 1830 1652 an
1853 1599 1978 1668 quid

405 1701 584 1762 posset
609 1692 890 1747 immanius
908 1692 1234 1762 excogitari?
1253 1691 1448 1746 Contra
1471 1706 1598 1746 vero
1620 1691 1663 1745 si
1686 1693 1803 1762 quis
1822 1692 1973 1754 alius,

401 1797 635 1843 armatos
676 1786 797 1844 illos
838 1786 1064 1842 vinculis
1099 1787 1416 1842 constrictos
1457 1787 1508 1840 in
1549 1799 1814 1841 carcerem
1857 1800 1976 1839 cum

401 1879 734 1935 vehementia
757 1879 1016 1942 traderet,
1041 1879 1158 1935 illos
1177 1889 1351 1935 autem
1373 1880 1460 1950 qui
1483 1894 1606 1934 mox
1626 1878 1976 1934 interﬁciendi

401 1981 586 2038 erant,
633 1987 698 2026 ex
744 1972 1043 2042 iniquorum
1093 1972 1336 2025 manibus
1380 1970 1683 2040 abriperet,
1715 1986 1838 2024 num
1886 1970 1976 2024 illo

400 2063 688 2119 humanius
713 2064 981 2134 quidpiam
1007 2064 1110 2118 dici
1137 2064 1338 2133 possit?
1376 2063 1500 2117 Ha-c
1528 2063 1686 2134 igitur
1708 2061 1775 2117 ad
1806 2062 1974 2133 legem

401 2154 628 2208 transfer
663 2155 926 2224 exempla.
966 2154 1098 2208 Nam
1133 2155 1221 2224 qui
1255 2154 1406 2222 jubet
1442 2155 1650 2208 oculum
1692 2169 1786 2223 pro
1821 2153 1975 2208 oculo

399 2259 586 2300 eruere
607 2287 620 2309 ,
649 2259 748 2299 ceu
788 2245 1053 2300 vinculum
1082 2243 1346 2314 quoddam
1379 2245 1586 2298 firmum
1615 2243 1666 2297 in
1706 2241 1973 2298 facinoro-

397 2352 578 2392 sorum
605 2337 809 2392 animos
824 2338 1066 2408 conjecit,
1083 2338 1239 2407 eique
1257 2337 1445 2391 similis
1471 2345 1569 2402 est,
1585 2336 1672 2408 qui
1685 2336 1870 2407 gladiis
1887 2352 1973 2391 ar-

397 2438 568 2483 matos
598 2429 714 2483 illos
728 2428 961 2484 coercuit
982 2428 1098 2498 :qui
1111 2442 1238 2482 vero
1256 2427 1380 2482 nulli
1408 2427 1678 2482 addiceret
1691 2427 1966 2498 supplicio,

397 2519 496 2577 hac
523 2522 732 2578 licentia
760 2537 893 2592 pene
915 2521 1061 2576 illum
1092 2531 1343 2586 armaret,
1377 2520 1631 2592 illumque
1655 2520 1966 2584 imitaretur,

393 2614 481 2684 qui
512 2621 741 2667 armatos
768 2612 952 2680 gladiis
974 2613 1116 2666 viros
1160 2627 1253 2682 per
1295 2619 1454 2665 totam
1486 2611 1668 2666 urbem
1718 2609 1966 2664 mitteret.

465 2705 516 2757 7.
557 2704 683 2770 Ipsa
711 2705 930 2773 antiqure
967 2703 1088 2772 legis
1117 2712 1367 2772 prwcepta
1405 2701 1616 2772 benigna
1654 2710 1792 2755 sunt.
1827 2698 1970 2755 Unus

393 2795 622 2866 idemque
647 2805 720 2850 est
747 2796 1004 2862 utriusque
1027 2793 1332 2849 Testamenti
1359 2794 1634 2864 legislator.
1673 2824 1742 2834 —
1782 2793 1969 2849 Viden’

393 2887 660 2960 quomodo
678 2905 779 2942 non
801 2888 1132 2954 crudelitate,
1154 2887 1247 2942 sed
1265 2887 1588 2956 benignitate
1607 2902 1793 2957 magna
1812 2886 1967 2956 plena

393 2982 500 3036 sint
528 2983 827 3053 prmcepta?
869 2983 923 3037 Si
950 2997 1077 3036 vero
1105 2991 1382 3052 propterea
1412 2980 1764 3051 legislaturem
1795 2981 1965 3036 mole-

393 3083 532 3128 stum
561 3089 951 3143 onerosumque
974 3088 1153 3139 vocas,
1183 3073 1310 3144 quid
1340 3073 1612 3130 molestius
1630 3115 1644 3137 ,
1672 3088 1884 3145 quaeso,
1912 3082 1967 3130 et

391 3167 516 3238 quid
543 3167 820 3223 onerosius
845 3167 945 3231 sit,
979 3182 1083 3221 non
1106 3165 1370 3231 occidere,
1398 3181 1464 3220 an
1487 3181 1593 3221 non
1620 3167 1812 3221 irasci?
1838 3166 1966 3233 Quis

391 3261 647 3324 severior,
679 3259 768 3330 qui
798 3259 1064 3315 homicidii
1096 3273 1280 3328 pteuas
1306 3257 1517 3329 repetit,
1545 3273 1611 3312 an
1635 3257 1724 3328 qui
1753 3259 1964 3312 iracun-

385 3351 530 3407 dite?
557 3352 644 3423 qui
670 3350 935 3407 moechum
961 3361 1080 3421 post
1104 3359 1370 3420 peractam
1396 3365 1531 3417 rem,
1559 3349 1818 3420 supplicio
1840 3349 1964 3405 sub.

384 3443 502 3513 ejicit
523 3483 538 3507 ,
568 3459 633 3497 an
666 3443 754 3513 qui
796 3442 960 3512 ipsius
985 3441 1429 3510 concupiscentim
1451 3441 1599 3510 jubet
1627 3441 1756 3496 dare
1780 3456 1964 3512 poenas

381 3543 443 3591 τι
485 3550 670 3606 pinnas
710 3533 1075 3591 immortales?
1118 3531 1346 3599 Videte,
1392 3533 1443 3587 in
1486 3533 1809 3588 contrarium
1859 3533 1964 3590 illis

380 3641 704 3683 conversum
732 3641 849 3682 esse
877 3641 1196 3680 sermonem.
1240 3625 1372 3681 Nam
1405 3627 1600 3681 veteris
1628 3625 1760 3696 legis
1785 3627 1923 3682 Deus
1943 3669 1960 3695 ,

389 3732 544 3788 quem
573 3717 673 3788 ipsi
700 3716 884 3772 dicunt
908 3717 1178 3771 crudelem
1207 3732 1355 3782 esse,
1390 3725 1696 3772 mansuetus
1723 3719 1963 3774 invenie-

391 3819 510 3873 tur;
558 3825 707 3863 nova:
744 3817 918 3864 autem
951 3809 1080 3878 legis
1105 3810 1276 3874 Deus,
1307 3825 1466 3880 quem
1491 3824 1610 3865 esse
1637 3809 1831 3866 bonum
1864 3812 1961 3882 ipsi

389 3901 658 3964 fatentur,
707 3899 960 3954 molestus
1007 3908 1061 3952 et
1109 3915 1366 3954 onerosus
1410 3899 1699 3955 secundum
1749 3903 1961 3956 illorum

388 3992 683 4046 stultitiam.
737 3990 844 4046 Nos
887 3991 1082 4061 quippe
1128 4006 1289 4044 unum
1336 3990 1688 4063 eumdemque
1739 3992 1962 4048 dicimus

387 4083 661 4149 utriusque
691 4081 1013 4138 Testamenli
1044 4081 1399 4151 legislatorem
1419 4124 1434 4146 ,
1463 4081 1552 4152 qui
1582 4082 1758 4137 omnia
1788 4093 1844 4137 ut
1870 4084 1962 4139 de-

387 4173 540 4228 cebat
564 4173 922 4242 dispensavit,
951 4183 1004 4228 et
1032 4182 1330 4243 temporum
1357 4173 1649 4229 discrimini
1687 4176 1962 4245 utriusque

386 4265 518 4335 legis
563 4263 914 4320 diﬁ‘erentiam
957 4265 1176 4334 aptavit.
1227 4264 1386 4335 igitur
1422 4279 1521 4320 nec
1565 4265 1650 4320 illa
1694 4277 1961 4337 prmccpta

384 4357 640 4424 crudelia,
667 4373 838 4430 neque
867 4359 980 4412 haec
1001 4373 1228 4414 onerosa
1253 4359 1334 4414 vel
1354 4358 1598 4426 molesta,
1625 4360 1717 4415 sed
1738 4371 1962 4432 utraque

385 4451 453 4504 ab
495 4465 596 4504 una
639 4450 929 4521 eademque
966 4451 1294 4520 providentia
1336 4451 1761 4522 proﬁciscuntur.
1808 4455 1960 4522 Quod

383 4538 528 4592 enim
586 4538 701 4607 ipse
753 4551 988 4596 veterem
1035 4558 1252 4614 quoque
1302 4544 1470 4615 legem
1521 4544 1768 4611 dederit,
1825 4546 1955 4600 audi

384 4630 704 4701 pmphetam
737 4632 1034 4699 dicentem,
1077 4635 1185 4690 imo
1216 4636 1528 4705 (dicendum
1561 4641 1684 4708 est)
1714 4648 1769 4693 et
1802 4637 1951 4694 illum
1990 4660 2012 4682 -

383 4730 439 4779 et
471 4724 789 4794 pr0plietam
831 4744 845 4780 :
894 4724 1185 4796 Disponam
1228 4730 1366 4783 vobis
1415 4739 1815 4794 testamentum,
1851 4748 1954 4784 non

379 4818 668 4874 secundum
721 4828 1089 4874 testamentum
1139 4823 1277 4891 quod
1325 4821 1565 4892 disposui
1603 4825 1840 4892 patribus
1873 4841 1955 4879 ve-

382 4906 501 4959 stris
529 4904 550 4976 (
569 4905 678 4959 Jer.
707 4906 794 4962 51.
820 4906 908 4961 51.
937 4903 1006 4962 32
1025 4907 1069 4978 ).
1107 4907 1258 4975 Quod
1295 4909 1340 4962 si
1385 4912 1485 4964 hoc
1524 4926 1628 4965 non
1670 4913 1886 4983 recipiat
1917 4915 1962 4970 is

381 4999 470 5067 qui
510 4997 918 5054 Manichaeorum
955 4999 1142 5054 morbo
1167 4999 1374 5054 laborat
1397 5000 1508 5072 (α),
1535 5002 1712 5058 audiat
1740 5005 1959 5060 Paulum

381 5088 485 5146 hoc
510 5091 683 5160 ipsum
710 5105 896 5148 rursus
920 5090 1182 5148 dicentem
1209 5113 1223 5149 :
1247 5093 1500 5148 Abraham
1525 5096 1656 5149 enim
1678 5097 1803 5152 duos
1827 5099 1963 5168 ﬁlios

382 5182 555 5236 habuit
577 5201 596 5248 ;
621 5200 776 5238 unum
801 5187 864 5238 de
881 5186 1088 5250 ancilla,
1112 5197 1156 5239 et
1181 5201 1335 5238 unum
1357 5187 1420 5239 de
1442 5187 1618 5242 libera.
1647 5187 1772 5242 Hice
1793 5201 1961 5243 autem

381 5284 500 5326 sunt
523 5274 622 5327 duo
646 5285 938 5329 testamenta
957 5275 1154 5346 (Galat.
1181 5277 1234 5331 4.
1255 5276 1344 5330 22.
1366 5277 1478 5348 24).
1503 5279 1959 5348 Quemadmodum
1983 5341 1990 5356 ‘

383 5378 512 5433 ergo
536 5363 646 5419 illic
669 5365 890 5420 diversre
914 5376 1032 5421 sunt
1062 5367 1312 5424 mulieres
1329 5409 1346 5436 ,
1377 5385 1511 5424 unus
1537 5380 1713 5425 autem
1740 5372 1822 5426 vir
1847 5390 1860 5424 :
1883 5374 1962 5427 sic

381 5462 437 5508 et
474 5453 575 5509 hoc
614 5454 734 5509 loco
769 5455 874 5509 duo
899 5457 1236 5514 Testamenta
1261 5500 1276 5525 ,
1308 5477 1443 5515 unus
1471 5462 1758 5533 legislator.
1814 5465 1876 5518 Et
1905 5474 1962 5518 ut

382 5546 578 5614 discas,
608 5561 765 5602 unam
788 5548 1136 5620 eamdemque
1162 5550 1324 5606 fuisse
1351 5554 1626 5624 utrobique
1655 5567 1962 5611 mansuetu-

444 5685 520 5748 (a)
555 5685 794 5736 Μωιίὼωί
835 5685 900 5735 de
944 5686 1126 5755 quibus
1163 5700 1280 5755 mox
1314 5683 1526 5751 loquitur
1577 5688 1959 5755 Chrysostomus,

384 5744 541 5800 Vetus
556 5755 919 5801 Testamentum
950 5744 1048 5799 non
1069 5744 1401 5798 admittebant.

1154 286 1207 343 8.
1247 285 1521 343 JOANNlS
1555 272 2021 341 CIIRYSOSTOMI
2061 279 2371 339 ARCHIEP.
2411 283 2936 340 CONSTANTINOP.

3571 289 3670 342 218

2100 398 2278 454 dinem
2307 416 2321 452 :
2349 398 2455 454 illic
2483 399 2868 470 quidemdixit,
2900 398 3116 454 Oculum
3141 417 3230 470 pro
3255 402 3440 467 oculo;
3466 403 3550 460 hic
3577 422 3674 459 au-

2097 500 2199 543 tem
2231 511 2243 544 :
2269 489 2329 545 Si
2357 491 2469 560 quis
2493 499 2541 544 te
2563 491 2858 561 percusserit
2878 492 2929 545 in
2955 493 3213 546 maxillam
3237 493 3515 560 dexteram,
3541 507 3672 552 verte

2092 581 2167 634 illi
2197 593 2246 635 et
2267 583 2497 636 alteram.
2537 582 2991 652 Quemadmodum
3017 587 3159 640 enim
3190 586 3297 641 illic
3326 587 3514 645 timore
3543 606 3670 660 sup-

2093 671 2235 741 plicii
2266 672 2544 728 lzedentem
2573 674 2796 739 retinet;
2830 675 2914 729 hic
2939 692 3149 746 quoque
3173 679 3360 733 eodem
3390 679 3566 752 modo.
3606 682 3671 736 Et

2090 764 2375 833 quomodo,
2401 765 2627 834 inquies,
2647 780 2767 820 cum
2782 765 2968 835 jubeat
2989 767 3130 820 illum
3146 777 3200 823 et
3219 768 3371 823 aliam
3392 771 3668 839 pnnberie?

2090 856 2225 922 Quid
2267 856 2369 912 hoc
2397 857 2655 912 tandem?
2695 857 2812 913 Non
2843 859 2986 914 enim
3023 869 3080 914 ut
3113 872 3311 916 metum
3351 864 3521 918 solvat
3563 865 3670 920 hoc

2088 952 2361 1022 praecipit,
2392 953 2486 1008 sed
2508 952 2661 1023 jubet
2697 954 2922 1024 praeberi
2958 954 3058 1024 ipsi
3097 955 3309 1010 modum
3347 971 3406 1012 se
3445 973 3668 1027 prorsus

2087 1043 2345 1110 satiandi;
2377 1059 2550 1114 neque
2575 1043 2707 1100 dixit
2733 1045 2878 1099 illum
2901 1045 3115 1115 impune
3139 1045 3271 1112 fore,
3301 1062 3483 1102 verum
3514 1058 3567 1102 tu
3596 1063 3666 1104 ne

2087 1135 2312 1205 punias;
2339 1137 2491 1190 simul
2518 1152 2884 1206 percussorem
2907 1137 2951 1192 si
2975 1139 3222 1206 persistat
3243 1141 3409 1209 magis
3431 1149 3665 1208 terrens,

2085 1235 2140 1281 et
2169 1243 2477 1296 percussum
2506 1229 2806 1283 consolans.
2850 1227 3046 1283 Verum
3089 1231 3203 1284 lucc
3225 1269 3240 1294 ,
3279 1238 3336 1283 ut
3372 1230 3416 1284 si
3445 1230 3562 1300 quis
3609 1232 3665 1286 in

2087 1328 2394 1376 transcursu
2429 1319 2496 1376 de
2537 1321 2783 1377 omnibus
2818 1321 3097 1392 praeceptis
3135 1322 3410 1392 loquatur,
3441 1338 3471 1377 a
3505 1323 3667 1380 nobis

2084 1411 2225 1467 dicta
2263 1422 2441 1467 sunto.
2489 1413 2605 1468 Jam
2632 1411 2698 1467 ad
2731 1413 3057 1482 propositum
3086 1412 3264 1469 redire
3286 1429 3505 1472 necesse
3530 1424 3618 1470 est
3642 1455 3661 1483 ,

2083 1519 2290 1559 necnon
2321 1505 2515 1560 seriem
2548 1505 2692 1573 prius
2719 1504 2978 1560 dictorum
3008 1513 3271 1575 repetere.
3302 1506 3402 1572 Qui
3425 1507 3666 1562 irascitur

2083 1597 2230 1665 fratri
2255 1611 2345 1650 suo
2375 1604 2574 1651 temere
2593 1637 2607 1660 ,
2643 1612 2756 1650 reus
2781 1595 2872 1649 erit
2889 1595 3089 1667 judicio
3107 1638 3123 1662 ,
3150 1595 3338 1666 inquit.
3368 1596 3483 1652 Non
3511 1598 3663 1653 enim

2081 1704 2301 1760 prorsus
2337 1704 2448 1745 rem
2490 1689 2740 1744 sustulit:
2771 1689 2945 1759 primo
2968 1731 2982 1754 ,
3008 1689 3128 1758 quia
3159 1705 3264 1743 non
3294 1698 3468 1759 potest
3495 1689 3666 1746 homo

2081 1781 2242 1834 animi
2285 1779 2560 1836 aﬁbctibus
2600 1795 2819 1850 prorsus
2861 1780 3109 1845 liberari;
3142 1780 3234 1836 sed
3264 1781 3386 1837 illos
3420 1782 3665 1838 retinere

2080 1871 2293 1942 quidem
2325 1887 2604 1941 possumus
2621 1913 2638 1938 ,
2664 1872 2864 1942 absque
2889 1871 2993 1926 illis
3017 1873 3232 1926 omnino
3255 1887 3375 1928 esse
3399 1889 3502 1928 non
3527 1890 3662 1944 pos-

2079 1979 2296 2031 sumus;
2327 1965 2520 2021 deinde
2542 2007 2558 2031 ,
2593 1965 2716 2036 quia
2757 1966 2844 2021 ille
2880 1966 3040 2020 animi
3073 1975 3247 2020 motus
3273 1968 3418 2022 utilis
3445 1977 3528 2023 est
3550 2010 3567 2034 ,
3611 1969 3661 2022 si

2080 2058 2172 2112 illo
2212 2059 2444 2114 sciamus
2485 2069 2782 2129 opportune
2820 2060 2917 2115 uti.
2963 2059 3236 2130 Perpende
3277 2061 3417 2115 enim
3457 2073 3663 2132 quanta

2080 2151 2215 2205 bona
2236 2151 2473 2207 attulerit
2493 2151 2638 2206 Pauli
2661 2153 2737 2206 ira
2759 2162 2941 2206 contra
2961 2153 3284 2208 Corinthios.
3306 2153 3435 2208 Nam
3456 2164 3509 2209 ct
3535 2154 3662 2208 illos

2077 2260 2106 2298 a
2135 2259 2322 2313 magna
2363 2253 2508 2314 peste
2538 2245 2811 2310 liberavit;
2856 2244 3156 2301 Galatarum
3182 2245 3308 2301 item
3332 2256 3544 2316 gentem
3579 2247 3662 2300 la-

2077 2351 2226 2406 psam
2271 2351 2367 2406 per
2395 2336 2531 2391 hanc
2559 2336 2924 2407 recuperavit,
2961 2337 3200 2407 aliosque
3240 2338 3453 2392 multos.
3497 2337 3659 2405 Quod

2075 2443 2203 2499 ergo
2237 2437 2445 2500 tempus
2491 2431 2583 2485 ira:
2608 2439 2961 2500 opportunum
3003 2429 3126 2485 est?
3153 2429 3374 2498 Quando
3408 2447 3512 2486 non
3552 2449 3660 2489 nos

2077 2521 2220 2590 ipsos
2261 2521 2566 2577 ulciscimur
2588 2564 2602 2586 ,
2635 2523 2727 2577 sed
2764 2521 2896 2577 alios
2936 2523 3233 2592 petulantes
3272 2523 3613 2592 reprimimus
3637 2567 3655 2590 ,

2073 2611 2287 2667 desides
2313 2614 2690 2668 convertimus.
2716 2612 2865 2681 Quod
2895 2623 3101 2682 tempus
3124 2628 3227 2668 non
3253 2624 3612 2684 Opportunum
3630 2617 3660 2670 τ

2072 2705 2296 2771 Quando
2323 2721 2422 2761 nos
2449 2706 2594 2775 ipsos
2622 2705 2934 2762 ulciscentes
2964 2706 3017 2761 id
3047 2706 3286 2762 facimus.
3317 2707 3469 2774 Quod
3507 2708 3658 2763 Pau-

2072 2796 2157 2852 lus
2195 2797 2449 2852 cohibens
2477 2798 2688 2852 dicebat
2720 2815 2734 2851 :
2769 2796 2890 2852 Non
2931 2799 3254 2867 vosmetipsos
3295 2799 3611 2853 vindicantes
3634 2840 3651 2864 ,

2072 2887 2274 2954 dilecti,
2305 2887 2394 2942 sed
2422 2889 2540 2942 date
2560 2889 2722 2942 locum
2751 2889 2842 2943 irae
2865 2888 3042 2960 (Rom.
3075 2888 3162 2944 12.
3192 2887 3302 2961 19).
3330 2890 3553 2958 Quando
3583 2891 3658 2947 de

2072 2982 2311 3051 pecuniis
2352 2981 2636 3052 litigamus.
2682 2981 2812 3036 Nam
2851 2991 2906 3037 et
2942 2983 3044 3036 hoc
3082 2982 3163 3037 his
3188 2983 3363 3038 verbis
3389 2982 3606 3038 sustulit
3635 3001 3653 3038 :

2074 3075 2242 3142 Quare
2269 3089 2368 3128 non
2396 3075 2556 3145 magis
2583 3074 2822 3145 injuriam
2849 3075 3113 3144 accipitis?
3153 3091 3308 3145 quare
3345 3091 3446 3129 non
3485 3076 3658 3147 magis

2070 3166 2299 3237 fraudem
2324 3167 2552 3237 patimini
2580 3168 2598 3238 (
2624 3167 2676 3222 1.
2704 3166 2820 3222 Cor.
2853 3168 2908 3223 6.
2946 3168 2979 3223 7
3001 3167 3062 3237 )?
3085 3167 3234 3223 Sicut
3255 3168 3396 3224 enim
3427 3167 3542 3222 hac
3569 3169 3652 3222 ira

2068 3272 2460 3329 supervacanea
2486 3268 2568 3314 est
2587 3300 2603 3326 ,
2635 3260 2712 3315 sic
2739 3259 2827 3314 illa
2855 3259 3152 3316 necessaria
3173 3268 3228 3315 et
3253 3261 3414 3316 utilis.
3449 3258 3652 3315 Verum

2069 3352 2220 3407 multi
2245 3367 2277 3408 e
2311 3353 2582 3408 contrario
2619 3353 2846 3420 faciunt,
2883 3352 3086 3409 eﬁ‘erati
3111 3395 3125 3416 ,
3150 3367 3270 3408 cum
3309 3353 3496 3423 injuria
3521 3352 3653 3407 afﬁ-

2068 3445 2318 3507 ciuntur,
2361 3444 2578 3499 resoluti
2622 3457 2675 3498 et
2713 3444 2898 3499 molles
2923 3486 2938 3507 ,
2975 3459 3093 3498 cum
3140 3443 3324 3498 laesum
3362 3443 3523 3498 alium
3560 3442 3651 3497 vi-

2067 3533 2197 3588 dent
2237 3552 2248 3587 :
2279 3550 2397 3605 qute
2425 3535 2582 3588 ambo
2609 3535 2872 3589 contraria
2901 3544 3023 3588 sunt
3058 3534 3375 3605 evangelicis
3414 3532 3647 3602 legibus.

2067 3625 2183 3680 Non
2208 3641 2336 3696 ergo
2364 3625 2516 3682 irasci
2549 3626 2782 3696 iniquum
2811 3636 2893 3681 est
2918 3667 2933 3692 ,
2963 3625 3056 3681 sed
3084 3627 3435 3696 inopportune
3461 3625 3647 3680 irasci.

2069 3718 2193 3772 Ideo
2220 3719 2473 3792 propheta
2499 3718 2709 3774 dicebat
2736 3737 2750 3773 :
2779 3717 3068 3772 Irascimini
3085 3759 3100 3783 ,
3139 3727 3185 3772 et
3224 3717 3377 3771 nolite
3413 3732 3646 3788 peccare.

2071 3809 2170 3876 Qui
2199 3819 2367 3864 autent
2399 3810 2581 3864 dixerit
2618 3810 2766 3880 fratri
2802 3825 2928 3875 suo,
2958 3825 3076 3862 raca
3099 3848 3114 3871 ,
3153 3824 3267 3862 reus
3303 3808 3396 3861 erit
3431 3807 3651 3861 concilio

2068 3910 2088 3978 (
2115 3906 2259 3963 Psal.
2289 3907 2343 3960 4.
2375 3903 2470 3973 5).
2518 3901 2812 3957 Concilium
2842 3901 2964 3967 hic,
3002 3899 3255 3969 judicium
3300 3899 3649 3953 llebrzenrum

2024 4024 2039 4037 ~
2067 4007 2242 4056 vocat.
2286 3995 2439 4067 Quod
2481 3995 2600 4051 ideo
2629 4007 2770 4049 nunc
2797 3993 3007 4064 posuit,
3050 4007 3116 4047 ne
3156 3992 3351 4062 ubique
3375 3991 3652 4046 videretur

2068 4107 2207 4146 nova
2253 4099 2308 4144 et
2343 4086 2617 4159 peregrina
2651 4087 2849 4142 dicere.
2894 4084 3024 4141 Illud
3062 4092 3237 4140 autem
3263 4127 3279 4152 ,
3317 4083 3457 4138 Raea
3479 4125 3494 4148 ,
3534 4098 3650 4140 non

2067 4200 2271 4256 magna:
2298 4181 2633 4238 contumelia:
2659 4197 2760 4235 vox
2785 4189 2895 4244 est,
2919 4179 3014 4236 sed
3038 4180 3210 4249 potius
3234 4187 3571 4248 contemptus
3591 4189 3652 4234 et

2067 4274 2422 4347 negligentiae.
2445 4271 2902 4340 Quemadmodum
2921 4271 3061 4326 enim
3082 4285 3178 4325 nos
3196 4269 3403 4324 famulis
3421 4269 3651 4339 aliisque

2067 4368 2236 4424 inﬁmi
2275 4365 2469 4438 gradus
2499 4366 2820 4435 imperantes
2857 4363 3083 4416 dicimus
3112 4380 3126 4415 :
3157 4361 3302 4415 Vade
3349 4369 3402 4414 tn
3423 4402 3438 4421 ,
3470 4360 3558 4415 die
3590 4370 3649 4415 tu

2067 4460 2145 4516 illi
2176 4480 2190 4516 :
2216 4461 2294 4515 sic
2333 4459 2420 4530 qui
2451 4443 2703 4528 Syrorum
2744 4456 2916 4525 lingua
2958 4466 3207 4518 utuntur,
3237 4467 3370 4508 voce
3400 4452 3540 4507 Raca
3569 4452 3650 4507 uti

2068 4550 2260 4616 solent,
2288 4548 2366 4604 Tu
2392 4549 2772 4618 significantes.
2799 4546 2903 4601 Sed
2931 4546 3188 4615 benignus
3214 4545 3351 4599 Deus
3376 4544 3459 4598 Vel
3490 4544 3651 4598 mini-

2069 4656 2153 4698 ma
2181 4639 2399 4706 evellit,
2435 4639 2628 4707 jubens
2671 4651 2769 4692 nos
2811 4645 3120 4691 reverenter
3151 4644 3334 4690 mutuo
3360 4649 3518 4704 agerc
3543 4676 3558 4699 ,
3593 4643 3650 4690 et

2069 4749 2188 4787 cum
2219 4732 2421 4788 honore
2448 4731 2678 4796 decenti,
2703 4739 2759 4784 ut
2785 4745 2879 4800 per
2899 4729 3012 4783 haec
3032 4729 3190 4783 etiam
3222 4727 3420 4796 majora
3449 4727 3648 4781 Iollan-

2071 4835 2172 4878 tur.
2208 4824 2308 4890 Qui
2333 4833 2497 4878 autent
2521 4823 2739 4886 dixerit,
2773 4825 2910 4894 fatue
2928 4863 2944 4882 .
2971 4837 3087 4874 reus
3113 4820 3203 4874 erit
3230 4819 3467 4890 gehennae
3489 4817 3646 4888 ignis.

2069 4916 2182 4972 Hoc
2208 4924 2533 4986 praeceptum
2557 4913 2742 4968 multis
2766 4927 2926 4983 grave
2947 4920 3000 4966 et
3023 4925 3305 4967 onerosum
3332 4911 3502 4963 visum
3523 4917 3645 4963 est:

2068 5010 2111 5063 si
2153 5024 2249 5080 pro
2277 5023 2384 5064 uno
2409 5007 2634 5078 simplici
2661 5006 2828 5062 verbo
2866 5013 3070 5059 tantum
3108 5002 3400 5058 debeamus
3441 5001 3648 5071 suppli-

2067 5103 2210 5156 cium
2248 5101 2415 5156 luere.
2446 5099 2669 5167 Quidam
2697 5111 2824 5152 vero
2863 5097 2963 5151 hoc
3001 5095 3171 5166 ipsum
3201 5090 3538 5165 hyperbolice
3565 5090 3642 5145 di-

2074 5203 2214 5250 ctum
2241 5193 2561 5249 existimant.
2611 5189 2714 5246 Sed
2741 5203 2933 5246 vereor
2956 5201 3023 5244 ne
3051 5186 3228 5241 verbis
3257 5185 3342 5239 hic
3368 5199 3468 5239 nos
3493 5181 3644 5238 deci-

2070 5288 2296 5356 pieutes,
2324 5285 2498 5354 reipsa
2527 5297 2827 5339 extremum
2854 5280 3136 5336 subeamus
3161 5277 3496 5347 supplicium.

2141 5380 2195 5432 8.
2235 5377 2329 5432 Ira
2357 5393 2448 5431 cur
2473 5375 2810 5446 reprimenda.
2837 5372 3152 5428 Contumelia
3186 5370 3314 5424 nihil
3352 5366 3642 5422 intolerabi-

2073 5468 2186 5524 lius.
2211 5499 2278 5510 —-
2306 5468 2432 5534 Cur,
2475 5482 2677 5539 quaeso,
2727 5479 3013 5521 onerosum
3057 5463 3264 5519 videtur
3292 5474 3412 5516 esse
3438 5473 3642 5529 praece-

2073 5565 2257 5633 ptum?
2283 5565 2367 5618 An
2389 5564 2564 5617 nescis
2589 5562 2843 5632 pleraque
2870 5559 3126 5630 supplicia
3147 5567 3200 5613 et
3225 5565 3438 5627 peccata
3465 5571 3493 5609 a
3521 5571 3640 5609 ver-

2073 5655 2153 5708 bis
2185 5654 2388 5708 iuitium
2434 5653 2666 5710 ducere?
2708 5652 2812 5708 Per
2837 5652 2998 5707 verba
3037 5652 3177 5706 enim
3226 5649 3571 5721 blasphemia:
3588 5659 3642 5705 et

2072 5749 2350 5818 abnegatio
2366 5747 2490 5813 Dei;
2517 5765 2610 5819 per
2626 5747 2806 5814 verba,
2828 5745 3063 5804 convicia
3083 5755 3136 5800 et
3155 5741 3510 5810 contumeliae,
3524 5760 3611 5816 pet
3629 5773 3645 5786 -
