3856 6180
114 313 229 370 ω

116 430 269 497 juris,
315 426 450 481 falsa
492 424 813 489 testimonia,
846 423 955 494 ipsa
986 421 1291 478 homicidia.
1341 420 1415 476 Ne
1444 421 1602 490 igitur
1636 418 1686 471 id

117 517 385 582 attendas,
412 517 553 587 quod
583 532 742 571 unum
770 518 838 570 sit
860 514 1117 581 verbum;
1147 513 1240 569 sed
1270 529 1334 567 an
1353 512 1574 566 multum
1594 511 1689 566 ha-

115 613 232 665 beat
259 608 509 680 periculi,
533 609 634 665 hoc
658 609 922 664 examina.
944 609 1025 663 An
1046 608 1276 679 ignoras,
1301 605 1688 660 inimicitiarum

115 712 379 770 tempore,
404 716 528 757 cum
552 700 628 755 ira
650 700 987 756 succenditur
1006 699 1215 754 animus
1237 707 1291 753 et
1314 697 1689 763 inflammatur,

121 808 220 845 rem
243 792 528 846 minimam
545 807 788 862 magnam
810 792 997 855 videri,
1022 799 1076 846 et
1100 789 1364 845 modicum
1394 788 1691 844 convicium

116 883 403 937 molestum
428 883 584 938 esse?
605 883 859 953 Smpeqne
890 883 1002 936 hmo
1031 896 1190 952 parva
1215 890 1269 936 et
1291 880 1692 935 bomicidiorum

116 988 265 1029 causa
296 972 477 1039 fuere,
506 982 561 1028 et
586 974 830 1030 civitates
868 973 1102 1044 integras
1127 972 1518 1028 subverterunt.
1549 970 1695 1027 Sicut

116 1066 251 1123 enim
281 1066 434 1123 inter
459 1066 661 1121 amicos
688 1065 847 1122 etiam
873 1081 992 1136 quae
1018 1064 1239 1121 molesta
1260 1074 1406 1130 sunt,
1431 1064 1563 1120 levia
1591 1064 1692 1119 du-

116 1169 304 1212 rantur
323 1176 338 1211 :
360 1158 464 1223 sic,
493 1157 763 1212 inimicitia
785 1158 1022 1222 suborta,
1046 1157 1126 1213 vel
1150 1156 1363 1211 minima
1392 1155 1697 1211 intolerabi-

118 1248 181 1303 lia
205 1248 482 1304 videntur.
512 1248 736 1304 Etiamsi
763 1248 1073 1319 simpliciter
1102 1248 1241 1303 dicta
1270 1249 1395 1311 sint,
1422 1247 1563 1302 malo
1582 1248 1697 1302 ani-

121 1358 201 1397 mo
222 1343 438 1412 prolata
480 1342 868 1397 existimantur.
897 1342 974 1396 Ac
1000 1340 1444 1412 quemadmodum
1473 1340 1526 1394 in
1552 1340 1693 1410 igne,

120 1436 160 1487 si
185 1448 348 1503 parva
378 1432 613 1489 scintilla
660 1434 748 1497 sit,
800 1434 1007 1488 etiamsi
1054 1433 1328 1489 innumera
1382 1432 1519 1502 ligna
1549 1430 1699 1501 adja-

121 1536 287 1591 erant,
320 1540 434 1581 non
466 1524 619 1581 facile
646 1526 1071 1591 inﬂammantur;
1105 1526 1148 1581 si
1176 1540 1303 1579 vero
1329 1525 1436 1594 jam
1463 1524 1514 1579 in
1532 1524 1696 1578 altum

122 1618 326 1672 ﬂamma
353 1625 664 1688 consurgat,
690 1633 796 1672 non
827 1617 965 1687 ligna
991 1615 1168 1682 modo,
1193 1615 1286 1671 sed
1310 1616 1469 1671 etiam
1497 1614 1701 1684 lapides

124 1709 383 1779 aliamque
406 1708 733 1764 incidentem
763 1708 1037 1764 materiam
1068 1707 1223 1764 facile
1248 1707 1496 1777 corripit;
1522 1717 1576 1763 et
1606 1722 1703 1777 per

123 1816 228 1871 qua
257 1801 523 1873 restingui
547 1802 705 1868 solet,
735 1816 829 1871 per
851 1802 964 1856 haec
982 1801 1265 1856 violentius
1291 1800 1440 1856 ardet
1468 1798 1700 1875 (quidam

125 1895 254 1948 enim
279 1894 478 1949 dicunt
506 1910 612 1948 non
643 1894 841 1964 lignum
871 1894 1048 1960 modo,
1075 1902 1318 1964 stuppam
1346 1893 1552 1964 aliaque
1569 1892 1703 1963 ignis

125 1985 395 2049 alimenta,
423 1985 521 2040 sed
548 1986 705 2041 etiam
734 1985 1023 2040 immissam
1044 1999 1231 2055 aquam
1253 1985 1420 2055 magis
1440 1984 1544 2038 vim
1567 1984 1703 2053 ignis

125 2076 408 2145 excitare):
434 2077 514 2131 sic
539 2087 593 2130 et
620 2077 677 2130 in
699 2077 775 2130 ira
820 2076 1043 2132 accidit:
1068 2075 1319 2146 quidquid
1355 2076 1575 2141 dixeris,
1603 2076 1703 2129 ali-

130 2174 362 2220 mentum
391 2165 616 2236 maligni
649 2166 875 2220 incendii
899 2166 1077 2221 statim
1097 2164 1348 2221 eflicitur.
1374 2165 1504 2234 Qua:
1528 2164 1703 2219 omnia

128 2255 365 2311 Christus
395 2265 524 2310 ante
550 2257 928 2326 comprimens,
956 2271 1077 2312 eum
1102 2257 1191 2328 qui
1219 2265 1418 2313 temere
1438 2256 1702 2324 irascitur,

126 2346 313 2414 judicio
341 2345 721 2401 condemnavit
746 2346 888 2415 (ideo
916 2347 1068 2414 dixit,
1095 2348 1194 2414 Qui
1213 2348 1464 2414 irascitur,
1486 2365 1599 2402 reus
1614 2350 1707 2401 erit

124 2441 355 2509 judicio),
382 2440 656 2495 dicentem
681 2455 830 2510 vero,
856 2455 1001 2509 raca,
1031 2456 1183 2497 reum
1212 2456 1331 2498 esse
1358 2443 1431 2496 ait
1457 2442 1701 2497 concilio.

129 2530 223 2585 Sed
260 2530 381 2586 llch
409 2530 654 2586 nondum
682 2546 873 2603 magna
901 2540 1059 2587 sunt:
1090 2533 1144 2587 in
1174 2532 1276 2587 hoc
1317 2533 1457 2587 enim
1506 2532 1704 2588 saeculo

132 2622 436 2689 puniuntur.
459 2621 691 2691 Ideoque
718 2623 767 2678 ei
788 2623 878 2693 qui
908 2622 1106 2677 fatuum
1124 2623 1487 2693 appellaverit,
1509 2624 1707 2694 gehen-

132 2714 403 2782 tzeignem
430 2714 660 2784 adjecit;
693 2730 937 2785 nuncque
978 2715 1204 2785 primum
1233 2715 1491 2785 gehennae
1520 2731 1705 2771 vocem

133 2806 363 2874 protulit.
395 2804 558 2860 Prius
585 2804 725 2860 enim
767 2806 930 2860 multa
960 2806 1027 2861 de
1069 2821 1233 2876 regno
1270 2806 1534 2877 loquutus,
1580 2815 1707 2863 tunc

134 2912 241 2951 eam
262 2898 619 2963 memoravit;
648 2897 936 2953 ostendens
967 2897 1095 2953 illud
1125 2898 1337 2969 quidem
1368 2900 1708 2971 benignitatis

134 2997 185 3042 et
204 2988 502 3044 voluntatis
530 3004 641 3044 suae
667 3004 806 3055 esse,
848 2989 988 3045 hanc
1030 3005 1160 3046 vero
1188 3002 1384 3047 nostra:
1422 2993 1703 3050 socordiae.

138 3082 207 3134 Ac
226 3079 349 3135 vide
376 3080 653 3151 quomodo
705 3082 954 3151 paulatim
1004 3083 1260 3153 procedat
1308 3086 1363 3140 in
1411 3087 1704 3158 suppliciis,

139 3174 273 3241 quasi
304 3174 422 3230 fere
452 3189 575 3229 sese
600 3174 739 3243 apud
768 3183 819 3229 te
848 3186 1118 3246 purgaret,
1149 3178 1460 3245 ostendens,
1498 3196 1558 3235 se
1586 3182 1707 3252 qni-

138 3266 246 3320 detn
287 3267 467 3322 nullas
493 3266 695 3323 similes
733 3268 906 3324 minas
931 3270 1193 3325 intentare
1221 3270 1377 3336 velle,
1408 3286 1505 3327 nos
1532 3284 1707 3328 autem

142 3358 275 3414 illum
295 3358 365 3414 ad
381 3360 521 3415 tales
535 3359 960 3415 denuntiationes
976 3362 1316 3433 compellere.
1335 3364 1710 3420 Animadverte

141 3451 287 3505 ettim.
319 3451 465 3518 Dixi,
500 3465 569 3505 ne
613 3450 804 3506 frustra
837 3452 1100 3516 irascaris,
1132 3469 1251 3507 nam
1283 3469 1408 3509 reus
1434 3456 1540 3511 eris
1562 3456 1707 3526 judi-

140 3542 241 3605 cio;
262 3542 499 3612 primum
524 3540 657 3597 illud
690 3543 1078 3613 contempsisti.
1108 3543 1241 3600 Vide
1280 3545 1407 3615 quid
1443 3548 1711 3616 pepererit

142 3634 238 3688 ira:
264 3634 331 3689 ad
358 3634 741 3690 contumeliam
773 3633 1105 3691 inferendam
1133 3645 1185 3691 te
1213 3637 1390 3691 statim
1431 3641 1705 3707 pertraxit.

141 3724 267 3781 Iaca
297 3728 444 3782 enim
474 3727 677 3782 vocasti
705 3727 924 3784 fratrem
955 3737 1137 3795 tuum;
1169 3745 1355 3785 rursus
1379 3730 1538 3785 aliam
1580 3746 1709 3786 con-

139 3818 269 3873 stitui
299 3834 543 3889 poenam,
573 3834 764 3890 nempe
790 3820 1023 3877 concilii.
1046 3820 1102 3877 Si
1130 3821 1230 3877 hac
1252 3825 1413 3878 etiam
1437 3822 1706 3893 despecta,

138 3909 350 3965 adalind
372 3911 634 3980 procedas
647 3912 880 3982 gravius,
903 3928 1009 3968 non
1031 3913 1167 3967 ultra
1184 3921 1235 3967 te
1255 3912 1544 3969 moderatis
1565 3915 1711 3971 hisce

134 4003 297 4070 panis
324 4002 583 4069 ulciscar,
611 4003 706 4060 sed
734 4005 1018 4061 immortali
1050 4005 1308 4076 gehennae
1337 4007 1618 4077 supplicio,
1643 4024 1710 4063 ne

135 4093 342 4150 demum
368 4094 435 4150 ad
468 4096 673 4152 czedem
697 4097 855 4151 etiam
877 4097 1146 4168 prosilias.
1172 4098 1314 4155 Nihil
1339 4109 1418 4155 est
1441 4100 1604 4165 enim,
1630 4102 1712 4156 ni-

135 4184 201 4240 hil
222 4196 306 4242 est
334 4188 527 4257 utique
552 4189 869 4245 contumelia
886 4190 1291 4259 intolerabilius,
1317 4206 1415 4247 nec
1437 4193 1578 4263 quod
1600 4208 1712 4247 ma-

132 4279 390 4349 gispossit
415 4278 708 4336 humanum
725 4281 973 4339 mordere
997 4283 1252 4338 animum.
1271 4283 1421 4350 Quod
1446 4284 1489 4339 si
1509 4283 1709 4339 dictum

132 4369 253 4425 illud
280 4371 732 4427 contumeliosius
759 4382 813 4427 et
844 4374 1018 4428 acrius
1060 4373 1240 4440 fuerit,
1283 4382 1391 4428 tum
1432 4374 1623 4445 duplex
1653 4375 1713 4430 fit

134 4458 460 4515 incendium.
494 4460 571 4516 Ne
596 4454 753 4531 igitur
773 4463 888 4518 leve
913 4464 1185 4519 existimes
1214 4479 1333 4520 esse
1358 4464 1590 4535 aliquem
1614 4482 1709 4517 vo-

132 4566 245 4607 care
273 4553 507 4608 fatuum.
546 4553 770 4623 Quando
794 4556 935 4611 enim
978 4557 1089 4623 illo,
1120 4572 1225 4627 quo
1251 4572 1280 4611 a
1311 4558 1478 4614 brutis
1506 4559 1710 4615 dill‘eri-

135 4660 259 4707 mus,
286 4656 343 4701 et
369 4661 482 4716 quo
521 4648 750 4702 maxime
775 4646 1017 4703 homines
1046 4663 1251 4711 sumus,
1294 4658 1473 4705 mente
1507 4651 1711 4706 scilicet

134 4746 279 4807 atque
302 4737 593 4807 prudentia
608 4737 824 4795 fratrem
851 4741 1069 4810 spolias,
1092 4742 1234 4796 omni
1263 4742 1408 4797 illum
1433 4743 1709 4799 nobilitate

133 4830 367 4894 privasti.
398 4827 477 4883 Ne
504 4828 679 4899 itaque
704 4831 880 4886 verbis
899 4832 1071 4887 solum
1100 4832 1455 4901 attendamus,
1497 4834 1590 4889 sed
1621 4850 1708 4890 res

132 4918 265 4986 ipsas
303 4930 357 4973 et
388 4918 639 4975 affectum
675 4922 1094 4991 considerantes,
1135 4926 1429 4994 cogitemus
1458 4935 1706 4996 quantam

136 5009 479 5066 hocverhnm
513 5014 719 5082 plagam
754 5014 962 5077 inferat.
1011 5025 1065 5071 et
1106 5018 1159 5071 in
1204 5027 1460 5087 quantum
1512 5018 1706 5072 malum

136 5107 424 5171 perveniat.
459 5108 583 5161 Ideo
605 5108 797 5162 Paulus
828 5124 931 5163 non
964 5110 1199 5166 moechos
1229 5121 1429 5166 tantum
1470 5121 1525 5167 et
1566 5113 1706 5165 mol-

138 5195 224 5260 les,
252 5213 441 5252 verum
468 5200 633 5252 etiam
664 5200 949 5255 maledicos
976 5216 1007 5255 a
1033 5216 1200 5272 regno
1227 5202 1452 5258 exclusit
1479 5205 1553 5274 (i.
1583 5200 1702 5257 Cor.

138 5286 184 5341 6.
205 5288 292 5359 ιο)
318 5307 335 5345 :
359 5300 417 5345 et
436 5291 561 5360 jure
589 5292 824 5361 quidem.
854 5291 987 5346 Nam
1015 5294 1433 5350 contumeliosus
1471 5295 1706 5349 caritatis

137 5380 318 5438 bonum
366 5384 699 5455 pessumdat,
745 5399 809 5439 ac
850 5388 1115 5441 sexcentis
1145 5389 1443 5456 proximum
1475 5387 1701 5441 involvit

142 5477 303 5542 malis,
350 5486 643 5547 perpetuas
673 5476 816 5533 fovet
860 5478 1182 5545 inimicitias,
1229 5479 1422 5535 Christi
1467 5478 1704 5534 membra

141 5565 403 5637 diseerpit,
434 5582 622 5637 pacem
647 5568 789 5621 illam
820 5568 931 5624 Deo
955 5568 1243 5639 optabilem
1269 5569 1502 5639 quotidie
1534 5572 1698 5640 pclltt,

143 5652 284 5712 latam
303 5658 523 5714 diabolo
550 5674 646 5729 [.er
666 5661 1022 5715 contumelias
1048 5675 1241 5729 parans
1260 5661 1421 5726 viam,
1453 5662 1705 5731 illumque

142 5748 362 5806 efﬁciens
391 5750 683 5806 fortiorem.
714 5750 839 5805 idco
866 5752 1106 5813 Christus
1136 5740 1326 5808 nervos
1353 5752 1493 5808 illius
1520 5761 1707 5821 poten-

1205 307 1268 363 ΙΝ
1306 303 1705 361 ΜΑΤΉΙίΕωΙ
1748 302 1974 359 IIOMIL.
2015 304 2152 361 Xi'f.

3271 305 3376 361 950

1798 419 1887 473 tite
1912 418 2250 481 exscindens,
2281 417 2418 473 hanc
2459 416 2627 489 legem
2677 417 2900 473 induxit;
2953 418 3136 489 Magna
3180 421 3380 492 quippe

1797 522 1878 565 est
1907 511 1981 566 illi
2006 512 2241 567 caritatis
2267 527 2413 566 cura.
2450 511 2573 565 llzec
2607 511 2801 582 quippe
2836 520 2916 565 est
2943 514 3180 567 omnium
3209 523 3379 569 mater

1796 603 2081 670 bonorum,
2109 614 2255 659 certa
2286 602 2669 673 discipulorum
2694 612 2835 666 nota,
2863 618 2980 673 quae
2997 604 3172 658 omnia
3196 613 3377 659 nostra

1797 694 2052 750 continet.
2075 694 2203 751 Jure
2224 709 2351 764 ergo
2379 694 2586 749 radices
2625 701 2680 749 et
2724 693 2898 750 fontes
2942 696 3231 752 inimicitiae.
3260 713 3379 767 qua:

1799 787 1942 841 illam
1971 785 2276 856 pessumdat
2300 801 2419 841 cum
2448 784 2780 841 vehementia
2808 787 2970 843 multa
2995 786 3241 843 Christus
3266 804 3376 843 am-

1799 887 1947 947 putat
1973 886 2029 933 et
2058 878 2212 933 tollit.
2240 877 2318 933 Ne
2346 878 2504 949 igitur
2528 878 2641 932 lucc
2661 895 2756 949 per
2774 880 3097 951 hyperbolen
3121 880 3263 936 dicta
3286 897 3380 952 pu-

1801 980 1901 1037 tes,
1933 971 2026 1027 sed
2053 972 2292 1043 cogitans
2316 982 2512 1043 quanta
2538 973 2675 1027 bona
2708 988 2898 1043 parere
2928 975 3151 1044 possint,
3190 976 3377 1031 barum

1798 1062 2260 1118 mansuetudinem
2300 1064 2475 1134 legum
2521 1063 2735 1119 mirare.
2765 1061 2909 1120 Nihil
2953 1067 3093 1121 enim
3137 1068 3202 1120 ita
3231 1080 3379 1124 curat

1800 1151 1963 1220 Deus,
1993 1162 2051 1207 ut
2082 1170 2178 1209 nos
2199 1157 2394 1209 mutuis
2415 1156 2637 1210 vinculis
2658 1155 2914 1228 colligari.
2939 1158 3063 1214 ideo
3083 1171 3134 1214 et
3161 1176 3258 1231 per
3276 1162 3380 1217 sei-

1802 1261 1952 1314 psum
1992 1257 2046 1302 et
2087 1264 2185 1318 per
2212 1248 2498 1318 discipulos
2542 1265 2688 1316 suos,
2737 1260 2840 1306 tam
2884 1252 2935 1306 in
2963 1252 3110 1307 Novo
3138 1270 3296 1324 quam
3328 1256 3379 1310 in

1804 1336 1979 1393 Veteri
2011 1338 2375 1406 Testamento,
2427 1340 2593 1395 multo
2638 1341 2737 1395 hoc
2783 1353 3102 1413 praiceptum
3133 1363 3382 1404 sermone

1800 1431 2157 1497 commendat,
2203 1441 2259 1486 et
2295 1433 2584 1488 vehemens
2613 1433 2805 1488 vindex
2834 1446 2914 1489 est
2938 1452 3125 1491 eorum
3150 1441 3238 1509 qui
3270 1440 3382 1494 lucc

1802 1524 2119 1594 despiciunt.
2147 1525 2354 1580 Etenim
2387 1526 2518 1581 nihil
2550 1528 2619 1581 ita
2650 1530 2903 1583 malitiam
2932 1546 3143 1585 omnem
3179 1533 3380 1587 inducit

1803 1627 1855 1671 et
1875 1617 2077 1684 fundat,
2103 1620 2409 1675 utcaritatis
2428 1622 2674 1677 remotio.
2694 1622 2819 1678 ideo
2834 1622 3062 1691 dicebat,
3086 1625 3208 1679 Cum
3230 1626 3381 1679 abun-

1804 1708 1992 1761 daverit
2014 1710 2269 1781 iniquitas,
2316 1712 2599 1781 refrigescet
2625 1714 2811 1766 caritas
2856 1714 3126 1767 multorum
3167 1713 3379 1783 (Matth.

1802 1800 1892 1855 24.
1925 1802 2034 1873 12).
2075 1803 2164 1858 Sic
2198 1803 2328 1858 Cain
2362 1803 2628 1859 fratricida
2675 1806 2842 1861 factus
2872 1817 2973 1873 est,
3005 1809 3082 1865 sic
3117 1811 3277 1875 Esau,
3307 1813 3383 1868 sic

1807 1893 1994 1949 fratres
2013 1892 2228 1966 Josepbi
2245 1913 2259 1956 ;
2278 1896 2355 1951 sic
2370 1896 2641 1951 innumera
2665 1908 2847 1953 exorta
2870 1910 2994 1953 sttnt
3019 1902 3180 1966 mala,
3204 1904 3379 1956 avulsa

1807 1989 2045 2041 caritate.
2071 1987 2193 2043 Ideo
2219 1988 2307 2043 ille
2335 2004 2419 2052 ea,
2445 2005 2561 2060 qua:
2584 1990 2751 2060 ipsam
2780 1993 3122 2061 pessumdare
3144 2008 3384 2065 possunt,

1806 2092 1925 2131 cum
1950 2094 2135 2149 magna
2163 2079 2501 2133 accuratione
2522 2091 2778 2135 removet.

1879 2170 1930 2225 9.
1971 2169 2097 2225 Cum
2134 2181 2324 2240 quanta
2359 2171 2579 2227 bonitate
2618 2174 3068 2230 reconciliationem
3099 2182 3387 2250 prtecepcrit

1810 2262 2054 2317 Christus.
2089 2262 2451 2318 Reconciliatio
2480 2281 2593 2317 cum
2630 2266 2791 2334 fratre
2819 2283 2930 2321 vere
2958 2270 3263 2338 sacri/icium
3290 2281 3381 2325 est.

1810 2352 2052 2407 Nondum
2076 2353 2387 2408 initiatorum
2407 2356 2657 2424 sacriﬁcia
2683 2373 2815 2425 quae.
2837 2389 2905 2397 —
2930 2359 3109 2429 Neque
3128 2363 3180 2416 in
3201 2378 3387 2432 supra-

1809 2444 1965 2499 tlictis
1992 2445 2215 2515 gradum
2259 2447 2418 2510 sistit,
2463 2448 2555 2503 sed
2599 2448 2700 2503 alia
2750 2450 2900 2519 plura
2949 2452 3184 2515 adhibet,
3236 2458 3387 2525 queis

1810 2535 2038 2590 ostendit
2057 2546 2306 2605 quantam
2337 2539 2452 2605 ejus
2482 2537 2669 2593 habeat
2698 2540 2977 2596 rationem.
3000 2542 3131 2596 Nam
3155 2561 3273 2599 cum
3296 2562 3387 2617 per

1809 2627 2111 2689 concilium,
2143 2644 2241 2698 per
2263 2628 2516 2696 judicium
2542 2640 2595 2683 et
2627 2645 2723 2699 per
2745 2630 3042 2701 gehennam
3075 2635 3210 2705 ignis
3236 2652 3383 2690 com-

1809 2718 2038 2772 minatus
2080 2728 2242 2781 esset,
2292 2721 2391 2774 alia
2434 2720 2626 2789 adjecit
2674 2723 3091 2791 praecedentibus
3130 2743 3385 2795 consona,

1808 2823 2033 2877 nempe:
2064 2808 2154 2863 25.
2184 2809 2245 2864 Si
2265 2808 2415 2876 offers
2441 2827 2621 2865 munus
2651 2821 2791 2865 tuum
2817 2814 2895 2867 ad
2913 2815 3093 2882 altare,
3131 2829 3174 2872 et
3210 2820 3276 2873 ibi
3304 2837 3387 2873 re-

1810 2900 2046 2954 cordatus
2068 2901 2223 2971 fueris
2242 2902 2358 2971 quia
2385 2902 2541 2971 frater
2576 2911 2691 2957 tuus
2733 2903 2880 2959 habet
2913 2906 3107 2978 aliquid
3130 2910 3387 2964 adversum

1810 3001 1874 3054 te,
1906 2992 1994 3045 24.
2024 2992 2250 3062 relinque
2278 3009 2459 3047 munus
2485 3004 2624 3047 tuum
2647 3005 2762 3049 ante
2782 2997 2961 3063 altare,
3007 3010 3054 3053 et
3077 3002 3220 3066 vade,
3249 3006 3389 3070 prius

1809 3083 2133 3137 reconciliare
2157 3084 2308 3153 fratri
2328 3094 2429 3148 tuo,
2455 3096 2501 3139 et
2525 3096 2643 3140 tunc
2659 3089 2858 3143 ueniens
2880 3090 3007 3158 offer
3027 3109 3207 3147 munus
3227 3105 3387 3149 tuum.

1810 3175 1854 3231 Ο
1876 3176 2185 3242 bonitatem,
2214 3193 2246 3229 o
2274 3177 2667 3247 benignitatem,
2699 3197 2817 3250 qure
2844 3198 3055 3239 omnem
3086 3199 3389 3242 sermonem

1811 3270 2055 3337 superat!
2088 3268 2354 3324 Honorem
2397 3285 2549 3324 suum
2594 3271 2819 3342 despicit
2863 3291 2958 3343 pro
3004 3279 3226 3334 caritate
3266 3296 3389 3351 erga

1814 3361 2108 3430 proximum
2128 3377 2142 3427 ;
2160 3363 2466 3427 ostendens,
2493 3378 2549 3419 se
2566 3366 2710 3434 prius
2725 3368 3101 3423 comminutum
3127 3384 3266 3436 esse,
3286 3388 3389 3429 non

1810 3467 1874 3505 ex
1892 3452 2163 3506 inimicitia
2187 3452 2434 3523 quadam,
2462 3456 2544 3509 vel
2571 3470 2633 3509 ex
2665 3455 2951 3521 cupiditate
2980 3457 3239 3515 inferendi
3268 3476 3391 3532 sup-

1813 3542 1974 3611 plicii,
1998 3542 2091 3597 sed
2120 3558 2187 3598 ex
2215 3558 2397 3599 amore
2428 3546 2674 3602 ferventi.
2702 3547 2837 3615 Quid
2860 3549 3001 3603 enim
3036 3550 3181 3607 hisce
3210 3553 3391 3610 verbis

1812 3633 2138 3688 mansuetius
2158 3634 2282 3703 fingi
2309 3637 2514 3705 possit?
2536 3635 2970 3707 luturriimpatnr,
3001 3642 3189 3712 inquit,
3216 3644 3393 3701 cultus

1812 3741 1983 3793 meus,
2024 3735 2081 3781 ut
2118 3728 2310 3782 caritas
2356 3738 2439 3783 tua
2484 3740 2714 3785 maneat.
2759 3732 2889 3786 Nam
2920 3750 3043 3790 vere
3071 3737 3390 3793 sacrificium

1811 3828 1893 3872 est
1917 3818 2275 3873 reconciliatio
2299 3834 2419 3874 cum
2438 3820 2625 3876 fratre.
2656 3822 2775 3877 Ideo
2803 3840 2904 3878 non
2935 3825 3084 3893 dixit,
3107 3827 3389 3900 Postquam

1819 3910 2107 3975 obtuleris,
2142 3912 2246 3977 vel,
2274 3913 2578 3983 Antequam
2602 3912 2798 3969 offeras
2825 3931 2840 3979 ;
2883 3913 2973 3967 sed
3006 3914 3125 3982 ipso
3161 3928 3387 3966 munere

1822 4012 2109 4072 praesente,
2140 4012 2196 4058 et
2213 4004 2325 4074 jam
2350 4004 2621 4060 sacrificio
2647 4005 2937 4076 incipiente
2966 4004 3294 4066 mittiteum,
3330 4014 3390 4057 ut

1817 4110 1875 4149 se
1890 4111 2011 4150 cum
2030 4094 2199 4152 fratre
2220 4097 2549 4162 reconciliet,
2565 4111 2665 4152 nec
2680 4111 2906 4167 propere
2916 4096 3167 4152 confecto
3180 4096 3388 4150 sacrifi-

1818 4186 1923 4251 cio,
1954 4202 2051 4241 nec
2069 4196 2361 4258 antequam
2385 4204 2586 4243 munus
2609 4188 2872 4253 attulerit,
2894 4187 2989 4242 sed
3010 4188 3102 4242 illo
3121 4188 3173 4241 in
3204 4186 3385 4241 medio

1813 4278 2185 4345 jacentejubet
2202 4278 2330 4333 illuc
2345 4277 2764 4334 accurrere.Cur
2778 4294 2907 4349 ergo
2930 4280 3008 4333 sic
3019 4279 3174 4348 jubet
3194 4278 3245 4331 id
3265 4292 3390 4347 age-

1814 4382 1892 4430 re,
1923 4374 1977 4419 et
2002 4379 2106 4436 qua
2135 4365 2203 4422 de
2229 4367 2428 4421 causa?
2465 4365 2589 4422 Haec
2620 4366 2797 4427 ambo,
2828 4378 2878 4419 ut
2910 4367 3036 4421 mihi
3067 4367 3280 4437 quidem
3311 4369 3391 4422 vi-

1812 4456 1988 4523 detur,
2016 4455 2380 4522 subindicans,
2421 4466 2476 4512 et
2513 4473 2707 4527 agens:
2733 4474 2893 4512 unum
2933 4459 3166 4530 quidem,
3198 4470 3256 4513 ut
3280 4460 3389 4528 jam

1813 4550 1946 4616 dixi,
1989 4560 2047 4605 ut
2069 4551 2317 4606 ostendat
2352 4566 2413 4605 se
2439 4551 2711 4607 caritatem
2741 4552 2915 4622 magni
2945 4551 3140 4617 facere,
3167 4561 3222 4607 et
3247 4553 3390 4607 illam

1813 4658 1932 4699 esse
1954 4652 2138 4713 putare
2157 4644 2443 4697 maximum
2472 4644 2709 4698 omnium
2729 4643 3065 4709 sacrificium,
3094 4658 3257 4715 seque
3277 4647 3392 4699 sine

1813 4737 2031 4792 caritate
2058 4736 2373 4792 sacrificium
2400 4752 2503 4792 non
2529 4736 2839 4803 admittere;
2868 4738 3161 4793 secundum
3188 4749 3389 4801 autem,

1815 4838 1873 4885 ut
1897 4830 2342 4886 reconciliationis
2373 4830 2727 4886 inevitabilem
2769 4832 3140 4887 necessitatem
3182 4831 3390 4886 afferat.

1812 4921 1945 4977 Nam
1977 4922 2066 4991 qni
2091 4924 2273 4991 jussus
2297 4932 2379 4977 est
2407 4937 2512 4977 non
2543 4924 2689 4993 prius
2716 4923 2927 4987 offerre,
2961 4940 3119 4993 quam
3150 4925 3359 4978 reconci
3384 4952 3393 4959 -

1814 5013 2054 5080 liaretur,
2084 5014 2293 5069 etiamsi
2323 5029 2427 5069 non
2449 5030 2515 5071 ex
2535 5030 2717 5069 amore
2734 5014 2981 5084 proximi,
3005 5014 3196 5069 saltem
3225 5028 3292 5069 ne
3308 5030 3396 5067 sa-

1813 5103 2071 5159 crificium
2102 5105 2465 5174 imperfectum
2497 5114 2726 5171 maneat,
2764 5104 3080 5174 'properabit
3116 5104 3181 5158 ad
3226 5104 3392 5161 allen-

1815 5212 1930 5252 sum
1962 5198 2198 5264 fratrem,
2234 5209 2292 5252 ut
2333 5198 2660 5253 inimicitiam
2708 5199 2896 5252 solvat.
2943 5196 3172 5268 Ideoque
3214 5199 3391 5254 omnia

1814 5292 2126 5363 emphaticis
2140 5294 2402 5362 expressit
2423 5292 2617 5359 verbis,
2640 5300 2845 5346 terrens
2864 5292 3010 5345 illum
3028 5293 3392 5362 excitansque.

1814 5381 1946 5438 Cum
1968 5382 2189 5438 dixisset
2209 5384 2370 5448 enim,
2395 5381 2641 5452 Relinque
2660 5398 2839 5434 munus
2861 5390 3019 5442 tuum,
3046 5398 3149 5436 non
3177 5381 3248 5437 ibi
3269 5382 3394 5437 sub-

1815 5476 1968 5541 stitit,
1997 5476 2089 5532 sed
2116 5475 2405 5544 subjunxit,
2432 5475 2558 5527 Ante
2583 5474 2763 5539 altare,
2795 5483 2847 5528 et
2877 5486 3156 5544 postquam
3183 5490 3247 5529 ex
3277 5474 3392 5529 loco

1816 5568 1868 5623 in
1895 5567 2168 5623 horrorem
2202 5566 2482 5635 quemdam
2510 5565 2758 5635 conjecit,
2789 5564 2853 5619 Et
2880 5568 3023 5620 vade.
3054 5566 3162 5621 Nec
3189 5575 3390 5621 tantum

1816 5657 1968 5719 dixit,
2006 5641 2167 5719 Vade,
2200 5655 2291 5711 sed
2322 5656 2581 5725 adjunxit,
2618 5655 2790 5719 Prius,
2820 5668 2865 5711 et
2891 5669 3007 5711 tunc
3035 5659 3233 5713 veniens
3267 5657 3391 5723 o/ier

1819 5766 1999 5805 manus
2030 5762 2200 5814 tuum;
2244 5765 2337 5819 per
2378 5748 2493 5804 lucc
2541 5750 2713 5805 omnia
2746 5749 3041 5817 declarans,
3076 5750 3209 5804 hanc
3240 5766 3383 5804 tneo-
