3856 6180
489 283 592 339 251

492 413 606 456 5am
628 410 734 450 non
756 393 1039 449 admittere
1055 405 1147 446 eos
1166 392 1258 461 qui
1276 389 1575 445 inimicitias
1596 397 1776 444 mutuo
1795 393 2063 442 exercent.

493 489 729 546 Audiam
749 487 964 554 initiati,
987 486 1216 556 quicum
1241 483 1527 538 inimicitiis
1546 481 1832 546 accedunt;
1853 479 2069 534 audiant

494 591 552 637 et
578 581 667 652 qui
695 579 930 638 nondum
955 586 1081 632 sunt
1104 575 1327 632 initiati:
1355 591 1478 630 nam
1503 574 1567 628 ad
1598 573 1696 626 hos
1719 587 1928 642 quoque
1955 587 2067 625 ser-

495 687 587 729 mo
611 669 1007 743 quodammodo
1033 669 1279 740 pertinet.
1306 665 1547 724 Oﬁ'erunt
1575 665 1714 720 enim
1745 673 1798 720 et
1827 665 1924 734 ipsi
1965 663 2064 718 do-

493 780 620 818 num
650 772 704 819 et
739 762 1076 826 sacriﬁcium,
1109 760 1402 815 orationem
1430 758 1549 813 dico
1573 766 1626 811 et
1650 756 2062 828 eleemosynam.

492 854 643 922 Quod
683 853 824 908 enim
855 853 966 906 haec
992 849 1308 906 sacrificium
1335 848 1462 910 sint,
1491 847 1612 901 audi
1643 845 1950 917 prophetam
1981 845 2064 899 di-

491 954 700 1000 centem
723 961 738 997 :
762 943 1082 1012 Sacriﬁcium
1108 941 1274 995 laudis
1299 939 1648 1007 honoriﬁcabit
1676 955 1755 992 me
1777 937 1950 1006 (Psal.
1971 937 2061 992 49.

488 1039 612 1110 83).
639 1045 694 1094 et
722 1051 951 1101 rursum,
981 1034 1203 1090 Immola
1223 1033 1334 1088 Deo
1362 1033 1666 1103 sacriﬁcium
1708 1032 1874 1087 laudis
1899 1029 2057 1102 (Ibid.

489 1147 538 1184 υ.
571 1130 639 1187 14
659 1137 707 1199 );
749 1139 840 1195 et,
877 1127 1102 1182 Elevatio
1131 1142 1368 1180 manuum
1395 1141 1620 1179 mearum
1647 1125 1950 1193 sacri/icium
1978 1139 2060 1178 ve-

486 1220 763 1290 spertinum
793 1218 959 1292 (Paul.
984 1217 1104 1274 “0.
1128 1217 1208 1288 2).
1238 1217 1418 1286 itaque
1443 1216 1486 1271 si
1516 1217 1808 1271 orationem
1829 1231 1952 1270 cum
1974 1215 2064 1269 tali

489 1312 680 1367 all‘ectu
710 1312 966 1382 proferas,
998 1310 1190 1365 melius
1216 1319 1296 1364 est
1327 1309 1628 1380 relinquere
1659 1308 1975 1371 orationem,
2008 1316 2062 1361 et

489 1406 556 1462 ad
588 1417 641 1462 te
663 1421 782 1461 cum
815 1405 978 1460 fratre
1001 1403 1451 1460 reconciliandum
1480 1416 1788 1473 properare,
1833 1411 2062 1471 tuncque

487 1500 781 1553 orationem
799 1497 1011 1552 offerre.
1034 1495 1254 1566 Propter
1271 1495 1371 1549 hoc
1390 1495 1553 1561 enim,
1573 1495 1749 1548 omnia
1766 1493 1901 1549 facta
1918 1503 2059 1550 sunt:

486 1599 704 1660 propter
727 1588 830 1644 hoc
855 1589 994 1643 Deus
1020 1587 1180 1642 homo
1223 1587 1390 1644 factus
1431 1595 1534 1651 est,
1577 1595 1632 1640 et
1658 1587 1834 1640 omnia
1863 1586 1951 1641 illa
1979 1597 2064 1640 est

485 1689 755 1750 operatus,
787 1689 842 1734 ut
867 1693 966 1734 nos
989 1688 1354 1748 congregaret.
1383 1678 1479 1732 Hie
1499 1678 1657 1747 igitur
1681 1675 1962 1732 ledentem
1993 1677 2060 1730 ad

487 1774 668 1826 lzesum
692 1771 867 1836 misit;
896 1771 947 1825 in
976 1771 1214 1826 oratione
1245 1785 1372 1824 vero
1398 1769 1581 1824 laesum
1603 1768 1746 1824 ducit
1773 1767 1839 1822 ad
1865 1767 2061 1822 laeden-

486 1873 614 1927 tem,
639 1872 692 1916 et
718 1862 1046 1917 reconciliat.
1065 1861 1173 1916 Illic
1188 1861 1328 1916 enim
1353 1861 1457 1915 ait:
1483 1861 1737 1915 Dimittite
1759 1859 2061 1916 hominibus

482 1954 659 2011 debita
687 1953 892 2023 (Matth.
912 1954 966 2008 6.
995 1953 1084 2025 Η)
1102 1971 1115 2019 ;
1135 1953 1221 2009 hic
1237 1968 1362 2009 vero
1383 1971 1396 2007 :
1419 1953 1472 2008 Si
1491 1953 1649 2009 habet
1667 1952 1860 2024 aliquid
1876 1964 2058 2010 contra

487 2058 574 2109 te,
611 2047 745 2101 vade
783 2045 852 2102 ad
893 2060 1035 2100 eum.
1087 2045 1197 2100 lmo
1219 2059 1344 2100 vero
1382 2042 1466 2099 hic
1489 2043 1619 2098 mihi
1646 2043 1852 2100 videtur
1874 2043 2058 2099 laesum

483 2139 730 2208 mittere;
775 2145 1096 2209 quapropter
1135 2151 1240 2192 non
1283 2135 1432 2198 dicit,
1480 2135 1784 2192 Reconcilia
1831 2136 2056 2205 teipsum

483 2229 633 2285 fratri
663 2239 774 2295 tuo,
807 2229 918 2294 sed,
953 2229 1405 2284 Reconciliaremt
1446 2227 1656 2283 videtur
1698 2227 1912 2297 quidem
1959 2227 2059 2282 hoc

483 2323 550 2378 de
575 2323 802 2378 lredente
825 2322 960 2388 dici;
989 2321 1084 2376 sed
1115 2329 1282 2376 totum
1313 2336 1380 2376 ex
1421 2335 1647 2390 persona
1689 2321 1800 2375 laesi
1845 2321 2054 2376 dicitur.

481 2413 535 2469 Si
566 2415 706 2469 enim
735 2413 810 2469 illi
839 2413 1210 2470 reconciliatus
1233 2411 1414 2478 fueris,
1436 2412 1622 2482 inquit,
1653 2427 1744 2481 [-er
1769 2419 1908 2465 tuam
1933 2427 2054 2481 erga

482 2521 603 2560 eum
633 2505 930 2569 caritatem,
962 2520 1050 2559 me
1077 2504 1235 2560 etiam
1276 2503 1496 2558 habebis
1523 2503 1827 2572 pr0pitium,
1856 2512 2054 2557 etcum

480 2599 644 2655 multa
669 2598 858 2653 ﬁducia
877 2598 1076 2667 poteris
1095 2596 1412 2654 sacriﬁcium
1429 2597 1644 2651 otlerre.
1664 2596 1719 2652 Si
1739 2613 1864 2653 vero
1884 2597 2058 2652 adhuc

481 2690 790 2760 indignaris,
817 2690 1098 2746 considera
1129 2704 1216 2744 me
1255 2689 1486 2744 libenter
1525 2688 1794 2743 contemni
1826 2704 1942 2744 mea
1965 2688 2056 2757 ju-

479 2783 630 2848 bere,
660 2791 718 2836 ut
745 2797 840 2836 vos
866 2782 1020 2839 amici
1045 2780 1304 2835 evadatis.
1332 2779 1400 2834 Et
1419 2778 1535 2837 btec
1554 2778 1644 2833 tibi
1666 2781 1734 2833 sit
1755 2779 1805 2832 in
1831 2780 1905 2833 ira
1928 2794 2058 2834 con-

479 2872 690 2928 solatio.
721 2870 836 2926 Non
861 2872 1015 2936 dixit,
1041 2870 1173 2926 Cum
1199 2872 1429 2940 graviter
1453 2870 1689 2928 oﬁensus
1713 2885 1792 2937 es,
1829 2879 1935 2924 tum
1965 2885 2055 2926 re-

479 2967 795 3028 conciliare;
827 2967 944 3030 sed,
973 2965 1195 3021 Etiamsi
1222 2965 1338 3019 leve
1365 2963 1639 3035 quidpiam
1661 2973 1845 3018 contra
1874 2973 1925 3018 te
1961 2963 2055 3018 ha-

477 3059 675 3115 buerit.
707 3057 892 3129 Neque
917 3058 1132 3127 adjecit,
1178 3055 1302 3112 Sive
1344 3055 1508 3126 juste,
1553 3055 1667 3110 sive
1703 3054 1926 3125 injuste;
1960 3055 2052 3110 sed

475 3153 811 3222 simpliciter,
841 3152 894 3208 Si
923 3151 1166 3206 habuerit
1192 3149 1391 3219 aliquid
1416 3149 1694 3204 adversum
1727 3158 1800 3202 te.
1833 3147 2055 3202 Etiamsi

475 3245 621 3302 enim
643 3245 806 3316 juste,
837 3260 1010 3314 neque
1036 3245 1114 3299 sic
1142 3243 1296 3298 decet
1317 3241 1644 3297 inimicitiam
1677 3240 1875 3294 diutius
1903 3237 2053 3294 inve-

474 3353 536 3394 re
557 3355 570 3392 :
594 3336 1023 3408 quandoquidem
1042 3343 1096 3390 et
1113 3333 1358 3388 Christus
1372 3333 1514 3402 juste
1533 3331 1686 3386 nobis
1705 3329 2050 3394 irascebatur,

473 3437 709 3484 attamen
738 3429 970 3497 seipsum
1003 3441 1098 3495 pro
1141 3426 1294 3479 nobis
1336 3424 1484 3480 dedit
1526 3421 1898 3488 occidendum,
1945 3437 2051 3476 non

471 3520 738 3592 imputans
768 3519 922 3576 nobis
953 3520 1038 3573 illa
1071 3529 1304 3590 peccata.

548 3615 632 3669 10.
673 3612 774 3670 Cur
805 3611 1000 3667 Paulus
1032 3622 1146 3666 ante
1174 3621 1388 3676 noctem,
1417 3621 1462 3665 et
1489 3610 1716 3665 Christus
1740 3619 1858 3663 ante
1885 3608 2050 3663 sacri-

477 3707 648 3774 ﬁcium
673 3706 986 3766 reconciliari
1013 3706 1276 3776 jusserint.
1309 3703 1535 3759 Christus
1568 3713 1807 3770 quantum
1837 3704 1890 3757 in
1914 3703 2052 3768 peri-

475 3798 668 3853 mendis
695 3798 967 3850 inimicitiis
995 3797 1218 3852 studium
1257 3796 1556 3849 adhibuerit.
1604 3793 1671 3848 In
1710 3793 1824 3848 boni
1863 3811 2050 3863 opera-

475 3887 610 3944 tione
645 3903 744 3941 non
787 3887 1228 3940 cunctandum—
1248 3885 1372 3941 Ideo
1401 3884 1594 3938 Paulus
1622 3884 1728 3938 alio
1757 3883 1914 3938 modo
1953 3897 2050 3937 nos

474 3979 541 4034 ad
586 3979 1069 4034 reconciliationem
1097 3991 1279 4045 agens,
1311 3975 1520 4030 dicebat
1550 3992 1564 4028 :
1609 3974 1704 4031 Sol
1731 3990 1830 4028 non
1857 3974 2051 4027 occidat

472 4087 623 4140 super
649 4069 966 4124 iracundiam
993 4076 1206 4122 uestram
1234 4065 1451 4136 (Ephes.
1474 4067 1526 4120 4.
1546 4065 1662 4135 26).
1688 4063 2050 4132 Ουοιηθὼηω

475 4162 601 4217 dum
626 4162 766 4216 enim
797 4161 881 4214 hic
908 4174 938 4213 a
965 4158 1226 4214 sacriﬁcio
1251 4158 1511 4223 Christus,
1545 4157 1614 4212 ita
1652 4157 1762 4212 illic
1791 4157 1984 4215 Paulus
2018 4175 2049 4216 a

473 4256 562 4312 die
590 4254 656 4311 ad
701 4255 930 4324 idipsum
972 4252 1232 4307 hortatur.
1270 4253 1444 4308 Timet
1477 4252 1672 4323 quippe
1710 4264 1938 4319 noctem,
1982 4270 2050 4309 ne

471 4349 613 4404 forte
640 4349 810 4403 solum
859 4346 1138 4417 excipiens
1180 4345 1492 4411 sauciatum,
1537 4344 1707 4413 majus
1748 4344 1896 4400 ulcus
1931 4345 2050 4400 efﬁ-

472 4441 597 4496 ciat.
628 4440 684 4496 In
711 4439 800 4494 die
827 4454 1054 4509 namque
1081 4439 1234 4494 multi
1258 4449 1380 4492 sunt
1401 4437 1492 4508 qui
1518 4437 1755 4493 avellunt
1779 4447 1834 4493 et
1858 4437 2051 4494 distra-

473 4533 643 4599 hunt;
687 4532 743 4587 in
770 4542 925 4588 nocte
964 4545 1113 4597 vero,
1152 4547 1270 4584 cum
1316 4531 1460 4585 solus
1498 4531 1586 4596 sit,
1627 4539 1683 4584 et
1723 4529 1837 4585 haec
1872 4531 2053 4590 animo

473 4632 673 4686 verset,
701 4625 1058 4684 intumescunt
1083 4622 1294 4688 ﬂuctus,
1336 4630 1390 4674 et
1429 4622 1598 4689 major
1642 4623 1699 4675 ﬁt
1740 4631 2042 4691 tempestas.

474 4715 601 4772 ldeo
627 4714 744 4777 ha-c
773 4714 1098 4782 prmveniens
1119 4714 1331 4778 Paulus,
1356 4712 1750 4767 reconciliatum
1772 4712 1884 4765 vult
1908 4712 2049 4767 nocti

473 4808 704 4873 tradere,
747 4815 808 4860 ut
851 4805 1051 4859 nullam
1095 4820 1158 4861 ex
1203 4805 1378 4875 quiete
1406 4804 1574 4874 possit
1599 4803 1840 4858 diabolus
1867 4819 2050 4860 ansam

472 4901 712 4970 arripere
739 4899 804 4952 ad
837 4899 928 4952 ira:
950 4897 1215 4951 fornacem
1243 4896 1656 4962 accendendam,
1683 4906 1737 4950 et
1757 4895 2050 4951 vehemen-

471 4992 664 5048 tiorem
690 4988 1045 5055 efﬁciendam.
1074 4987 1162 5044 Sic
1186 4987 1344 5042 etiam
1371 4987 1612 5042 Christus
1651 5002 1755 5040 non
1797 4987 2051 5056 permittit

472 5083 558 5138 vel
585 5083 850 5138 tantillum
878 5080 1112 5143 diﬁ'erro,
1157 5094 1226 5134 ne
1255 5077 1520 5148 completo
1558 5077 1837 5143 sacriﬁcio,
1879 5077 2050 5148 negli-

471 5175 682 5246 gentior
711 5175 797 5228 ille
827 5173 981 5236 foret,
1017 5187 1190 5241 exque
1213 5170 1300 5225 die
1332 5170 1384 5224 in
1423 5169 1562 5226 diem
1592 5168 1847 5224 diﬁ’erret.
1891 5168 2050 5224 Novit

473 5268 617 5322 enim
644 5267 794 5334 hunc
835 5265 998 5324 animi
1044 5264 1287 5319 morbum
1332 5263 1495 5318 multa
1545 5278 1700 5333 egere
1737 5263 2045 5328 celeritate;

474 5369 634 5428 atque
667 5367 727 5416 ut
749 5359 960 5427 sapiens
989 5357 1225 5416 medicus
1256 5371 1363 5410 non
1394 5355 1552 5410 modo
1575 5370 1692 5424 quae
1721 5362 2050 5425 praeservent

472 5465 502 5503 a
533 5448 732 5504 morbis
769 5447 1022 5504 adbibere
1063 5456 1306 5517 occupat,
1353 5446 1447 5503 sed
1485 5446 1648 5500 etiam
1685 5460 1804 5515 qtue
1845 5443 2047 5500 mederi

471 5543 676 5612 possint
714 5540 944 5595 ostendit
974 5559 986 5594 :
1021 5541 1098 5596 sic
1125 5549 1179 5596 et
1209 5541 1299 5595 ille
1336 5540 1462 5610 agit.
1491 5538 1620 5594 Nam
1651 5553 1770 5593 cum
1802 5537 2049 5606 prohibet

471 5651 542 5697 ne
573 5635 692 5704 quis
719 5633 891 5687 fatuus
919 5632 1230 5700 appelletur,
1262 5631 1311 5686 id
1339 5630 1592 5702 praevium
1632 5630 1924 5685 remedium
1964 5637 2048 5686 est

475 5725 543 5789 ad
572 5725 898 5782 inimicitiam
928 5723 1225 5789 vitandam;
1261 5737 1378 5780 cum
1407 5737 1534 5778 vero
1572 5721 1810 5794 principit
1852 5737 2040 5778 recens

1065 249 1070 254 ι
1170 275 1227 331 S.
1267 272 1542 331 JOANNIS
1574 271 2041 330 CHRYSOSTOHI
2078 271 2391 330 ARCHIEP.
2431 274 2964 334 CONSTANTINOP.

3637 284 3742 339 25S

2174 387 2518 453 ciliationem,
2543 390 2596 447 id
2621 391 2857 455 morbos,
2889 394 2976 464 qui
3005 402 3122 463 post
3147 394 3475 452 inimicitiam
3509 398 3742 460 suboriri

2171 483 2376 548 solent,
2435 484 2690 553 praecidit.
2757 487 2890 542 Vide
2946 497 3122 543 autem
3180 503 3338 559 quam
3397 489 3744 547 vehementer

2171 584 2448 646 utrumque
2484 585 2728 646 ponatur.
2757 577 2868 634 [llic
2895 579 3037 635 enim
3066 580 3362 650 gehennam
3385 583 3743 640 comminatus

2168 675 2282 732 est;
2324 666 2410 722 hic
2446 681 2574 723 vero
2611 667 2807 723 donum
2846 686 2950 724 non
2983 671 3170 743 recipit
3195 684 3321 728 ante
3346 674 3741 731 reconciliatio-

2168 772 2310 824 nem,
2338 757 2705 814 vehementem
2726 761 3049 817 iracundiam
3069 777 3189 820 esse
3209 774 3531 832 monstrans,
3558 781 3623 822 ae
3645 782 3741 836 per

2168 847 2281 902 haze
2305 851 2482 903 omnia
2512 858 2567 905 et
2592 851 2824 909 radicem
2852 862 2907 909 et
2932 853 3158 910 fructum
3185 855 3440 912 avellens.
3469 856 3540 912 Et
3566 859 3740 927 primo

2165 938 2379 1009 quidem
2414 941 2488 995 ait
2528 958 2542 994 :
2581 940 2660 998 Ne
2688 942 2932 1000 irascaris
2974 964 2987 1000 :
3033 955 3217 1017 postea
3251 937 3399 1015 vero,
3439 948 3519 1005 Ne
3553 951 3744 1006 convi-

2164 1031 2340 1088 eieris.
2369 1031 2504 1091 Nam
2540 1033 2653 1090 haec
2682 1038 2841 1091 ambo
2868 1051 2989 1094 sese
3016 1048 3199 1096 mutuo
3224 1038 3404 1095 fovent
3424 1049 3482 1096 et
3505 1052 3741 1112 augent:

2164 1126 2232 1180 ab
2271 1126 2543 1181 inimicitia
2582 1129 2898 1197 convicium,
2931 1146 2964 1186 a
2989 1134 3230 1190 convicio
3266 1133 3557 1190 inimicitia.
3591 1135 3744 1192 Ideo.-

2164 1230 2267 1285 que
2307 1231 2449 1270 nunc
2477 1217 2662 1285 radici,
2711 1235 2851 1277 nunc
2894 1219 3087 1278 fructui
3130 1225 3426 1282 remedium
3459 1225 3736 1294 admovet,

2166 1315 2224 1362 ut
2252 1306 2507 1378 impediat
2533 1325 2601 1365 ne
2627 1310 2827 1366 malum
2853 1313 3054 1368 oriatur
3081 1334 3093 1370 :
3125 1317 3169 1370 si
3199 1332 3328 1374 vero
3363 1319 3745 1388 germinaverit

2163 1408 2218 1454 et
2244 1398 2470 1456 fructum
2498 1400 2634 1458 ferat
2660 1405 2971 1473 pessimum,
3003 1407 3154 1462 illum
3197 1409 3428 1479 undique
3449 1411 3741 1468 comburit.

2123 1547 2127 1552 ,
2165 1491 2289 1548 Ideo
2317 1502 2595 1563 postquam
2636 1494 2770 1551 dixit
2807 1497 3083 1568 judicium,
3116 1502 3399 1558 concilium
3440 1512 3497 1559 et
3535 1505 3744 1574 gehen-

2165 1597 2309 1648 nam,
2347 1598 2411 1640 ac
2438 1584 2506 1641 de
2542 1600 2641 1641 suo
2665 1587 2926 1645 sacriﬁcio
2953 1589 3220 1659 disseruit,
3249 1593 3349 1648 alia
3390 1609 3601 1650 rursum
3643 1595 3744 1650 ad-

2161 1671 2242 1727 dit
2283 1671 2370 1728 his
2408 1676 2586 1738 verbis
2638 1698 2651 1734 :
2694 1677 2785 1734 25.
2828 1678 2957 1742 Esto
2983 1685 3296 1739 consentiens
3336 1685 3626 1741 aduersario
3651 1696 3747 1743 tua

2162 1763 2282 1829 cito,
2312 1764 2433 1819 dum
2457 1783 2508 1821 es
2530 1783 2647 1822 cum
2671 1769 2762 1828 illo
2788 1769 2842 1825 ia
2879 1773 2980 1826 nia.
3009 1772 3091 1832 Ne
3127 1775 3268 1831 enim
3307 1775 3514 1833 diceres
3540 1794 3555 1831 :
3595 1777 3739 1847 Quid

2161 1853 2320 1924 igitur
2357 1856 2403 1914 si
2450 1857 2694 1928 injuriam
2733 1862 2940 1931 patiar?
2976 1864 3102 1935 quid
3139 1866 3184 1920 si
3229 1866 3386 1921 bonis
3422 1867 3641 1937 spolier,
3681 1879 3740 1924 et

2162 1947 2228 2002 ad
2263 1947 2520 2018 judicium
2564 1951 2776 2008 trahar?
2807 1953 2943 2012 hanc
2975 1973 3187 2030 quoque
3213 1974 3397 2014 ansam
3427 1969 3482 2017 et
3507 1977 3741 2018 excusa-

2163 2039 2361 2096 tionem
2390 2043 2618 2098 removit
2649 2062 2662 2099 :
2699 2045 2850 2114 jubet
2889 2048 3032 2103 enim
3075 2060 3125 2104 te
3153 2065 3224 2106 ne
3263 2051 3343 2106 sic
3384 2052 3599 2120 quidem
3627 2053 3741 2108 ini-

2161 2129 2388 2185 micitias
2410 2131 2693 2204 aliquando
2720 2136 3012 2208 suscipere.
3053 2138 3257 2196 Deinde
3295 2141 3418 2211 quia
3448 2141 3573 2197 illud
3614 2157 3737 2197 ma-

2159 2236 2320 2292 gnum
2346 2233 2461 2278 erat
2485 2235 2830 2296 praeceptum,
2871 2243 2903 2283 a
2939 2231 3290 2299 praesentibus
3315 2232 3405 2286 dat
3428 2233 3735 2298 consilium,

2160 2328 2280 2382 qua:
2315 2324 2461 2370 certe
2497 2318 2686 2387 magis,
2722 2334 2885 2389 quam
2918 2319 3116 2389 futura,
3171 2323 3460 2379 crassiores
3497 2323 3738 2380 retinere

2161 2404 2351 2458 solent.
2382 2405 2516 2474 Quid
2561 2408 2701 2465 enim
2741 2409 2893 2476 dicis,
2934 2411 3127 2485 inquit,
3169 2413 3336 2484 ipsum
3377 2416 3736 2484 potentiorem

2160 2508 2304 2562 esse,
2350 2505 2405 2551 et
2447 2497 2539 2552 tibi
2585 2501 2814 2556 nocere?
2856 2501 3020 2572 Magis
3047 2517 3174 2574 ergo
3219 2503 3314 2558 tibi
3351 2505 3586 2572 nocebit,
3627 2505 3736 2560 nisi

2161 2585 2330 2656 ipsum
2362 2588 2673 2657 plaeaveris,
2718 2601 2773 2648 et
2810 2593 2856 2650 si
2901 2602 3118 2661 coactus
3158 2595 3322 2651 fueris
3363 2596 3416 2651 in
3459 2611 3738 2659 carcerem

2160 2678 2256 2734 ire.
2293 2679 2444 2737 Tunc
2481 2684 2623 2739 enim
2667 2685 2755 2740 illo
2795 2686 2982 2742 sedato
3011 2689 3252 2758 pecuniis
3274 2690 3506 2752 amissis,
3533 2706 3734 2759 corpus

2159 2770 2383 2828 liberum
2415 2773 2635 2830 habebis
2663 2794 2676 2830 :
2709 2787 2892 2833 contra
2920 2796 3045 2834 vero
3072 2781 3115 2836 si
3157 2782 3256 2836 sub
3288 2782 3482 2850 judieis
3507 2795 3733 2837 senten-

2161 2863 2229 2915 tia
2274 2865 2475 2932 positus
2516 2867 2611 2929 sis,
2642 2870 2868 2926 vinculis
2908 2873 3307 2942 constringeris,
3353 2887 3735 2944 curemusque

2157 2955 2312 3011 dabis
2340 2971 2543 3026 prenas.
2575 2959 2668 3015 Sin
2710 2969 2886 3016 autem
2927 2961 3160 3032 jurgium
3189 2963 3318 3018 illud
3361 2963 3580 3036 fugeris,
3622 2965 3737 3021 duo

2157 3059 2447 3118 assequere
2477 3047 2613 3105 bona
2647 3071 2660 3106 :
2691 3059 2746 3106 et
2778 3051 2920 3122 quod
2951 3053 3081 3108 nihil
3119 3053 3382 3124 ingratmn
3411 3055 3648 3124 patiaris,
3675 3067 3735 3112 et

2155 3139 2296 3206 quod
2323 3138 2519 3196 bonum
2545 3156 2680 3212 cpus
2711 3151 2858 3197 tuum
2885 3143 2999 3210 tibi,
3028 3159 3132 3200 non
3159 3145 3299 3213 illius
3329 3145 3596 3203 violentia:
3635 3146 3734 3204 de-

2155 3229 2363 3287 beatur.
2404 3231 2556 3300 Quod
2585 3235 2629 3288 si
2668 3234 2825 3289 dictis
2861 3235 3230 3306 obtemperare
3273 3253 3378 3293 non
3423 3239 3576 3306 velis,
3618 3257 3733 3296 non

2155 3322 2232 3377 illi
2271 3331 2475 3380 tantum
2514 3324 2731 3380 nocebis
2754 3335 3010 3397 quantum
3045 3327 3142 3384 tibi
3167 3329 3290 3399 ipsi.
3337 3330 3615 3400 Perpende
3637 3347 3738 3387 an-

2157 3423 2264 3470 tem
2293 3415 2380 3471 hic
2414 3418 2682 3487 quomodo
2721 3420 2894 3489 ipsum
2935 3419 3175 3476 hortetur
3211 3438 3226 3476 :
3273 3430 3551 3492 postquam
3584 3424 3733 3478 enim

2155 3506 2308 3574 dixit,
2330 3507 2455 3564 Esto
2481 3511 2792 3564 consentiens
2820 3511 3108 3566 adversario
3134 3521 3240 3579 tuo,
3267 3513 3560 3583 subjunxit,
3581 3514 3735 3578 Cito;

2156 3615 2252 3654 nec
2276 3609 2558 3656 contentus
2585 3600 2683 3655 hoc
2703 3601 3084 3670 additamenta,
3108 3601 3249 3658 aliud
3271 3604 3558 3668 celeritatis
3583 3621 3734 3674 qua:-

2154 3692 2278 3746 sivit
2299 3701 2636 3762 augmentum
2667 3692 2870 3759 dicens,
2901 3692 3034 3747 Dum
3071 3710 3121 3747 es
3157 3709 3271 3747 cum
3299 3692 3390 3748 illo
3419 3693 3470 3747 in
3498 3694 3617 3760 uia;
3646 3693 3736 3749 his

2156 3785 2438 3855 impellens
2463 3784 2636 3854 ipsum
2670 3793 2724 3839 et
2757 3800 2947 3856 magna
2981 3799 3100 3840 cum
3132 3783 3463 3840 vehementia
3508 3800 3728 3856 urgens.

2153 3875 2295 3932 Nihil
2320 3878 2460 3930 enim
2501 3879 2572 3930 ita
2612 3876 2772 3929 vitam
2801 3885 3036 3931 nostram
3073 3877 3280 3941 evertit,
3329 3886 3386 3930 ut
3424 3877 3471 3932 si
3506 3886 3733 3933 cuncte-

2154 3983 2274 4022 mur
2292 3975 2346 4022 et
2371 3967 2676 4022 diﬁ’eramus
2697 3968 2748 4021 in
2771 3967 3030 4022 bonorum
3049 3968 3376 4037 operatione.
3400 3967 3554 4037 Smpe
3580 3984 3736 4023 nam-

2157 4072 2262 4128 que
2302 4057 2432 4112 illud
2463 4059 2515 4112 in
2556 4072 2715 4112 causa
2747 4057 2844 4112 fuit
2871 4067 2927 4113 ut
2951 4059 3018 4112 ab
3043 4058 3288 4114 omnibus
3314 4058 3684 4114 excidet-emus
3714 4078 3730 4114 :

2153 4147 2599 4220 quemadmodum
2626 4159 2680 4204 et
2705 4149 2896 4204 Paulus
2921 4149 2994 4202 ait
3015 4168 3028 4204 :
3055 4149 3367 4218 Priusquam
3389 4150 3467 4204 sol
3495 4150 3731 4215 occidat,

2155 4244 2287 4302 iram
2315 4243 2461 4298 solve
2490 4242 2702 4314 (Ephes.
2730 4243 2783 4298 4.
2807 4241 2898 4313 26)
2927 4261 2942 4308 ;
2967 4252 3021 4298 et
3045 4244 3288 4313 superius
3312 4243 3425 4314 ipse
3444 4242 3689 4298 Christus
3716 4263 3730 4299 :

2155 4336 2468 4406 Priusquam
2497 4336 2817 4391 oblationem
2847 4337 3106 4406 perﬁcies,
3135 4337 3502 4393 reconciliare.
3545 4336 3638 4392 Sic
3679 4348 3732 4392 et

2155 4428 2256 4483 hoc
2282 4429 2400 4484 loco
2438 4429 2588 4493 dicit,
2619 4429 2750 4494 Cito,
2785 4429 2906 4482 dum
2949 4446 3001 4484 es
3041 4446 3157 4484 cum
3195 4430 3284 4484 illo
3323 4430 3376 4484 in
3415 4431 3515 4495 via,
3547 4431 3733 4502 prius-

2154 4537 2310 4592 quam
2341 4520 2406 4576 ad
2429 4522 2614 4591 judicii
2639 4521 2779 4577 fures
2804 4522 3048 4590 accedas,
3075 4523 3378 4593 priusquam
3405 4522 3471 4576 ad
3497 4523 3734 4578 tribunal

2153 4615 2383 4678 sistaris,
2415 4623 2469 4669 et
2499 4614 2598 4669 sub
2632 4613 2825 4684 judicis
2853 4614 3064 4670 demum
3094 4623 3358 4685 potestate
3390 4614 3593 4684 positus
3631 4616 3731 4672 sis.

2154 4709 2295 4762 Ante
2319 4707 2614 4777 ingressum
2655 4707 2794 4761 enim
2837 4722 3001 4776 penes
3036 4717 3087 4762 te
3129 4716 3251 4761 sunt
3294 4708 3508 4773 omnia;
3540 4723 3732 4762 verum

2155 4800 2209 4855 in
2241 4800 2324 4855 illa
2370 4800 2642 4872 ingressus
2671 4799 2870 4866 limina,
2917 4800 3257 4870 quantumvis
3287 4809 3342 4855 te
3377 4815 3578 4865 verses,
3623 4815 3731 4855 non

2154 4893 2356 4962 poteris
2394 4901 2482 4947 tua
2524 4892 2589 4947 ad
2632 4903 2819 4947 nutum
2858 4901 3004 4947 tuum
3040 4893 3345 4962 disponere,
3377 4893 3477 4949 sub
3506 4893 3734 4951 alterius

2155 4995 2416 5055 potestate
2451 4986 2714 5041 redactus.
2741 4986 2877 5054 Quid
2902 4996 3080 5042 autem
3112 4997 3196 5042 est
3229 5003 3350 5044 esse
3386 4990 3735 5044 consentien-

2155 5078 2300 5133 tem?
2326 5077 2420 5130 Vel
2447 5077 2499 5132 id
2532 5076 2815 5147 signiﬁcat,
2858 5077 3040 5134 Potius
3067 5079 3318 5135 damnum
3357 5082 3614 5150 patiaris;
3644 5083 3733 5137 vel

2154 5170 2300 5230 illud.
2330 5170 2590 5226 iudiciuin
2617 5170 2770 5237 ferto,
2799 5187 2864 5227 ac
2887 5173 2930 5227 si
2955 5173 3097 5229 illius
3127 5189 3405 5243 personam
3429 5189 3637 5243 ageres,
3664 5191 3737 5232 ne

2153 5278 2218 5321 ex
2244 5278 2426 5318 amore
2465 5263 2540 5318 tui
2573 5263 2693 5332 jura
2733 5264 2904 5319 violes
2936 5285 2949 5320 :
2978 5265 3072 5320 sed
3111 5265 3178 5321 de
3201 5266 3396 5330 alieno,
3422 5281 3486 5320 ac
3510 5267 3553 5320 si
3581 5276 3732 5320 tuum

2154 5367 2316 5422 esset,
2357 5358 2570 5427 negotio
2596 5357 2918 5421 deliberans,
2943 5356 3011 5412 ita
3035 5358 3351 5414 sententiam
3379 5357 3540 5413 feras.
3574 5357 3731 5424 Quod

2153 5448 2197 5504 si
2223 5448 2424 5518 grande
2451 5448 2579 5502 illud
2603 5457 2706 5514 est,
2737 5465 2804 5503 ne
2831 5449 3060 5504 mireris.
3087 5449 3213 5504 ideo
3231 5450 3372 5505 enim
3394 5449 3517 5504 illas
3540 5465 3731 5506 omnes

2155 5539 2372 5608 protulit
2415 5539 2790 5602 beatitudines,
2844 5549 2902 5595 ut
2942 5542 3278 5612 complanato
3322 5557 3386 5595 ac
3425 5552 3732 5610 praeparato

2153 5630 2406 5686 auditoris
2449 5632 2662 5695 animo,
2705 5632 2967 5702 aptiorem
3017 5635 3162 5690 illum
3216 5634 3457 5692 efﬁceret
3503 5639 3576 5695 ad
3619 5643 3720 5698 bas

2155 5737 2340 5780 omnes
2379 5723 2525 5794 leges
2558 5725 2914 5798 recipiendas.
