3872 6294
505 291 614 347 εδδ

509 403 848 477 διαφθείρῃς,
896 403 1010 458 ἀλλ’
1044 403 1120 468 ὡς
1150 406 1278 475 περὶ¹
1302 406 1349 438 ⁸³
1391 406 1592 460 οἰκείου
1644 405 1737 458 τοῦ
1793 405 2070 477 ἀλλοτρίου

511 488 890 559 βουλευόμενος
932 487 1288 558 πράγματος,
1337 489 1421 542 ἵνα
1447 491 1492 523 ⁸³
1539 488 1744 560 ταύτην
1783 489 2070 562 ἐξενέγκῃς

509 574 606 643 τὴν
630 571 826 640 ψῆφον.
862 571 924 623 Ei
950 570 1006 622 δὲ
1039 571 1180 641 μέγα
1199 570 1376 646 τοῦτο,
1406 572 1481 642 μὴ
1512 572 1816 642 θαυμάσῃς.
1845 571 1944 624 Διά
1960 571 2069 641 γάρ

511 654 672 710 τοῦτο
687 653 894 716 πάντας
939 653 1177 718 ἐκείνους
1207 654 1370 725 ἔθηκε
1399 657 1526 718 τοὺς
1563 655 1962 726 μακαρισμούς,
1987 654 2071 707 ἵνα

510 736 808 806 προλεάνας
841 736 937 790 καὶ
963 736 1496 807 προπαρασκευάσας
1543 737 1634 790 τοῦ
1664 735 1928 808 ἀκροατοῦ
1971 735 2068 806 τὴν

506 821 704 892 ψυχὴν,
730 819 1164 890 ἐπιτηδειοτέραν
1185 821 1484 891 ἐργάσηται
1517 821 1648 892 πρὸς
1678 822 1775 891 τὴν
1809 819 2070 891 ὑποδοχὴν

506 904 603 972 τῆς
655 901 970 972 νομοθεσίας
997 900 1197 974 ταύτης
1235 903 1466 972 ἀπάσης.

564 983 653 1041 ια’.
664 985 818 1048 Τινὲς
836 984 936 1053 μὲν
948 980 1041 1038 οὖν
1058 984 1149 1038 τόν
1165 985 1404 1038 διάϐολον
1419 983 1579 1038 αὐτὸν
1595 984 1922 1039 αἰνίττεσθαί
1939 1003 2014 1054 φα
2026 1002 2070 1037 τι

503 1071 568 1138 τῇ
589 1067 682 1121 τοῦ
703 1067 970 1121 ἀντιδίκου
987 1067 1342 1138 προσηγορίᾳ,
1360 1068 1452 1121 καὶ
1475 1065 1722 1120 κελεύειν
1743 1066 1908 1138 μηδὲν
1927 1069 2069 1137 ἔχειν

503 1152 610 1204 τῶν
640 1149 868 1203 ἐκείνου·
890 1149 1046 1202 τοῦτο
1062 1148 1173 1217 γάρ
1198 1145 1335 1202 εἶναι
1357 1149 1418 1201 τὸ
1437 1149 1646 1202 εὐνοεῖν
1663 1148 1814 1219 αὐτῷ
1831 1164 1844 1178 ·
1867 1148 1943 1211 ὡς
1967 1149 2068 1202 οὐκ

504 1235 621 1286 ἐνὸν
635 1230 981 1285 διαλύσασθαι
1002 1233 1139 1300 μετά
1160 1233 1257 1304 τὴν
1275 1229 1519 1284 ἐντεῦθεν
1540 1229 1860 1302 ἀπαλλαγὴν
1884 1231 1952 1295 ⁸⁸,
1972 1231 2067 1300 τῆς

502 1317 874 1386 ἀπαραιτήτου
893 1314 1076 1368 λοιπὸν
1090 1315 1234 1386 ἡμᾶς
1249 1313 1605 1385 ἐκδεχομένης
1619 1314 2067 1385 κολάσεως.Ἐμοὶ

502 1401 560 1453 δὲ
588 1402 714 1472 περὶ
743 1399 850 1453 τῶν
877 1398 1104 1452 ἐνταῦθα
1128 1398 1272 1450 δοκεῖ
1298 1397 1474 1466 λέγειν
1520 1397 1816 1464 δικαστῶν,
1851 1399 1942 1452 καὶ
1967 1400 2066 1467 τῆς

503 1483 592 1534 ἐπὶ
616 1482 675 1534 τὸ
698 1481 1041 1552 δικαστήριον
1060 1479 1200 1538 ὁδοῦ,
1224 1480 1317 1532 καὶ
1341 1479 1434 1532 τοῦ
1458 1478 1828 1550 δεσμωτηρίου
1851 1479 2058 1534 τούτου.

516 1564 732 1636 Ἐπειδὴ
764 1563 872 1636 γάρ
898 1563 1005 1617 ἀπὸ
1047 1563 1153 1617 τῶν
1180 1563 1522 1634 ὑψηλοτέρων
1554 1563 1806 1634 ἐνέτρεψε
1838 1565 1930 1618 καὶ
1956 1564 2062 1617 τῶν

505 1650 823 1720 μελλόντων,
859 1651 949 1704 καὶ
988 1649 1094 1702 ἀπὸ
1122 1650 1228 1701 τῶν
1257 1651 1314 1702 ἐν
1354 1650 1430 1720 τῷ
1471 1649 1698 1719 παρόντι
1739 1649 1836 1718 βίῳ
1887 1649 2058 1717 φοϐεῖ.

504 1736 681 1806 Ὅπερ
701 1731 794 1788 οὖν
817 1735 910 1786 καὶ
945 1735 973 1786 ό
1007 1732 1216 1798 Παῦλος
1241 1733 1549 1804 ἐργάζεται,
1576 1733 1682 1785 ἀπό
1722 1751 1780 1786 τε
1799 1733 1905 1785 τῶν
1937 1735 2063 1804 μελ-

501 1819 722 1882 λόνινν,
755 1817 863 1872 ἀπό
889 1834 944 1869 τε
967 1817 1074 1869 τῶν
1103 1816 1382 1889 παρόντων
1414 1817 1536 1884 ἐνάγ
1547 1833 1621 1870 ων
1649 1816 1739 1871 τὸν
1767 1817 2058 1889 ἀκροατήν.

501 1906 626 1956 Οἰον
643 1901 717 1965 ὡς
733 1902 860 1954 ὅταν
876 1900 1104 1967 ἀπάγων
1125 1898 1340 1962 κακίας,
1357 1899 1450 1951 τὸν
1469 1899 1704 1969 ἄρχοντα
1717 1899 2062 1970 ὁπλιζόμενον

498 1983 719 2056 δεικνύῃ
754 1983 832 2054 τῷ
852 1981 1292 2053 πονηρευομένῳ,
1321 1981 1463 2034 οὕτω
1495 1982 1663 2049 λέγων
1681 1998 1694 2012 ·
1735 1983 1876 2038 Ἐὰν
1899 1984 1966 2037 δὲ
2000 1986 2063 2038 τὸ

501 2066 686 2120 κακὸν
717 2063 915 2132 ποιῇς,
945 2063 1132 2134 φοϐοῦ
1156 2080 1170 2093 ·
1203 2067 1272 2118 οὐ
1297 2064 1408 2132 γὰρ
1446 2064 1578 2132 εἰκῆ
1613 2065 1729 2134 τὴν
1759 2065 2061 2135 μάχαιραν

499 2150 706 2219 φορεῖ·
735 2149 884 2204 Θεοῦ
905 2150 1018 2217 γὰρ
1051 2146 1328 2214 διάκονός
1347 2148 1391 2179 ⁸¹
1418 2149 1568 2204 ἐστι.
1605 2150 1714 2203 Καὶ
1758 2151 1916 2204 πάλιν
1941 2153 2063 2205 ὐπο-

499 2233 792 2287 τάσσεσθαι
837 2231 1074 2286 κελεύων
1097 2232 1243 2302 αὐτῷ
1265 2233 1336 2294 ⁸¹,
1370 2232 1428 2283 οὐ
1477 2231 1569 2284 τὸν
1597 2231 1690 2285 τοῦ
1732 2232 1865 2286 Θεοῦ
1898 2235 2060 2302 φόϐον

498 2318 680 2387 τίθησι
714 2317 890 2386 μόνον,
920 2314 1056 2368 ἀλλά
1085 2315 1177 2367 καὶ
1203 2313 1302 2384 τὴν
1337 2313 1568 2384 ἀπειλὴν
1593 2313 1692 2384 τὴν
1728 2315 1934 2368 ἐκείνου
1969 2317 2062 2368 καὶ

500 2402 602 2469 τὴν
630 2399 984 2471 κηδεμονίαν·
1029 2398 1274 2465 Ἀνάγκη
1315 2397 1422 2465 γὰρ
1470 2395 1939 2463 ὑποτάσσεσθαι,
1987 2399 2059 2453 οὐ

478 2475 481 2477 ’
493 2489 685 2557 μόνον
726 2485 822 2539 διὰ
854 2484 968 2552 τὴν
1001 2485 1205 2554 ὀργὴν,
1236 2483 1397 2537 ἀλλὰ
1429 2483 1529 2537 καί
1575 2481 1672 2536 διὰ
1715 2484 1828 2554 τὴν
1855 2486 2060 2540 συνεί-

499 2573 700 2640 δησιν.
733 2571 870 2634 Τοὺς
896 2570 1001 2642 γάρ
1031 2571 1422 2640 ἀλογωτέρους,
1456 2571 1592 2642 ὅπερ
1640 2570 1811 2642 ἔφθην
1867 2571 2057 2638 εἰπὼν,

498 2655 670 2710 ταῦτα
695 2654 892 2725 μᾶλλον
921 2654 1074 2706 είωθε
1102 2652 1367 2723 διορθοῦν,
1389 2652 1457 2704 τά
1480 2654 1774 2724 φαινςμενα
1799 2656 1890 2708 καὶ
1911 2654 2061 2727 παρά

499 2739 686 2802 πόδας.
716 2738 808 2790 Διὸ
844 2736 938 2792 καὶ
964 2739 992 2790 ό
1024 2736 1257 2808 Χριστὸς
1288 2736 1348 2788 οὐ
1371 2735 1593 2806 γεέννης
1635 2737 1792 2806 μόνον
1821 2738 2061 2808 ἐμνημό-

497 2837 706 2885 νευσεν,
732 2819 867 2873 ἀλλὰ
887 2819 982 2872 καὶ⁹
1007 2818 1376 2888 δικαστηρίου,
1426 2818 1520 2871 καὶ
1547 2821 1845 2889 ἀπαγωγῆς
1875 2821 1942 2884 ⁵³,
1968 2821 2060 2874 καὶ

496 2903 890 2975 δεσμωτηρίου,
925 2901 1018 2953 καὶ
1039 2901 1138 2970 τῆς
1182 2901 1298 2951 ἐκεῖ
1327 2900 1702 2972 ταλαιπωρίας
1733 2901 1882 2973 {220]
1918 2903 2058 2956 ἀπὼ-

501 3005 602 3058 σης
629 3026 645 3050 ,
694 2987 784 3039 διὰ
834 2986 1051 3038 πάντων
1098 2981 1304 3036 τούτων
1341 2983 1438 3045 τάς
1473 2984 1628 3054 ῥίζας
1668 2985 1904 3055 ἀναιρῶν
1959 2986 2053 3040 τοῦ

499 3072 680 3142 φόνου.
715 3070 774 3122 Ὀ
794 3067 901 3138 γὰρ
928 3067 1064 3137 μήτε
1087 3064 1510 3135 λοιδορούμενος,
1537 3067 1672 3138 μὴτε
1691 3068 2056 3138 δικαξόμενος,

504 3157 639 3226 μήτε
663 3151 859 3224 ἔχθραν
881 3151 928 3182 ⁸⁸
953 3149 1225 3213 ἐκτείνων,
1258 3147 1375 3212 πῶς
1417 3149 1662 3217 φονεύσει
1702 3152 1870 3219 ποτέ;
1903 3153 2062 3206 ’Ὥστε

501 3236 788 3292 κάντεῦθεν
810 3233 990 3304 δῆλον,
1019 3233 1105 3286 ὅτι
1146 3233 1203 3284 ἐν
1236 3230 1314 3300 τῷ
1344 3231 1436 3283 τοῦ
1471 3231 1692 3302 πλησίον
1736 3234 2061 3306 συμφέροντι

499 3324 560 3374 τὸ
609 3320 878 3391 ἡμέτερον
920 3320 1094 3370 κεῖται
1125 3313 1422 3384 συμφέρον.
1465 3314 1522 3368 '0
1555 3315 1660 3386 γὰρ
1687 3315 1762 3387 τῷ
1811 3318 2062 3389 ἀντιδίκῳ

507 3403 729 3469 εὐνοῶν,
752 3401 929 3473 πολλῴ
953 3399 1132 3472 μεῖζον
1147 3399 1271 3442 ⁸⁸·⁵⁶
1292 3396 1482 3450 ἐαυτὸν
1517 3398 1804 3472 ὠφελήσει,
1819 3395 2062 3472 suum.

502 3487 633 3560 ρίων
649 3486 740 3540 καὶ
752 3483 1135 3555 δεσμωτηρίων
1149 3483 1240 3536 καὶ
1254 3481 1353 3552 τῆς
1368 3481 1484 3533 ἐκεῖ
1497 3483 1861 3553 ταλαιπωρίας
1876 3484 2064 3537 ἐαυτὸν

499 3569 872 3625 ἀπαλλάττων.
911 3564 1228 3635 Πειθώμεθα
1265 3566 1442 3621 τοίνυν
1476 3567 1588 3628 τοῖς
1618 3565 1948 3636 λεγομένοις,
1968 3566 2064 3619 καὶ

503 3655 578 3726 μὴ
593 3652 995 3721 ἀντιτείνωμεν,
1018 3649 1152 3719 μηδέ
1168 3650 1695 3720 ἀντιφιλονεικῶμεν·
1716 3649 1946 3721 μάλιστα
1964 3650 2062 3721 μὲν

499 3735 609 3805 γάρ
632 3736 724 3788 καὶ
755 3733 861 3802 πρὸ
892 3732 999 3783 τῶν
1016 3730 1263 3784 ἐπάθλων
1293 3734 1349 3784 ἐν
1377 3734 1587 3795 ἑαυτοῖς
1613 3731 1724 3801 ἔχει
1749 3731 1845 3802 τὴν
1870 3731 2062 3803 ἡδονὴν

501 3819 596 3871 καὶ
626 3818 724 3886 τὴν
760 3814 1021 3882 ὠφέλειαν
1051 3813 1120 3866 τά
1157 3815 1504 3886 ἐπιτάγματα
1541 3813 1734 3868 ταῦτα.
1774 3815 1836 3868 Εί
1864 3813 1922 3866 δέ
1951 3817 2064 3880 τοῖς

499 3900 716 3960 πολλοῖς
749 3895 960 3966 ἐπαχθῆ
989 3891 1126 3948 εἶναι
1152 3897 1317 3959 δοκεῖ,
1361 3898 1454 3950 καὶ
1479 3896 1645 3950 πολὺν
1670 3896 1928 3968 παρέχειν
1971 3896 2064 3950 τὸν

500 3982 663 4034 πόνον
685 4020 701 4044 ,
747 3982 996 4048 ἐννόησον
1035 3977 1116 4030 ὅτι
1147 3977 1235 4030 διά
1260 3979 1350 4030 τὸν
1383 3979 1614 4050 Χριστὸν
1655 3977 1826 4032 ταῦτα
1858 3983 2061 4044 ποιεῖς,

504 4064 601 4119 καὶ
645 4063 708 4116 τὸ
739 4060 978 4132 λυπηρὸν
1007 4059 1158 4113 ἐσται
1195 4060 1316 4130 ἡδύ.
1356 4062 1482 4116 Ἐὰν
1519 4063 1627 4133 γάρ
1670 4061 1760 4116 τὸν
1807 4061 2065 4134 λογισμὸν

501 4146 687 4202 τοῦτον
711 4145 920 4217 ἐχωμεν
945 4143 1234 4206 διαπαντὸς
1263 4183 1277 4206 ,
1300 4143 1512 4209 οὐδενὸς
1540 4145 1908 4218 πειρασόμεθα
1935 4165 2065 4221 φορ-

505 4229 685 4296 τικοῦ,
719 4229 853 4283 ἀλλά
880 4227 1076 4299 πολλὴν
1099 4227 1360 4281 πάντοθεν
1403 4229 1801 4301 καρπωσόμεθα
1835 4229 1930 4300 τὴν
1952 4231 2066 4301 ἡδο-

501 4317 618 4386 νήν.
649 4313 706 4367 '0
727 4313 834 4384 γὰρ
863 4313 1021 4373 πόνος
1045 4311 1225 4364 οὐκέτι
1253 4310 1411 4374 πόνος
1431 4314 1693 4381 φανεῖται,
1717 4312 1830 4365 ἀλλ’
1845 4311 2060 4385 ὅσῳπερ

500 4397 568 4452 ἃν
584 4395 934 4466 ἐπιτείνηται,
950 4394 1185 4464 τοσούτῳ
1204 4394 1528 4466 γλυκύτερος
1547 4397 1638 4448 καὶ
1653 4395 1815 4467 ἡδίων
1829 4396 2055 4464 γίνεται.

575 4482 741 4533 Ὅταν
788 4479 962 4532 τοίνυν
1008 4478 1242 4549 ἐπιμένῃ
1276 4480 1309 4547 ἡ
1357 4478 1615 4549 συνήθειά
1657 4495 1715 4531 σε
1745 4479 1852 4532 τῶν
1877 4479 2059 4535 κακῶν

503 4562 856 4633 γοητεύουσα,
877 4561 972 4615 καὶ
997 4564 1032 4631 ἡ
1049 4563 1155 4615 τῶν
1171 4579 1274 4633 χρη
1283 4561 1466 4632 μάτων
1484 4562 1639 4615 ἐπιθυ
1647 4563 1764 4634 μία,
1780 4564 2060 4636 ἀντιστρά-

501 4662 693 4701 τευσον
742 4645 879 4714 αὐτῇ
918 4645 1011 4697 τὸν
1038 4643 1296 4716 λογισμὸν
1325 4648 1532 4700 ἐκεῖνον
1560 4646 1652 4699 τὸν
1685 4645 1938 4714 λέγοντα,
1976 4649 2059 4702 δτι

503 4728 669 4782 πολὺν
700 4725 980 4796 ληψόμεθα
1014 4727 1105 4780 τὸν
1147 4727 1356 4797 μισθὸν,
1387 4728 1486 4797 τῆς
1525 4729 1855 4802 προσκαίρου
1890 4748 2058 4785 κατα-

504 4810 867 4883 φρονήσαντες
896 4807 1114 4880 ἡδονῆς·
1140 4809 1233 4862 καὶ
1253 4809 1374 4862 είπέ
1401 4811 1536 4880 πρὸς
1566 4811 1665 4882 τὴν
1677 4811 1879 4883 ψυχήν·
1912 4813 2058 4868 Πάνυ

503 4893 549 4925 ⁸⁷
573 4893 822 4964 ἀθυμεῖς,
849 4892 929 4944 ὅτι
953 4907 1012 4943 σε
1039 4891 1234 4962 ἡδονῆς
1257 4890 1541 4963 ἀποστερῶ
1567 4908 1581 4958 ;
1611 4893 1725 4947 ἀλλ’
1747 4895 2058 4965 εὐφραίνου,

501 4979 585 5032 δτι
615 4994 695 5030 σοι
721 4976 812 5028 τὸν
829 4974 1055 5044 οὐρανὸν
1077 4973 1339 5044 προξενῶ.
1370 4972 1446 5030 Οὐ
1470 4975 1535 5028 δι’
1557 4976 1837 5048 ἄνθρωπον
1865 4982 2056 5044 ποιεῖς,

502 5062 638 5116 ἀλλά
670 5061 756 5114 διὰ
788 5059 877 5112 τὸν
905 5059 1058 5112 Θεόν.
1099 5058 1352 5130 ’Δνάσχου
1375 5058 1551 5113 τοίνυν
1578 5062 1790 5134 μικρὸν,
1825 5063 1918 5116 καὶ
1941 5063 2058 5135 ὄψει

503 5147 565 5200 τὸ
584 5147 767 5218 κέρδος
795 5144 998 5214 ἡλίκον·
1029 5143 1361 5214 καρτέρησον
1384 5143 1524 5197 κατά
1545 5146 1636 5198 τὸν
1668 5147 1906 5217 παρόντα
1923 5146 2055 5218 βίον,

505 5229 598 5302 καὶ
628 5229 775 5300 λήψῃ
801 5226 1112 5300 παρρησίαν
1138 5227 1360 5295 ἄφατον.
1397 5229 1494 5281 Ἂν
1532 5228 1639 5300 γάρ
1671 5229 1890 5283 τοιαῦτα
1921 5232 2056 5304 αὐτῇ

503 5312 896 5382 διαλεγώμεθα,
919 5313 1012 5365 καὶ
1034 5309 1285 5382 μὴμόνον
1307 5310 1366 5363 τὸ
1391 5313 1642 5382 φορτικὸν
1669 5315 1934 5386 ἐννοῶμεν
1958 5315 2059 5385 τῆς

503 5396 722 5466 ἀρετῆς,
741 5394 874 5447 ἀλλὰ
899 5395 1100 5447 καὶτὸν
1129 5393 1188 5459 ἐξ
1219 5394 1386 5464 αὐτῆς
1411 5394 1751 5466 λογιζώμεθα
1773 5399 2053 5468 στέφανον;

1258 287 1314 345 S.
1354 286 1636 344 JOANNIS
1674 287 2165 345 CIIRY'SOS'I'OMI
2196 287 2510 346 ARCHIEP.
2549 287 3089 344 CONSTANTINOP‘.

3621 285 3742 341 251'

2172 405 2382 475 ταχέως
2401 404 2572 475 αὐτὴν
2596 405 2790 468 κακίας
2814 403 3194 474 ἀποστήσομεν
3221 401 3453 473 ἀπάσης.
3479 401 3674 472 Είγάρ
3705 403 3736 453 ὸ

2169 487 2431 552 διάϐολος,
2457 487 2670 550 δεικνὺς
2689 485 2750 539 τό
2779 487 2877 557 μὲν
2914 485 3011 556 ἡδύ
3056 483 3407 556 πρόσκαιρον,
3439 482 3500 536 τὸ
3520 483 3581 538 δὲ
3610 483 3735 535 ὀδυ-

2169 570 2332 640 νηρὸν
2357 570 2622 640 διηνεκὲς,
2649 570 2797 639 ὅμως
2847 567 3018 638 ἰσχύει
3051 569 3146 620 καὶ
3168 565 3502 638 περιγίνεται
3523 581 3537 598 ·
3597 567 3736 618 ὅταν

2170 653 2536 724 ἀντιστρόφως
2554 653 2678 722 παρ’
2695 654 2826 722 ἡμῖν
2845 650 3016 705 ταῦτα
3031 650 3398 720 γένηται⁸⁸,τὸ
3419 651 3512 718 μὲν
3532 649 3736 703 ἐπίπο-

2170 753 2279 797 νον,
2293 737 2644 806 πρόσκαιρον,
2657 735 2718 786 τὸ
2735 734 2791 786 δὲ
2808 734 2905 804 ἡδὺ
2930 736 3022 787 καὶ
3044 736 3326 804 χρήσιμον,
3342 731 3632 793 ἀθάνατον,
3648 731 3736 794 τίς

2168 821 2298 890 ἡμῖν
2325 819 2474 872 ἔσται
2502 820 2546 850 ⁸⁸
2572 818 2728 886 λόγος
2758 817 2830 889 μὴ
2860 817 3128 887 μετιοῦσιν
3149 816 3344 888 ἀρετὴν
3377 815 3515 886 μετὰ
3532 813 3736 869 coquos.

2169 918 2267 972 την
2294 901 2665 973 παραμυθίαν;
2691 902 2882 972 Ἀρκεῖ
2893 901 3001 973 γὰρ
3017 903 3149 972 ἡμῖν
3169 899 3289 954 ἀντὶ
3311 900 3527 953 πάντων
3555 901 3590 968 ἡ
3617 899 3734 952 τῶν

2170 985 2344 1038 πόνων
2370 984 2642 1048 ὑπόθεσις,
2666 985 2761 1037 καὶ
2793 983 2852 1036 τὸ
2889 983 3178 1036 πεπεῖσθαι
3204 983 3387 1053 σαφῶς
3415 983 3506 1035 δτι-
3523 981 3614 1034 διὰ
3639 982 3734 1035 τὸν

2167 1066 2300 1120 Θεὸν
2343 1067 2681 1136 ὑπομένομεν
2706 1067 2876 1119 ταῦτα
2913 1066 3108 1120 πάντα.
3144 1066 3207 1118 Εἰ
3241 1064 3350 1136 γάρ
3381 1065 3470 1118 τὸν
3503 1063 3735 1134 βασιλέα

2168 1148 2305 1220 ἔχων
2334 1166 2416 1212 τις
2444 1148 2745 1219 ὀφειλέτην,
2778 1147 3049 1220 ἀρκοῦσαν
3079 1149 3157 1211 εἰς
3195 1149 3370 1200 πάντα
3395 1147 3603 1217 νομίζει
3639 1148 3732 1200 τὸν

2170 1232 2280 1301 βίον
2307 1231 2604 1301 ἀσφάλειαν
2630 1232 2775 1303 ἔχειν
2793 1250 2806 1264 ·
2838 1232 3086 1303 ἐννόησον
3113 1231 3295 1302 ἡλίκος
3323 1231 3475 1286 ἐσται
3503 1233 3553 1264 ⁶⁰
3576 1233 3607 1284 ὸ
3637 1233 3733 1284 τὸν

2169 1313 2546 1385 φιλάνθρωπον
2592 1317 2683 1368 καὶ
2736 1315 2825 1368 ἀεὶ
2863 1314 3038 1378 ζῶντα
3068 1313 3198 1367 Θεὸν
3233 1315 3328 1368 καὶ
3375 1313 3588 1384 μικρῶν
3635 1315 3733 1367 καὶ

2170 1398 2417 1467 μεγάλων
2453 1398 2886 1469 κατορθωμάτων
2929 1397 3200 1470 χρεώστην
3235 1398 3410 1468 ἐαυτῷ
3453 1399 3731 1468 καταστή-

2169 1497 2284 1542 σας.
2309 1481 2402 1550 Μὴ
2447 1483 2621 1533 τοίνυν
2651 1480 2944 1552 προϐάλλω
2979 1499 3067 1550 μοι
3111 1483 3300 1544 πόνους
3335 1481 3426 1534 καὶ
3459 1480 3728 1546 ἱδρῶτας·

2164 1564 2286 1616 οὐδὲ
2314 1564 2425 1635 γᾶρ
2463 1567 2528 1635 τῇ
2561 1564 2667 1617 τῶν
2713 1562 3010 1634 μελλόντων
3045 1564 3216 1617 ἐλπίδι
3253 1565 3433 1635 μόνον,
3465 1563 3602 1618 ἀλλὰ
3633 1563 3730 1618 καὶ

2167 1646 2338 1717 ἑτέρῳ
2377 1647 2561 1717 τρόπῳ
2599 1644 2804 1715 κούφην
2850 1645 2947 1718 τὴν
2980 1647 3178 1717 ἀρετὴν
3225 1645 3476 1718 ἐποίησεν
3512 1648 3545 1700 ό.
3568 1647 3728 1711 Θεὸς,

2167 1731 2634 1799 συνεφαπτόμενος
2666 1731 2794 1798 ἡμῖν
2825 1729 3094 1798 πανταχοῦ
3120 1730 3212 1782 καὶ
3238 1729 3730 1800 συναντιλαμϐανό-

2165 1829 2343 1881 μενος.
2379 1811 2495 1864 Κᾶν
2526 1811 2787 1883 βουληθῇς
2821 1812 2978 1882 μόνον
3009 1812 3193 1881 ὀλίγην
3227 1816 3551 1881 εἰσενεγκεῖν
3587 1830 3727 1885 προ-

2163 1897 2386 1965 θυμῖαν,
2414 1894 2482 1948 τά
2522 1895 2656 1949 ἀλλα
2691 1895 2864 1948 πάντα
2893 1895 3099 1948 ἕπεται.
3129 1895 3225 1948 Διά
3259 1897 3365 1966 γάρ
3400 1895 3554 1949 τοῦτο
3594 1895 3726 1966 βού-

2160 1980 2308 2033 λεται
2348 1979 2438 2032 καὶ
2464 1979 2522 2031 σέ
2566 1977 2734 2048 μικρά
2772 1982 2972 2041 πονεῖν,
3002 1979 3086 2032 ἵνα
3117 1979 3211 2031 καὶ
3237 1979 3302 2049 σὴ
3334 1981 3367 2048 ἡ
3407 1980 3528 2048 νίκη
3555 1981 3725 2049 γένη-

2160 2079 2264 2116 ται.
2298 2061 2450 2134 [221]
2489 2063 2600 2116 Καὶ
2628 2061 2875 2131 καθάπερ
2924 2061 3174 2130 βασιλεὺς
3211 2060 3452 2131 βούλεται
3486 2063 3586 2134 μὲν
3630 2063 3726 2116 τὸν

2161 2145 2353 2198 ἐαυτοῦ
2379 2144 2543 2198 παῖδα
2561 2145 2814 2215 παρεῖναι
2839 2144 2930 2196 ἐπὶ
2959 2145 3055 2214 τῆς
3087 2144 3455 2216 παρατάξεως,
3479 2146 3573 2200 καὶ
3595 2145 3724 2214 φαί-

2160 2245 2370 2290 νεσθαι,
2393 2227 2530 2280 ῶστε
2558 2227 2706 2297 αὐτῷ
2733 2226 3042 2296 λογισθῆναι
3060 2227 3120 2280 τὸ
3145 2229 3422 2298 τρόπαιον,
3441 2230 3502 2282 τὸ
3525 2230 3580 2282 δὲ
3613 2231 3722 2283 πᾶν

2158 2312 2319 2373 αὐτὸς
2353 2310 2504 2364 ἀνύει
2524 2327 2538 2342 ·
2567 2310 2708 2363 οῦτω
2735 2312 2828 2364 καὶ
2845 2312 2874 2362 ό
2896 2310 3024 2374 Θεὸς
3046 2312 3105 2364 ἐν
3129 2311 3206 2381 τῷ
3230 2311 3446 2382 πολέμῳ
3472 2311 3549 2383 τῷ
3573 2313 3724 2366 κατά

2159 2394 2249 2446 τοῦ
2275 2393 2520 2447 διαϐόλου
2554 2395 2712 2448 ποιεῖ.
2741 2394 2834 2446 Ἓν
2857 2394 2964 2466 γὰρ
2989 2394 3207 2447 ἀπαιτεῖ
3231 2395 3380 2466 παρά
3410 2395 3502 2448 σοῦ
3533 2397 3718 2465 μόνον,

2158 2476 2295 2530 ὥστε
2326 2478 2523 2548 ἐχθραν
2550 2475 2684 2546 πρὸς
2709 2477 2912 2529 ἐκεῖνον
2937 2476 3298 2540 ἐπιδείξασθαι
3327 2477 3552 2549 γνησίαν
3571 2497 3584 2509 ·
3613 2479 3720 2532 κᾶν

2156 2559 2322 2613 ταῦτα
2353 2559 2501 2631 αὐτῷ
2534 2559 2840 2632 παράσχῃς,
2865 2560 3023 2624 αὐτὸς
3053 2562 3227 2614 πάντα
3253 2561 3402 2616 ἀνύει
3431 2562 3520 2615 τὸν
3553 2563 3716 2616 πόλε-

2160 2661 2274 2712 μον.
2298 2644 2418 2697 Κᾶν
2437 2644 2572 2714 ὀργὴ
2595 2646 2637 2677 ⁶¹
2659 2643 2850 2716 φλέγῃ,
2872 2643 2969 2697 κᾶν
2989 2645 3282 2714 χρημάτων
3304 2644 3582 2715 ἐπιθυμία,
3614 2647 3720 2698 κᾶν

2106 2735 2110 2738 ’
2155 2727 2332 2780 ὁτιοῦν
2362 2727 2543 2799 ἕτερον
2562 2726 2730 2791 πάθος
2757 2728 3088 2799 τυραννικὸν,
3109 2729 3460 2800 παραγίνεται
3484 2727 3722 2801 ταχέως,

2158 2810 2224 2862 ἂν
2280 2809 2368 2881 ῐδῃ
2405 2825 2462 2861 σε
2498 2810 2654 2880 μόνον
2702 2810 2838 2881 πρὸς
2870 2811 3028 2864 αὐτὸν
3063 2812 3421 2880 ἀποδυόμενον
3454 2813 3548 2866 καὶ
3573 2829 3722 2883 παρ-

2157 2893 2550 2962 εσκευασμένον
2567 2894 2634 2960 ⁸⁸,
2652 2895 2746 2947 καὶ
2768 2895 2923 2964 ῥᾴδια
2946 2896 3118 2949 πάντα
3149 2898 3308 2961 ποιεῖ,
3338 2896 3427 2949 καὶ
3445 2897 3722 2967 ἀνώτερον

2163 2977 2340 3047 εστησι
2359 2981 2459 3047 τῆς
2478 2977 2693 3046 φλογὸς,
2715 2977 2964 3050 καθάπερ
2984 2981 3108 3042 τοὺς
3130 2980 3320 3044 παῖδας
3338 2979 3456 3033 τότε
3479 2981 3720 3046 ἐκείνους

2161 3060 2254 3111 ἐπὶ
2279 3059 2380 3128 τῆς
2413 3059 2751 3124 Βαϐυλωνίας
2779 3062 3007 3132 καμίνου
3025 3080 3039 3094 ·
3070 3064 3163 3117 καὶ
3190 3063 3298 3135 γάρ
3335 3067 3528 3118 ἐκεῖνοι
3558 3065 3729 3119 πλέον

2160 3143 2308 3196 οὐδὲν
2330 3144 2433 3213 τῆς
2460 3143 2680 3215 γνώμης
2707 3147 3046 3216 εἰσήνεγκαν.
3076 3147 3168 3200 Ἴν⁹
3198 3143 3291 3200 οὖν
3313 3150 3404 3204 καί
3433 3151 3593 3222 ἡμεῖς
3616 3151 3721 3203 πᾶ-

2164 3244 2261 3280 σαν
2298 3228 2524 3297 κάμινον
2552 3227 2744 3298 ἡδονῆς
2772 3228 3006 3283 ἀτάκτου
3045 3230 3438 3295 καταλύσαντες
3466 3233 3728 3300 ἐνταῦθα,

2160 3309 2258 3382 τὴν
2288 3311 2405 3364 ἐκεῖ
2447 3310 2796 3382 διαφύγωμεν
2831 3313 3074 3381 γέενναν,
3114 3313 3287 3367 ταῦτα
3329 3316 3450 3368 καθ’
3484 3315 3721 3388 ἑκάστην

2162 3394 2370 3465 ἡμέραν
2396 3395 2491 3448 καὶ
2512 3394 2890 3468 βουλευώμεθα
2924 3397 3018 3450 καὶ
3041 3399 3392 3471 μεριμνῶμεν
3426 3402 3521 3454 καὶ
3545 3405 3722 3473 πράτ-

2161 3495 2360 3548 τωμεν,
2391 3480 2458 3551 τῇ
2489 3495 2547 3532 τε
2578 3480 2708 3550 περὶ
2736 3479 2804 3533 τὰ
2842 3480 3021 3549 ἀγαθά
3050 3482 3300 3554 προθέσει
3332 3484 3424 3537 καὶ
3454 3487 3574 3548 ταῖς
3617 3505 3722 3541 πυ-

2163 3563 2314 3624 κναῖς
2334 3561 2518 3631 εὐχαῖς
2541 3561 2633 3615 τοῦ
2658 3562 2791 3616 Θεοῦ
2814 3563 2909 3634 τὴν
2931 3563 3141 3618 εὔνοιαν
3162 3566 3546 3638 ἐπισπώμενοι.
3563 3568 3732 3624 Οῦτω⁷

2161 3643 2269 3714 γὰρ
2300 3646 2394 3698 καὶ
2426 3645 2495 3698 τά
2514 3644 2772 3699 δοκοῦντα
2798 3647 3045 3718 ἀφόρητα
3068 3644 3206 3702 εἶναι
3231 3648 3345 3709 νῦν,
3370 3652 3538 3721 ῥᾷστα
3565 3652 3726 3706 εει-ταιΔ

2162 3729 2258 3782 καὶ
2293 3728 2466 3799 κοῦφα
2497 3729 2591 3784 καὶ
2619 3730 2911 3802 ἐπέραστα.
2932 3732 3075 3795 Ἕως
3109 3732 3205 3803 μὲν
3233 3733 3342 3806 γὰρ
3373 3736 3438 3788 ἂν
3460 3735 3505 3766 ⁸³
3523 3737 3580 3789 ἐν
3605 3741 3723 3799 τοῖς

2162 3811 2388 3865 πάθεσιν
2411 3807 2580 3883 ὦμεν,
2606 3817 2862 3884 τραχεῖαν
2884 3816 2978 3868 καὶ
2997 3813 3246 3868 δύσκολον
3277 3817 3372 3870 καὶ
3395 3818 3592 3889 ἀνάντη
3623 3820 3724 3890 τὴν

2160 3894 2358 3965 ἀρετὴν
2378 3890 2516 3948 εἶναι
2535 3896 2845 3967 νομίζομεν,
2865 3896 2963 3968 τὴν
2986 3897 3042 3950 δὲ
3061 3898 3255 3952 κακίαν
3282 3900 3530 3972 ποθεινὴν
3551 3905 3647 3954 καὶ
3674 3903 3726 3932 ⁸⁸

2162 3977 2410 4048 ἡδίστην·
2435 3978 2501 4031 ἂν
2533 3977 2590 4031 δέ
2628 3979 2822 4049 μικρὸν
2847 3980 3168 4051 ἀποστῶμεν
3203 3981 3424 4048 τούτων,
3457 3986 3574 4038 τότε
3613 3987 3714 4040 κά-

2163 4061 2315 4132 κείνη
2337 4064 2581 4130 φανεῖται
2615 4062 2842 4135 βδελυρά
2867 4064 2960 4118 καὶ
2985 4063 3245 4136 δυσειδὴς,
3275 4067 3365 4120 καὶ
3389 4066 3527 4138 αὓτη
3559 4069 3722 4141 ῥᾳδία

2162 4143 2256 4197 καὶ
2283 4143 2501 4208 εὔκολος
2528 4145 2621 4198 καὶ
2641 4144 2880 4217 ποθεινὴ.
2898 4146 3006 4200 Καὶ
3028 4146 3196 4202 ταῦτα
3217 4150 3281 4202 ἐκ
3296 4149 3400 4202 τῶν
3427 4151 3718 4223 κατωρθω-

2163 4229 2334 4282 κότων
2360 4229 2473 4282 ἐστι
2501 4228 2685 4299 σαφῶς
2703 4229 2910 4298 μαθεῖν.
2936 4231 3198 4284 Ἀκουσον
3227 4232 3356 4300 γοῦν
3382 4233 3496 4298 πῶς
3512 4237 3542 4290 ό
3567 4236 3716 4292 Παῦ-

2162 4310 2251 4376 λος
2279 4313 2458 4366 ἐκεῖνα
2496 4313 2593 4383 μὲν
2632 4313 2726 4366 καὶ
2761 4314 2899 4385 μετά
2929 4315 3026 4386 τὴν
3061 4315 3378 4390 ἀπαλλαγὴν
3402 4318 3715 4390 αἰσχύνεται

2162 4396 2333 4465 λέγων
2351 4413 2365 4427 ·
2412 4397 2549 4451 Τίνα
2571 4398 2680 4468 γὰρ
2713 4399 2942 4467 καρπὸν
2972 4400 3162 4469 εἴχετε
3187 4401 3340 4463 τότε,
3366 4402 3458 4472 ἐφ’
3481 4399 3570 4470 οἷς
3599 4403 3718 4458 νῦν

2161 4479 2598 4548 ἐπαισχύνεσθε
2623 4497 2641 4544 ;
2664 4479 2866 4552 ταύτην
2895 4481 2951 4535 δὲ
2991 4483 3082 4536 καὶ
3119 4485 3254 4554 μετά
3280 4485 3370 4538 τὸν
3401 4485 3557 4540 πόνον
3585 4488 3714 4540 κού-

2163 4580 2270 4634 φην
2300 4559 2437 4618 εἷναί
2467 4581 2619 4636 φησι,
2640 4564 2702 4618 τὸ
2736 4566 2988 4620 ἐπίπονον
3014 4567 3112 4638 τῆς
3149 4567 3376 4638 θλίψεως
3404 4572 3715 4639 παραυτίκα

2164 4649 2257 4701 καὶ
2278 4647 2512 4720 ἐλαφρὸν
2540 4649 2716 4704 καλῶν
2738 4652 2805 4714 ⁸⁸,
2833 4651 2927 4704 καὶ
2951 4650 3152 4723 χαίρων
3178 4654 3236 4705 ἐν
3265 4656 3378 4716 τοῖς
3415 4655 3712 4726 παθήμασι,

2162 4733 2250 4786 καὶ
2283 4733 2646 4805 ἀγαλλόμενος
2681 4735 2740 4788 ἐν
2778 4738 2898 4801 ταῖς
2932 4734 3160 4805 θλίψεσι,
3195 4736 3288 4789 καὶ
3331 4737 3472 4808 μέγα
3503 4741 3716 4810 φρονῶν

2162 4815 2254 4869 ἐπὶ
2278 4819 2391 4881 τοῖς
2416 4819 2675 4888 στίγμασι
2692 4819 2805 4882 τοῖς
2822 4816 2909 4871 διὰ
2932 4818 3188 4890 Χριστόν.
3213 4819 3308 4872 ’Ίν⁹
3324 4816 3416 4874 οὖν
3447 4823 3538 4875 καὶ
3553 4824 3715 4894 ἡμεῖς

2162 4902 2220 4954 ἐν
2249 4901 2420 4973 ταύτῃ
2455 4902 2811 4974 καταστῶμεν
2840 4905 2906 4974 τῇ
2934 4901 3065 4969 ἔξει,
3103 4905 3214 4968 τοῖς
3241 4905 3546 4976 εἰρημένοις
3592 4906 3714 4961 καθ’

2162 4985 2395 5056 ἑκάστην
2440 4985 2650 5056 ἡμέραν
2695 4987 2918 5050 ἐαυτούς
2963 4986 3308 5057 ρυθμίζοντες
3343 4987 3425 5053 ⁵⁸,
3480 4989 3715 5045 καὶτῶν

2161 5067 2378 5124 ὄπισθεν
2393 5067 2884 5140 ἐπ.λανθανόμενοι,
2904 5069 3038 5141 πρὸς
3063 5069 3120 5123 δὲ
3139 5069 3206 5123 τὰ
3222 5070 3524 5142 ἔμπροσθεν
3548 5073 3713 5126 ἐτεκ-

2160 5150 2300 5203 τεινὸ
2306 5167 2472 5221 μενοι,
2484 5149 2762 5222 διώκωμεν
2773 5153 2864 5206 ἐπὶ
2880 5152 2940 5205 τὸ
2955 5151 3200 5224 βραϐεῖον
3211 5153 3308 5224 τῆς
3325 5153 3435 5208 ἄνω
3450 5154 3547 5226 κλὴ
3556 5172 3710 5220 σεως·

2161 5227 2222 5286 οῦ
2242 5235 2446 5302 γένοιτο
2473 5234 2678 5297 πάντας
2701 5236 2843 5306 ἡμᾶς
2868 5237 3158 5306 ἐπιτυχεῖν,
3185 5236 3365 5308 χάριτι
3401 5239 3493 5292 καὶ
3523 5238 3710 5307 φιλαν-

2163 5315 2375 5389 θρωπίᾳ
2411 5317 2503 5371 τοῦ
2535 5318 2736 5388 Κυρίου
2765 5318 2918 5390 ἡμῶν
2965 5318 3136 5388 Ἰησοῦ
3174 5320 3432 5390 Χριστοῦ,
3452 5314 3496 5388 ᾧ
3524 5324 3557 5392 ἡ
3584 5322 3712 5389 δόξα

2163 5403 2254 5453 καὶ
2284 5399 2344 5453 τὸ
2365 5403 2560 5472 κράτος
2579 5403 2657 5464 είς
2678 5402 2800 5464 τοὺς
2815 5401 3013 5463 αἰῶνας
3043 5401 3150 5456 τῶν
3179 5405 3408 5457 αἰώνων.
3452 5405 3642 5478 Ἀμήν.

573 5487 620 5568 δξ
657 5487 732 5568 «b5
765 5484 1288 5568 περίλὼςρπέρᾉ.
1320 5487 1383 5539 υ.
1415 5486 1601 5568 ὥσπερ
1621 5487 1694 5568 1⁸³.
1723 5499 1776 5544 οι
1804 5506 1886 5568 pr_.
1908 5491 1994 5568 pi
2080 5495 2124 5526 δ’
2146 5494 2388 5568 Evagrii.
2531 5493 2604 5568 1³.-
2621 5494 2713 5568 ἵνα
2730 5493 2826 5568 τὴν
2860 5493 3150 5568 Δαὐτὴν-ἐξἐ
3185 5496 3391 5568 μάλλον
3417 5497 3592 5568 ψῆφον
3637 5500 3706 5555 Α,

506 5559 551 5592 ιο
580 5555 882 5628 ἀποδημίαν
903 5555 1181 5628 Ερκδαν.
1200 5558 1258 5628 Δἰιι
1295 5573 1430 5628 mar.

1547 5560 1590 5590 "
1616 5559 1878 5640 διάκονος]
1907 5561 2114 5640 ἔκδικος
2141 5563 2218 5640 βε
2331 5562 2412 5640 F._
2468 5564 2514 5640 ξ’
2546 5563 2714 5640 αὐτῷ]
2743 5559 3087 5640 αὐτόνΒ.
3118 5559 3319 5640 E.__
3344 5567 3397 5640 A'f
3420 5559 3706 5640 ἐπαγωγῆς

507 5649 526 5680 ι
558 5623 920 5706 ιιιιιρεέὲρξτὶιιε
1134 5645 1152 5676 ο
1187 5625 1404 5706 Δίοιιιεί.
1439 5628 1735 5706 ἁπαγῳῖἧς
1757 5623 2061 5706 ριιιίιεε-ιιιε

2166 5630 2413 5706 ξὲχθραν]
2433 5635 2532 5706 τὴν
2544 5623 2742 5706 ἐχθράν
2870 5635 3013 5706 η⁵⁶⁴⁶
3040 5634 3261 5706 μείζονα
3280 5636 3414 5691 Edd.
3485 5623 3548 5670 ’τ’
3566 5623 3707 5693 πάνῦ

503 5714 615 5752 om.
640 5695 704 5749 Β.
738 5694 879 5766 Ε.
953 5696 1019 5766 "'_
1034 5694 1277 5766 γένηται]
1301 5694 1646 5765 φαίνηταιυ.

507 5733 1468 5839 '.;:";=;p'a;zv‘a;usag.'{.azlqazgga

507 5834 705 5919 σμένον
735 5834 932 5919 despn}
961 5834 1114 5919 'in'A.
1153 5835 1217 5889 (ἒ.
1261 5907 1271 5918 θ
1285 5834 1338 5919 ξ’
1357 5835 1562 5919 ᾶνὶοιη.

1807 5850 1824 5893 ι
1850 5857 1931 5895 nr.
1969 5841 2029 5894 υ.

509 5856 705 5919 σμενον
735 5856 932 5892 uesum
967 5856 1020 5890 111
1051 5856 1114 5886 ﬂ.
1153 5856 1217 5889 [ι.
1293 5856 1337 5865 "'
1357 5856 1422 5886 αν
1452 5856 1562 5891 0111.
1595 5856 1658 5892 ﬂ.
1695 5856 1752 5893 υ.
1774 5856 1824 5895 ει
1850 5857 1883 5909 ρ

509 5908 736 5980 θλίψεως
761 5907 850 5960 καὶ
874 5906 932 5958 τὸ
959 5903 1209 5958 ἐπίπονον
1256 5903 1484 5975 ἐλαφρὸν
1520 5907 1713 5961 καλῶν,
1819 5913 1862 5942 σο

1754 5701 1931 5754 ⁵⁹ἐστι
1959 5699 2020 5754 F.
2095 5704 2139 5734 σο
2161 5695 2305 5755 εσὲικῑ
2335 5695 2500 5759 Ειὶό.’
2545 5695 2738 5775 “Bm
2769 5705 2924 5786 3.)“.
2951 5695 3086 5828 et

1754 5771 2152 5828 ισκευαζόμενον
2173 5773 2232 5827 Β.
2259 5775 2773 5828 παρασκευασμένον
2791 5775 2911 5828 (εις)
2938 5772 2999 5828 F.

1543 5769 1586 5798 ⁶¹
1612 5771 2152 5891 παρρακευαζόμενον
2173 5773 2232 5827 Β.
2259 5769 2773 5846 παρασκευασμένον
2791 5775 2911 5845 (sic)
2938 5772 2999 5828 F.
3035 5769 3214 5832 Verba
3240 5769 3333 5830 καὶ
3353 5769 3502 5849 ⁷ςέαρε
3513 5769 3702 5832 ἕκευὰ-

1547 5877 1562 5891 .
1595 5840 1658 5891 Α.
1740 5879 1752 5891 .
1774 5850 1824 5891 el
1850 5857 1931 5891 nr.
1969 5841 2029 5891 1).
2107 5848 2150 5875 ⁸⁵
2181 5841 2296 5891 καί]
2335 5859 2393 5891 τε
2421 5845 2512 5891 am!
2540 5845 2600 5891 Ι)-
2677 5846 2721 5877 ⁸⁸
2753 5843 2842 5891 Sic
2883 5847 2942 5891 Α-
2983 5847 3158 5891 mpleri
3187 5845 3248 5891 τὸ
3277 5847 3576 5891 παηαυτένη
3602 5849 3702 5891 ﬁu-

1740 5879 1752 5893 .
1774 5850 1824 5895 el
1850 5857 1931 5909 pr.
1969 5841 2029 5894 1).
2107 5848 2150 5875 δ’·
2181 5841 2300 5966 καὲ
2335 5841 2393 5896 τε
2421 5845 2512 5896 κοί
2539 5841 2629 5897 Ι).’
2677 5846 2721 5877 ⁸⁸
2753 5841 2842 5900 Sic
2880 5841 2943 5900 Α.
2983 5847 3158 5900 caeleri
3187 5845 3248 5899 τὸ
3277 5841 3578 5916 Rapa-irim
3602 5849 3704 5921 τῆς

1819 5913 1862 5942 ⁵⁸
1893 5911 2238 5982 ῥυθμίζωμ;ν
2310 5930 2396 5982 .p.
2427 5930 2476 5982 p.
2512 5916 2723 5970 καὶτῶν
2757 5917 2851 5981 μὲν
2889 5915 3105 5968 δπισθεν
3135 5915 3264 5971 Edd.

3073 5721 3115 5781 ς.
3241 5707 3545 5781 φλεγμαίνῃ
3571 5719 3624 5764 el.
3650 5727 3703 5778 p.

2310 5930 2396 5983 .p.
2427 5930 2476 5982 p.
2512 5916 2723 5970 καὶτῶν
2757 5917 2851 5981 μὲν
2889 5915 3105 5968 δπισθεν
3135 5915 3264 5971 Edd.
