3856 6180
149 288 256 343 2-53

217 403 311 459 ﬂ.
351 401 577 470 Quidam
607 412 766 471 porro
790 412 887 471 per
911 393 1269 453 adversarium
1303 393 1449 448 illum
1494 388 1718 459 intelligi

144 495 333 551 volunt
369 494 658 559 diabolum,
694 501 750 548 et
781 491 868 546 hic
894 488 1069 561 juberi
1096 495 1301 558 putant,
1328 500 1398 539 ne
1426 482 1550 554 quid
1576 482 1719 536 illius

143 600 369 656 prorsus
396 585 677 650 habeatur,
740 582 898 653 idque
925 594 1047 635 esse
1087 578 1137 634 ei
1174 575 1495 640 consentire,
1536 581 1720 642 utpote

142 693 262 733 cum
306 685 433 748 post
470 689 745 732 excessum
784 688 848 729 ex
887 671 989 727 hac
1034 671 1140 724 vita
1181 683 1285 724 non
1325 667 1482 723 liceat
1522 664 1591 719 ab
1630 663 1721 719 illo

142 786 240 825 nos
279 770 561 840 expedire,
598 784 717 825 cum
756 782 854 821 nos
891 762 1193 820 inevitabile
1222 760 1534 832 supplicium
1572 756 1724 814 exci-

143 866 271 933 piet.
314 863 444 918 Mihi
475 878 602 918 vero
636 862 703 916 de
736 858 1005 930 judicibus
1048 855 1203 926 hujus
1228 852 1408 909 saeculi
1449 850 1530 922 agi
1572 849 1720 904 vide-

145 967 247 1019 tur,
278 970 346 1010 ac
369 954 442 1010 de
471 955 553 1008 via
583 968 702 1024 quae
738 951 806 1007 ad
838 949 1099 1021 judicium
1126 947 1273 1003 ducit
1312 955 1361 1001 et
1391 943 1459 1000 de
1482 955 1717 997 carcere.

143 1047 438 1118 Postquam
481 1046 624 1102 enim
661 1061 693 1099 a
731 1041 1128 1099 sublimioribus
1166 1039 1407 1093 hortatus
1449 1044 1552 1101 est,
1597 1042 1653 1089 et
1690 1048 1720 1086 a

143 1143 357 1208 futuris,
398 1155 430 1195 a
474 1140 597 1195 vitae
644 1137 919 1209 praesentis
968 1142 1136 1191 terret
1178 1130 1423 1203 negotiis.
1471 1128 1529 1184 Id
1578 1125 1719 1197 quod

144 1234 304 1287 etiam
345 1231 548 1287 Paulus
578 1230 723 1297 facit,
749 1245 778 1283 a
804 1227 995 1283 futuris
1036 1235 1090 1281 et
1125 1240 1157 1279 a
1199 1220 1542 1294 praesentibus
1567 1218 1723 1273 audi-

146 1336 313 1381 torem
363 1338 734 1380 commovens.
785 1322 855 1379 Ut
901 1337 1020 1376 cum
1066 1334 1095 1373 a
1141 1317 1373 1389 nequitia
1417 1314 1717 1376 abducens,

144 1418 443 1488 principem
470 1424 734 1470 armatum
779 1414 920 1469 male
943 1411 1183 1482 operanti
1211 1406 1444 1464 ostendit
1484 1407 1565 1461 his
1603 1421 1722 1458 ver-

145 1511 221 1563 bis
248 1527 264 1561 :
298 1508 456 1574 Quod
482 1508 528 1562 si
568 1506 895 1578 malefeceris,
927 1505 1042 1557 time
1074 1519 1092 1555 :
1122 1519 1219 1556 non
1260 1501 1392 1554 enim
1424 1498 1532 1552 sine
1569 1512 1722 1550 causa

146 1601 370 1673 gladium
394 1608 565 1670 portat
598 1616 615 1653 :
650 1597 747 1651 Dei
773 1598 901 1652 enim
930 1597 1152 1649 minister
1190 1604 1263 1648 est
1308 1591 1478 1661 (Rom.
1510 1591 1596 1646 15.
1638 1591 1717 1660 4).

147 1692 449 1764 lterumque
472 1691 667 1762 jubens
703 1691 810 1743 Deo
835 1689 1105 1757 subjectos
1134 1700 1276 1748 esse,
1306 1698 1411 1738 non
1441 1682 1599 1737 modo
1627 1682 1720 1736 Dei

148 1789 413 1853 timorem,
458 1785 555 1841 sed
590 1784 749 1840 etiam
784 1782 901 1851 ejus
944 1781 1115 1834 minas
1153 1777 1305 1833 affert
1343 1785 1397 1831 et
1435 1774 1722 1844 providen—

149 1883 265 1934 tiam
300 1897 318 1934 :
348 1879 574 1933 Necesse
614 1887 690 1931 est
721 1892 824 1930 esse
863 1875 1142 1945 subjectos,
1183 1887 1283 1925 non
1324 1870 1486 1924 solum
1520 1877 1724 1938 propter

145 1972 289 2036 iram,
316 1970 409 2023 sed
433 1979 482 2022 et
504 1978 709 2039 propter
733 1964 1085 2020 conscientiam
1115 1962 1273 2035 (Ibid.
1303 1977 1349 2015 υ.
1380 1961 1457 2031 5).
1486 1960 1616 2015 Nam
1642 1960 1721 2013 itt-

144 2061 510 2130 sipientiores,
542 2070 599 2113 ut
627 2060 731 2129 jam
762 2057 891 2120 dixi,
925 2057 1035 2110 haec
1061 2068 1179 2124 qua:
1217 2061 1472 2123 apparent
1509 2059 1563 2106 et
1602 2065 1721 2120 quae

145 2170 172 2207 e
196 2152 428 2223 vestigio
462 2161 777 2221 sequuntur,
801 2148 967 2216 magis
986 2146 1162 2201 solent
1181 2143 1485 2200 emendare.
1516 2142 1713 2211 Quam—

146 2248 326 2301 ubrem
384 2244 635 2299 Christus
677 2258 782 2297 non
828 2241 984 2296 modo
1036 2240 1334 2309 gehennam
1384 2237 1717 2304 memoravit,

145 2337 230 2389 sed
260 2336 429 2390 etiam
458 2330 643 2405 jtidicii
672 2333 921 2399 tribunal,
957 2332 1331 2386 abductionem
1360 2329 1427 2383 ad
1466 2336 1717 2393 mortem,

146 2444 416 2485 carcerem
443 2427 667 2499 ejusque
693 2426 934 2481 miserias
960 2440 1169 2487 omnes,
1198 2438 1293 2492 per
1322 2422 1435 2476 hzec
1460 2420 1601 2491 ipsas
1626 2434 1720 2474 ca:-

147 2522 281 2574 dium
327 2520 548 2575 radices
585 2518 923 2573 exscindens.
965 2516 1063 2585 Qui
1097 2515 1238 2570 enim
1270 2529 1441 2584 neque
1466 2513 1721 2569 conviciis

146 2612 437 2681 impetitur,
480 2626 583 2666 nec
609 2611 662 2664 in
685 2610 773 2680 jus
802 2608 1047 2670 trahitur,
1097 2623 1267 2678 neque
1305 2596 1438 2661 ira'm
1470 2605 1719 2673 intendit,

146 2706 408 2777 quomodo
451 2704 660 2761 occidet
706 2703 995 2775 umquam?
1034 2702 1215 2772 itaque
1260 2700 1383 2756 hinc
1412 2700 1585 2771 palam
1616 2709 1717 2767 est,

146 2799 192 2852 in
216 2798 449 2868 proximi
473 2796 758 2852 commodo
783 2804 1025 2850 nostrum
1046 2808 1256 2865 quoque
1274 2792 1610 2849 commodum
1636 2807 1720 2848 re-

145 2890 315 2958 periri.
366 2888 505 2943 Nam
553 2889 644 2957 qui
694 2902 815 2942 cum
864 2886 1171 2941 adversario
1217 2884 1499 2951 consentit,
1549 2884 1720 2939 multo

146 2985 305 3054 magis
353 2984 461 3038 sibi
512 2984 612 3052 ipsi
649 2982 754 3037 erit
805 2980 977 3045 utilis,
1020 2979 1153 3035 liber
1190 2994 1221 3033 a
1262 2977 1645 3045 tribunalibus,
1686 2991 1717 3031 a

146 3076 447 3133 carceribus
471 3089 765 3146 eorumque
790 3073 1037 3129 miseriis.
1073 3071 1235 3127 Dictis
1259 3072 1419 3142 igitur
1442 3069 1717 3138 obtempe—

145 3183 338 3233 remus,
364 3182 475 3222 nec
500 3165 907 3230 contendamus,
936 3178 1035 3219 nec
1059 3164 1290 3218 rixemur
1312 3178 1327 3216 :
1348 3176 1466 3216 cum
1489 3160 1719 3215 maxime

147 3261 253 3317 haec
276 3271 579 3333 praecepta,
624 3260 786 3315 etiam
831 3268 953 3312 ante
997 3256 1211 3327 praemia
1255 3256 1364 3320 illa,
1393 3255 1719 3325 voluptatem

147 3368 194 3411 et
220 3356 510 3411 utilitatem
555 3355 606 3408 in
642 3368 701 3408 se
743 3352 1067 3407 contineant.
1116 3349 1269 3418 Quod
1313 3349 1358 3404 si
1403 3348 1716 3419 quibusdam

147 3465 365 3505 onerosa
409 3463 535 3503 esse
561 3456 614 3501 et
653 3445 875 3500 multum
908 3444 1143 3514 prwbere
1187 3441 1382 3497 laboris
1418 3440 1717 3506 videantur,

146 3544 310 3613 cngita
340 3552 395 3596 te
427 3549 649 3610 prepter
672 3537 942 3593 Christum
974 3536 1086 3590 haec
1128 3549 1305 3605 agere,
1337 3541 1392 3588 et
1426 3532 1563 3602 quod
1608 3548 1720 3583 nio-

146 3635 336 3691 lestum
383 3644 493 3697 est,
524 3646 687 3686 suave
729 3629 1008 3684 videbitur.
1052 3627 1107 3682 Si
1158 3614 1299 3681 enim
1339 3624 1475 3679 hanc
1521 3624 1721 3692 cogita-

148 3730 344 3783 tionem
383 3737 607 3794 semper
634 3730 949 3792 praesentem
991 3717 1301 3782 babeamus,
1344 3714 1476 3770 nihil
1512 3713 1721 3768 molesti

147 3821 511 3891 experiemur,
557 3815 654 3872 sed
690 3815 909 3869 multam
942 3812 1175 3883 undique
1200 3824 1542 3881 assequemur
1569 3808 1721 3862 volu-

148 3923 366 3985 ptatem.
401 3909 583 3966 Labor
610 3908 753 3963 enim
791 3922 899 3962 non
926 3906 1064 3961 ultra
1102 3904 1253 3960 labor
1277 3918 1394 3959 esse
1435 3901 1721 3968 videbitur,

147 4005 236 4060 sed
261 4010 473 4076 quanto
510 4000 678 4070 magis
713 3997 1036 4065 intendetur,
1065 4005 1223 4064 tanto
1262 3994 1467 4050 dulcior
1491 3993 1726 4048 suavior-

150 4114 245 4169 que
270 4096 400 4152 erit.

214 4189 437 4244 Coronae
459 4185 669 4241 celestis
694 4199 808 4254 spes
828 4199 859 4236 η
883 4183 1018 4236 mala
1038 4180 1392 4236 consuetudine
1415 4190 1606 4234 avocat.
1636 4177 1728 4234 Dei

149 4283 344 4338 ακιὶιὶο
384 4290 434 4335 et
463 4296 617 4350 Opera
645 4287 816 4332 nostra
852 4286 923 4329 est
952 4291 1092 4345 Opus.
1112 4304 1184 4314 —
1203 4272 1423 4339 Quando
1452 4272 1608 4343 igitur
1649 4272 1729 4326 in-

150 4375 309 4430 stabit
334 4368 673 4428 consuetudo
698 4367 955 4422 malorum
986 4374 1037 4420 te
1057 4364 1382 4430 demulcens,
1408 4362 1616 4433 quando
1640 4378 1729 4432 pe-

153 4468 437 4521 cuniarum
486 4460 779 4531 cupiditas,
821 4472 1030 4528 oppone
1073 4456 1147 4510 illi
1188 4454 1520 4510 ratiocinium
1570 4454 1727 4521 illud,

151 4558 289 4630 quod
318 4557 402 4612 sic
430 4554 593 4608 habet
630 4570 643 4605 :
685 4565 782 4605 nos
811 4564 1053 4619 magnam
1084 4556 1393 4616 accepturos
1430 4544 1730 4600 mercedem

152 4666 291 4714 esse,
320 4648 369 4702 si
400 4642 751 4712 temporalem
781 4640 1101 4709 voluptatem
1128 4636 1515 4706 despiciemus;
1558 4643 1611 4688 et
1647 4633 1733 4688 dic

153 4741 344 4793 animae
371 4746 481 4790 tum
514 4751 528 4785 :
560 4731 778 4787 Multum
804 4728 1050 4791 tristaris,
1080 4725 1219 4798 quod
1246 4735 1297 4780 te
1326 4725 1595 4795 voluptate
1622 4724 1731 4793 pri-

153 4847 311 4891 vem;
339 4838 398 4883 at
425 4828 634 4892 laetare,
663 4824 782 4894 quia
820 4821 913 4876 tibi
941 4821 1127 4875 emittm
1158 4816 1428 4889 provideo.
1467 4816 1579 4871 Non
1610 4831 1733 4885 pro-

154 4938 269 4998 pter
309 4922 615 4986 hominem,
645 4917 738 4973 sed
769 4924 981 4985 propter
1016 4914 1177 4967 Deum
1220 4911 1477 4980 operaris.
1516 4910 1734 4965 Paulum

156 5020 312 5089 igitur
338 5023 617 5084 exspecta,
641 5019 695 5065 et
718 5007 920 5063 videbis
938 5015 1188 5077 quantum
1212 5004 1411 5058 lucrum
1433 5016 1735 5071 asscquare.

155 5113 451 5168 Persevera
486 5122 579 5176 per
606 5105 742 5159 hanc
766 5104 948 5166 vitam,
977 5110 1031 5157 et
1056 5100 1297 5155 fiduciam
1320 5096 1581 5153 obtinebis
1602 5094 1738 5150 inef-

157 5203 397 5258 fabilem.
430 5199 489 5254 Si
516 5197 707 5251 talibus
732 5195 899 5265 ipsam
925 5192 1275 5262 alloquamur,
1306 5198 1359 5243 et
1392 5188 1437 5243 si
1476 5203 1581 5241 non
1622 5197 1739 5239 tan-

158 5309 268 5352 tum
290 5293 513 5351 virtutis
539 5290 747 5361 pondus
774 5298 827 5343 et
851 5286 1169 5352 molestiam,
1199 5283 1290 5339 sed
1319 5282 1475 5337 etiam
1500 5295 1654 5351 quam
1674 5294 1740 5333 ex

160 5390 244 5444 illa
271 5386 659 5457 consequimur
696 5395 948 5437 coronam
983 5378 1036 5432 in
1074 5385 1251 5432 mente
1290 5374 1597 5433 habeamus.
1638 5373 1743 5426 cito

162 5480 306 5537 illam
341 5480 412 5535 ab
451 5476 600 5534 omni
641 5471 873 5544 nequitia
916 5469 1267 5524 retrahemus.
1297 5466 1430 5521 Nam
1472 5464 1517 5519 si
1560 5463 1743 5519 diabo-

161 5576 267 5642 lus,
318 5570 614 5628 ostendens
664 5573 1060 5634 temporaneam
1111 5560 1454 5631 voluptatem,
1506 5556 1745 5611 dolorem

166 5682 293 5723 vero
318 5672 663 5737 perpetuum,
696 5668 871 5713 tamen
899 5654 1151 5726 praevalet
1180 5662 1235 5709 et
1260 5652 1422 5705 vincit
1447 5667 1460 5703 :
1487 5665 1606 5704 cum
1634 5648 1748 5703 haec

173 5761 230 5820 in
254 5757 584 5818 contrarium
628 5766 783 5809 versa
812 5748 1225 5821 respexerimus,
1265 5744 1495 5801 laborem
1535 5739 1748 5813 quidem

1294 277 1359 332 IN
1397 271 1796 331 MATTHIEUM
1838 271 2064 329 llOMIL.
2108 274 2244 331 XVI.

3293 274 3398 330 ﬁt

1830 397 2248 458 temporaneum,
2278 389 2599 461 voluptatem
2620 402 2748 444 vero
2777 388 3161 459 utilitatemque
3182 388 3398 444 immor-

1827 483 2006 547 talem,
2037 497 2137 553 qua
2167 480 2372 538 ratione
2411 483 2653 538 excusari
2694 481 3004 551 poterimus,
3052 480 3097 535 si
3127 491 3248 551 post
3283 490 3401 534 tan-

1826 583 1933 630 tam
1963 575 2403 643 consolationem,
2434 576 2682 631 virtutem
2711 590 2817 630 non
2860 574 3151 630 adeamus?
3195 574 3398 631 Sufficit

1827 668 1981 722 nobis
2024 683 2134 739 pra:
2173 668 2420 724 omnibus
2464 676 2834 739 argumentum
2872 676 2928 723 et
2969 682 3127 724 causa
3167 670 3397 738 suscepti

1826 761 2039 829 laboris,
2069 763 2114 817 si
2143 762 2359 817 omnino
2385 760 2623 832 persuasi
2652 761 2817 815 simus
2852 775 2951 815 nos
2986 767 3202 830 propter
3231 759 3397 813 Deum

1827 853 1942 910 haec
1969 856 2147 910 omnia
2172 855 2297 925 pati.
2328 854 2459 909 Nam
2486 855 2529 909 si
2554 854 2672 924 quis
2708 854 3086 923 Imperatorem
3124 852 3228 908 sibi
3253 852 3398 907 debi-

1828 957 1994 1003 torem
2021 947 2233 1010 habeat,
2264 962 2322 1002 se
2349 962 2441 1017 per
2464 955 2625 1001 totam
2652 946 2812 1001 vitam
2842 944 3157 999 tutissimam
3194 944 3398 999 cautio-

1827 1053 1948 1093 nem
1978 1037 2175 1092 habere
2203 1046 2351 1107 putat
2393 1054 2405 1089 :
2447 1038 2616 1107 cogita
2655 1043 2880 1105 quantus
2923 1033 3085 1101 sitis,
3117 1033 3207 1104 qui
3246 1033 3397 1087 beni-

1826 1147 1986 1201 gnum
2029 1145 2345 1201 semperque
2375 1130 2633 1184 viventem
2665 1129 2830 1183 Deum
2874 1136 2930 1182 et
2968 1127 3307 1182 minimorum
3345 1137 3398 1181 et

1825 1226 1984 1282 simul
2008 1240 2317 1296 magnorum
2348 1225 2481 1293 frugi
2498 1238 2727 1293 .operum
2756 1222 2852 1276 sibi
2878 1219 3177 1276 debitorem
3201 1220 3398 1274 consti-

1827 1319 1944 1373 tuit.
1966 1317 2045 1373 Ne
2072 1317 2249 1388 itaque
2274 1316 2403 1370 mihi
2433 1315 2642 1369 labores
2670 1313 2891 1382 objicias
2913 1321 2968 1366 et
2993 1310 3215 1365 sudores
3246 1325 3260 1370 :
3305 1326 3399 1364 ne-

1825 1427 1929 1481 que
1956 1411 2097 1465 enim
2123 1409 2233 1465 sola
2261 1408 2552 1464 futurorum
2589 1421 2704 1475 spe,
2736 1408 2829 1461 sed
2859 1414 2913 1459 et
2944 1404 3048 1458 alio
3075 1402 3235 1458 modo
3268 1401 3398 1456 faci-

1826 1501 1928 1556 lem
1957 1516 2075 1556 esse
2099 1500 2349 1554 virtutem
2378 1498 2582 1553 curavit
2620 1497 2780 1561 Deus,
2818 1495 2971 1549 nobis
3006 1493 3203 1563 ubique
3243 1492 3396 1546 auxi-

1827 1593 1955 1648 lium
2000 1591 2456 1661 patrociniumque
2500 1603 2655 1643 suum
2701 1587 3022 1659 praestando.
3064 1585 3119 1639 Si
3168 1583 3400 1638 volueris

1826 1685 2086 1740 modicam
2110 1683 2361 1739 adhibere
2383 1681 2729 1751 diligentiam,
2752 1690 2946 1734 cmtera
2967 1676 3143 1733 omnia
3172 1690 3396 1745 sequeno

1827 1789 1930 1833 tur.
1963 1778 2250 1846 Propterea
2277 1776 2421 1831 enim
2451 1785 2501 1830 te
2528 1776 2640 1829 vult
2676 1789 2865 1844 parum
2901 1781 3153 1843 praastare
3177 1770 3393 1835 laboris,

1825 1879 1884 1925 ut
1930 1879 1982 1926 et
2026 1869 2243 1925 victoria
2288 1878 2375 1923 tua
2418 1867 2507 1922 sit.
2557 1867 2634 1922 Ac
2672 1862 3114 1936 quemadmodum
3156 1878 3247 1918 rex
3288 1863 3398 1918 vult

1825 1962 1987 2017 filium
2017 1977 2169 2017 suum
2197 1961 2251 2016 in
2280 1961 2393 2015 acie
2421 1968 2583 2025 stare,
2612 1958 2786 2029 jacula
2825 1957 3054 2020 vibrare,
3102 1963 3158 2012 et
3185 1956 3397 2024 conspi-

1824 2069 1983 2110 cuum
2012 2068 2151 2119 esse,
2183 2062 2240 2107 ut
2268 2051 2368 2122 ipsi
2398 2060 2653 2121 tropaeum
2676 2048 2904 2103 adscribi
2927 2048 3110 2117 possit,
3136 2047 3258 2102 licet
3284 2047 3397 2116 ipse

1826 2156 1992 2201 totum
2017 2145 2211 2200 bellum
2233 2144 2477 2200 conficiat
2502 2158 2518 2204 ;
2550 2140 2628 2195 sic
2658 2142 2797 2196 Deus
2822 2141 2873 2194 in
2904 2139 3045 2193 bello
3073 2146 3256 2191 contra
3285 2137 3396 2192 dia-

1824 2241 2003 2295 bolum
2038 2239 2181 2294 facit.
2209 2238 2383 2294 Unum
2417 2237 2611 2307 quippe
2649 2243 2849 2289 tantum
2891 2248 2921 2287 a
2964 2243 3015 2287 te
3054 2232 3297 2302 requirit,
3339 2242 3396 2285 ut

1824 2341 2009 2387 contra
2049 2330 2199 2385 illum
2237 2344 2364 2384 vere
2406 2328 2734 2382 inimicitiam
2777 2324 3065 2389 exhibeas;
3114 2332 3163 2379 et
3204 2322 3248 2378 si
3294 2322 3396 2377 hoc

1824 2424 1923 2494 ipsi
1950 2421 2234 2489 concedas,
2261 2421 2374 2490 ipse
2405 2429 2569 2474 totum
2611 2416 2806 2472 bellum
2844 2414 3111 2471 conﬁciet.
3145 2415 3256 2469 Etsi
3292 2415 3391 2481 ira,

1818 2518 1901 2570 vel
1938 2516 2163 2571 avaritia
2196 2522 2248 2569 te
2270 2524 2410 2578 urat,
2440 2512 2523 2568 vel
2544 2511 2855 2582 quicunque
2898 2510 3038 2563 alius
3068 2509 3387 2579 tyrannicus

1820 2609 2016 2663 anima:
2047 2606 2305 2671 morbus,
2350 2604 2530 2660 statim
2570 2604 2756 2669 adest;
2801 2600 2847 2655 si
2893 2601 3073 2654 videat
3120 2610 3169 2654 te
3205 2598 3383 2651 solum

1823 2710 2014 2756 contra
2031 2699 2243 2753 hostem
2262 2696 2571 2765 expeditum
2595 2702 2650 2749 et
2665 2702 2935 2763 paratum,
2975 2701 3030 2747 et
3080 2689 3256 2744 facilia
3271 2704 3388 2743 om-

1833 2797 1925 2849 nia
1966 2793 2165 2858 reddit,
2206 2802 2366 2862 teque
2393 2790 2611 2844 ﬂamma
2647 2788 2979 2857 superiorem
2998 2784 3305 2846 constituit,
3333 2790 3393 2836 ut

1821 2899 2022 2951 pueros
2051 2885 2173 2939 illos
2204 2885 2259 2939 in
2290 2883 2509 2938 fornace
2532 2878 2889 2948 Babylonica:
2921 2890 3044 2929 nam
3072 2875 3221 2929 etilli
3256 2872 3397 2927 nihil.

1821 2974 1963 3028 aliud
2010 2972 2236 3027 attulere
2272 2986 2429 3041 quam
2468 2969 2815 3023 voluntatem.
2860 2964 2932 3020 Ut
2970 2966 3128 3034 igitur
3167 2972 3221 3018 et
3261 2978 3391 3028 nos,

1823 3080 2035 3121 omnem
2067 3063 2264 3119 illicita:
2299 3061 2582 3130 voluptatis
2624 3058 2892 3112 fornacem
2932 3055 3019 3110 hic
3044 3054 3390 3116 declinantes.

1820 3156 2115 3230 gehennam
2143 3156 2251 3211 illic
2290 3155 2621 3224 eilugiamus,
2651 3150 2765 3205 haec
2793 3148 3030 3219 quotidie
3054 3156 3107 3203 et
3131 3146 3395 3202 delibere-

1822 3266 1962 3317 mus,
1989 3258 2042 3305 et
2070 3262 2337 3310 curemus,
2365 3254 2420 3300 et
2444 3257 2681 3315 agamus,
2709 3251 2820 3295 tum
2846 3256 2910 3295 ex
2937 3240 3024 3310 pio
3051 3238 3175 3293 boni
3204 3236 3393 3307 agendi

1822 3344 2116 3418 proposito,
2159 3352 2267 3396 tum
2300 3337 2659 3409 frequentibus
2683 3334 3009 3390 orationibus
3037 3331 3130 3387 Dei
3157 3331 3389 3386 benevo-

1824 3440 2040 3495 lentiam
2068 3436 2222 3491 nobis
2260 3433 2609 3487 attrahentes.
2634 3428 2723 3485 Sic
2747 3429 2887 3482 enim
2913 3440 2976 3481 ea
3005 3439 3123 3495 qua:
3148 3438 3290 3478 nunc
3315 3424 3396 3477 in-

1823 3529 2115 3587 tolerabilia
2143 3526 2408 3591 videntur,
2438 3523 2633 3584 facilia,
2665 3519 2801 3575 levia
2840 3516 3188 3585 amabiliaque
3217 3524 3389 3569 erunt.

1823 3622 2084 3694 Quamdiu
2121 3620 2260 3675 enim
2291 3618 2342 3673 in
2370 3616 2549 3687 pravis
2582 3612 2856 3668 all'ectibus
2892 3624 3189 3675 versamur,
3222 3609 3397 3661 virtu«

1824 3728 1932 3775 tem
1951 3727 2214 3785 asperam,
2233 3708 2523 3773 difficilem,
2547 3706 2975 3771 inaccessamque
2995 3714 3112 3755 esse
3129 3708 3393 3768 putamus.

1806 3809 2216 3881 ’nequitiamque
2241 3798 2649 3858 desiderabilem
2674 3804 2730 3852 et
2756 3793 3148 3857 dulcissimam;
3189 3790 3236 3844 si
3271 3803 3401 3844 vero

1826 3879 2097 3974 paululum
2136 3913 2167 3951 a
2206 3894 2347 3950 vitiis
2382 3889 2740 3951 discedamus,
2782 3894 2907 3940 tunc
2947 3883 3031 3938 illa
3060 3879 3391 3936 abominabi-

1828 3972 1893 4054 lis
1918 4005 1974 4052 et
1999 3991 2250 4049 deformis
2279 3987 2557 4044 videbitur.
2588 3983 2703 4037 haec
2730 3994 2858 4035 vero
2887 3976 3057 4032 facilis
3095 3983 3149 4029 et
3190 3972 3393 4027 amabi-

1828 4092 1914 4147 lis.
1956 4088 2079 4143 llaec
2123 4100 2281 4156 porro
2320 4080 2526 4134 discere
2573 4075 2724 4129 facile
2771 4084 3055 4153 possumus
3095 4082 3161 4121 ex
3207 4066 3270 4119 iis
3308 4063 3397 4133 qui

1830 4193 1976 4239 recto
2010 4183 2129 4233 vitae
2160 4176 2399 4231 instituto
2434 4170 2760 4225 claruerunt.
2792 4162 2923 4218 Audi
2956 4157 3221 4231 quomodo
3264 4156 3401 4209 Pau-

1832 4277 1913 4331 lns
1941 4273 2061 4328 vitia
2088 4271 2244 4325 etiam
2269 4274 2390 4338 post
2413 4260 2814 4319 conversionem
2842 4252 3030 4324 pudori
3057 4264 3175 4306 esse
3200 4248 3340 4302 dicat
3382 4265 3396 4298 :

1836 4369 1997 4436 Quem
2022 4363 2154 4418 enim
2196 4362 2413 4432 fructum
2439 4351 2689 4408 habebatis
2719 4358 2837 4403 tunc
2876 4348 2929 4399 in
2964 4344 3086 4409 illis,
3123 4341 3185 4395 de
3225 4339 3403 4409 quibus

1833 4474 1969 4514 nunc
1996 4451 2278 4511 erubescitis
2304 4447 2475 4522 (Rom.
2510 4445 2564 4501 6.
2606 4440 2736 4513 2f)?
2768 4439 3026 4493 Virtutem
3066 4442 3244 4490 autem
3284 4440 3404 4503 post

1836 4552 2070 4608 laborem
2100 4548 2271 4601 levem
2300 4541 2612 4609 facilemque
2660 4534 2807 4600 dicit,
2847 4537 3270 4585 momentaneam
3309 4526 3405 4580 tri—

1836 4642 2183 4700 bulationem.
2215 4645 2271 4692 et
2309 4634 2546 4691 laborem
2586 4630 2770 4685 dicens
2798 4623 3049 4679 facilitate
3101 4622 3272 4676 levem
3302 4616 3401 4687 (2.

1838 4737 1954 4792 Cor.
1990 4734 2044 4789 4.
2068 4733 2182 4802 17),
2212 4727 2549 4800 gaudensque
2586 4724 2637 4778 in
2675 4713 3160 4791 passionibus(Cot.
3201 4713 3253 4767 1.
3284 4710 3403 4781 24),

1838 4839 1891 4885 et
1920 4826 2190 4883 exsultans
2217 4822 2268 4875 in
2298 4815 2720 4875 tribulationibus
2750 4811 2923 4881 (Rom.
2953 4808 3004 4864 5.
3032 4804 3106 4878 3),
3136 4806 3407 4873 altumque

1838 4920 2051 4990 sapiens
2091 4915 2144 4969 in
2184 4908 2514 4982 stigmatibus
2563 4912 2783 4976 propter
2831 4900 3102 4956 Christum
3146 4892 3409 4962 susceptis

1842 5010 1983 5083 (Gal.
2012 5008 2067 5063 6.
2096 5004 2207 5076 i7).
2248 5002 2319 5059 Ut
2358 4999 2514 5072 igitur
2540 5006 2596 5052 et
2636 5009 2733 5049 nos
2774 4993 2826 5046 in
2863 4992 2963 5044 hoc
3006 4995 3146 5083 statu
3192 4999 3411 5039 manea-

1842 5072 1982 5165 mus,
2013 5093 2078 5148 iis
2104 5072 2222 5162 qua:
2247 5101 2407 5158 supra
2430 5084 2569 5139 dicta
2598 5087 2722 5135 sunt
2757 5091 2855 5132 nos
2879 5072 3115 5145 quotidie
3139 5083 3411 5125 exornan-

1844 5199 1946 5253 tes,
1983 5194 2038 5241 et
2074 5180 2456 5254 praeteritorum
2484 5174 2877 5231 obliviscentes,
2917 5164 2984 5219 ad
3023 5179 3085 5219 ea
3126 5176 3253 5218 vero
3293 5175 3413 5231 quae

1846 5288 1967 5335 ante
1990 5290 2087 5333 nos
2115 5282 2239 5329 sunt
2274 5287 2372 5326 nos
2400 5282 2612 5337 semper
2634 5259 3003 5323 extendentes,
3033 5271 3277 5326 superna:
3318 5270 3414 5305 vo-

1846 5370 2069 5429 cationis
2091 5367 2328 5424 brevium
2358 5374 2640 5432 sequamur
2683 5374 2696 5411 :
2729 5353 2871 5425 quod
2898 5367 2996 5407 nos
3038 5364 3225 5404 omnes
3252 5363 3403 5401 asse-

1846 5466 1937 5538 qui
1973 5463 2264 5532 contingat,
2309 5454 2478 5527 gratia
2525 5460 2580 5507 et
2626 5446 2953 5520 benignitate
2997 5440 3206 5498 Domini
3250 5441 3416 5496 nostri

1848 5533 1975 5615 lesu
1999 5552 2214 5617 Christi,
2244 5550 2327 5605 cui
2354 5545 2517 5621 gloria
2544 5554 2598 5601 et
2623 5541 2901 5615 imperium
2931 5538 2983 5594 in
3014 5533 3208 5593 saecula
3247 5543 3414 5588 saecu-

1851 5651 2044 5708 lorum.
2084 5647 2274 5702 Amen.
