3856 6180
1128 196 1183 252 ὃ.
1220 194 1495 252 JOANNIS
1522 191 1987 250 CHRYSOSTOMI
2025 189 2339 246 ARCﬂlEP.
2381 188 2906 245 CONSTANTINOP.

3577 187 3709 246 256

453 326 3722 352 Mm

1782 403 2126 466 HOMILIA
2168 406 2369 468 XVII.

453 539 576 592 CAP.
609 537 660 592 5.
692 551 742 588 γ.
769 534 859 590 27.
893 535 1111 589 Audistis
1136 534 1252 604 quia
1291 533 1476 584 dictum
1525 541 1595 583 est
1627 530 1840 597 antiquis
1871 543 1890 583 :
1919 527 2038 582 Non

489 641 491 643 ‘
524 627 863 681 mwcltaberis.
903 624 995 680 28.
1054 623 1162 694 Ego
1191 634 1353 676 autem
1381 621 1492 674 dico
1521 620 1653 673 vobis
1675 661 1688 684 ,
1716 621 1835 688 quia
1876 618 2037 671 omnis

526 719 607 785 qui
653 717 829 771 viderit
867 717 1125 769 mulierem
1163 714 1230 767 ad
1273 710 1724 782 concupiscendum
1759 725 1895 776 eam,
1918 708 2033 778 jam

527 799 798 864 maeclnitus
824 818 894 862 est
922 825 1029 862 eam
1055 808 1107 860 in
1133 807 1282 859 corde
1304 821 1413 859 suo.

528 905 576 958 1.
609 903 892 970 Postquam
919 901 1146 970 primum
1179 896 1482 950 mandatum
1525 890 1824 963 explicandi
1871 890 2032 946 finem

455 996 602 1060 fi-cit,
655 992 889 1063 illudque
938 991 1003 1045 ad
1046 1003 1311 1044 summum
1363 983 1713 1056 philosophia:
1755 981 2030 1046 extendit,

455 1088 644 1143 ordine
693 1085 1008 1156 procedens,
1037 1082 1103 1137 ad
1153 1079 1442 1136 secundum
1487 1075 1824 1147 provehitur,
1851 1074 1901 1127 in
1933 1072 2038 1129 hoc

456 1194 667 1250 quoque
698 1178 797 1248 legi
842 1177 1186 1246 obsequutus.
1233 1171 1394 1242 Atqui
1442 1169 1544 1224 hoc
1592 1184 1696 1223 non
1746 1165 2034 1220 secundum

459 1279 782 1341 praeceptum
813 1277 914 1334 est,
944 1267 1172 1336 inquies,
1200 1263 1296 1318 sed
1341 1262 1574 1316 tertium.
1619 1259 1732 1314 Non
1761 1257 1900 1311 enim
1925 1256 2036 1326 pri-

469 1377 612 1415 mum
643 1369 966 1430 praeceptum
992 1365 1090 1411 est.
1121 1354 1240 1410 Non
1265 1354 1456 1407 occides
1483 1351 1502 1423 (
1526 1350 1670 1404 Deut.
1693 1349 1747 1404 6.
1771 1350 1804 1402 4
1825 1348 1876 1418 );
1905 1346 1996 1402 sed
2018 1366 2034 1402 :

467 1453 711 1508 Dominus
743 1453 878 1506 Deus
921 1461 1037 1504 tuus
1060 1491 1075 1516 ,
1111 1447 1358 1502 Dominus
1385 1463 1514 1499 unus
1543 1453 1631 1498 est.
1657 1441 2036 1508 [Quamobrem

459 1545 800 1619 quaerendum
826 1553 943 1609 est,
974 1557 1068 1596 cur
1094 1556 1198 1595 non
1241 1538 1362 1592 inde
1385 1535 1626 1606 eruperit.
1656 1535 1768 1600 Qua
1814 1533 1882 1586 de
1909 1547 2036 1585 cau-

459 1654 514 1693 sa
547 1635 746 1706 igitur?
773 1634 904 1702 Quia
945 1633 988 1687 si
1030 1632 1150 1685 inde
1181 1629 1450 1698 cmpisset,
1474 1625 1768 1696 oportebat,
1796 1633 1848 1678 et
1892 1623 2036 1677 illam

458 1745 687 1800 augere,
735 1738 793 1783 ct
837 1727 1178 1795 semetipsum
1236 1726 1287 1778 in
1339 1720 1688 1791 explicatione
1735 1716 2035 1788 complecti.

461 1821 701 1876 Nondum
751 1827 927 1872 autem
977 1826 1183 1885 tempus
1233 1823 1350 1870 erat
1400 1813 1466 1868 de
1513 1812 1689 1882 seipse
1740 1807 2037 1878 hujusmodi

461 1911 728 1980 quidpiam
753 1909 966 1963 docere.
1008 1907 1254 1976 Alioquin
1300 1914 1477 1958 autem
1524 1902 1779 1958 moralem
1827 1900 2038 1955 interim

461 2017 761 2057 sermonem
797 2000 1126 2063 babebat,ct
1166 1998 1289 2052 hinc
1337 2006 1389 2050 et
1435 2011 1501 2051 ex
1547 1993 1812 2048 miraculis
1857 1992 2040 2047 volens

463 2093 789 2148 auditoribus
832 2091 1149 2160 persuadere
1178 2105 1236 2144 se
1263 2089 1452 2143 Filium
1487 2087 1576 2141 Dei
1621 2100 1758 2141 esse.
1804 2083 1858 2139 Si
1899 2083 2038 2138 enim

465 2198 744 2254 antequam
797 2184 938 2238 aliud
993 2183 1259 2253 quidpiam
1305 2183 1641 2252 loqueretur,
1690 2186 1781 2231 aut
1821 2177 2038 2238 faceret,

465 2278 641 2332 statim
689 2275 949 2331 dixisset:
981 2276 1220 2332 Audistis
1247 2272 1365 2342 quia
1413 2271 1610 2325 dictum
1658 2277 1739 2322 est
1767 2267 1996 2337 antiquis
2025 2287 2037 2321 :

469 2369 580 2439 Ego
605 2366 856 2422 Dominus
886 2367 1025 2418 Deus
1055 2377 1191 2425 tuus.
1215 2373 1268 2418 et
1310 2373 1505 2432 praeter
1535 2378 1619 2416 me
1645 2376 1748 2415 non
1774 2370 1855 2414 est
1874 2360 2039 2422 alius;

466 2476 568 2531 ego
591 2471 766 2514 autem
793 2459 913 2512 dico
935 2456 1105 2518 vobis,
1131 2465 1185 2510 nt
1222 2465 1277 2511 et
1317 2471 1402 2509 me
1436 2453 1688 2518 adoretis,
1717 2452 1855 2507 sicut
1877 2461 1930 2507 et
1977 2451 2042 2504 il-

469 2553 575 2607 lum
600 2571 614 2606 :
646 2551 696 2604 id
725 2549 1005 2614 effecisset,
1043 2556 1098 2601 ut
1123 2561 1308 2600 omnes
1334 2545 1478 2599 illum
1499 2545 1648 2615 quasi
1669 2544 1928 2599 furentem
1951 2543 2044 2596 ba-

471 2643 676 2697 berent.
701 2639 758 2696 Si
785 2639 927 2694 enim
960 2646 1079 2707 post
1109 2646 1306 2691 tantam
1331 2635 1626 2690 doctrinam
1662 2644 1716 2690 et
1757 2644 1877 2705 post
1901 2644 2044 2689 tanta

471 2737 641 2806 signa,
666 2749 786 2789 cum
811 2732 1042 2786 nondum
1072 2731 1186 2786 lucc
1209 2730 1298 2784 ille
1326 2729 1470 2783 clare
1489 2727 1730 2790 dixisset,
1753 2727 2043 2782 dmmonia-

472 2841 592 2882 cum
623 2825 766 2879 illum
793 2823 1050 2877 vocabant
1076 2820 1270 2890 (loan.
1301 2820 1354 2875 8.
1381 2819 1471 2876 52.
1507 2828 1554 2872 et
1583 2819 1668 2873 10.
1693 2817 1788 2888 20)
1819 2818 1898 2870 :si
1925 2826 2047 2871 ante

475 2919 562 2972 illa
601 2918 776 2971 omnia
816 2915 988 2969 simile
1031 2914 1154 2984 quid
1201 2915 1378 2968 dicere
1418 2912 1759 2972 tentavisset,
1791 2909 1916 2980 quid
1943 2925 2045 2963 non

476 3009 785 3064 dixissent?
811 3007 934 3078 quid
968 3021 1070 3061 non
1113 3005 1472 3076 cogitassent?
1512 3005 1579 3057 At
1603 3019 1726 3056 vero
1753 3002 2048 3056 doctrinam

483 3099 794 3171 hujusmodi
835 3099 904 3152 ad
935 3109 1147 3165 tempus
1171 3107 1189 3130 ⁸
1210 3105 1564 3165 opportumnn
1615 3109 1954 3157 reservasse,
1999 3093 2048 3146 id

480 3199 684 3252 facilem
715 3196 928 3264 parabat
955 3196 1092 3248 viam
1120 3200 1173 3246 ut
1206 3189 1306 3245 hoc
1339 3187 1533 3254 dogma
1554 3200 1581 3238 a
1610 3185 1788 3238 multis
1811 3185 2048 3254 suscipe-

479 3300 642 3347 retur.
665 3288 1022 3356 Quamobrem
1071 3301 1213 3340 nunc
1237 3284 1362 3338 illud
1385 3280 1745 3353 praetermisit;
1762 3289 2045 3350 postquam

479 3400 604 3439 vero
629 3399 723 3454 per
749 3383 897 3452 signa
922 3394 1119 3450 perque
1157 3379 1450 3434 doctrinam
1477 3376 1728 3444 Optimam
1749 3373 1815 3426 ad
1841 3373 1891 3426 id
1916 3386 2051 3439 pra:-

483 3483 746 3545 parasset,
805 3473 980 3527 verbis
1031 3471 1243 3525 demum
1298 3468 1525 3538 idipsum
1577 3464 1848 3520 revelavit.
1905 3463 2055 3518 Nunc

479 3576 622 3620 certe
647 3575 698 3619 et
722 3564 886 3628 signis
906 3573 960 3617 ct
981 3564 1096 3632 ipso
1116 3562 1371 3614 doctrina:
1393 3559 1570 3617 modo,
1593 3557 1840 3625 paulatim
1861 3565 1914 3610 et
1933 3570 2056 3609 sen-

480 3659 578 3711 sim
610 3657 732 3711 illud
763 3657 1016 3709 declarat.
1042 3653 1171 3707 Nam
1198 3670 1318 3706 cum
1351 3659 1610 3720 potestate
1639 3650 1783 3718 leges
1813 3647 1928 3702 illas
1948 3657 2056 3701 sta-

481 3759 628 3803 tuere
647 3750 726 3803 vel
751 3747 1074 3810 reformare,
1107 3744 1156 3799 id
1190 3745 1366 3812 utique
1393 3751 1513 3797 eum
1541 3741 1630 3811 qui
1661 3739 1958 3795 attenderet
2001 3748 2058 3793 et

481 3849 659 3895 mente
685 3841 885 3894 valeret
915 3838 979 3892 ad
1007 3837 1119 3891 veri
1146 3836 1406 3905 dogmatis
1449 3836 1710 3889 rationem
1739 3832 2052 3888 deducebat.

481 3931 936 4000 Obstupescebant
985 3929 1124 3983 enim
1153 3971 1167 3994 ,
1214 3929 1325 3990 ait,
1371 3927 1491 3996 quia
1549 3941 1652 3978 non
1705 3925 1835 3978 sicut
1869 3925 2058 3980 scribae

484 4041 668 4081 eorum
699 4024 922 4079 docebat
943 4026 961 4091 (
981 4022 1165 4086 Matth.
1199 4021 1250 4075 7.
1272 4019 1363 4075 29.
1406 4019 1565 4071 Marc.
1597 4019 1646 4071 1.
1675 4017 1800 4086 22).
1825 4022 1863 4071 Α
1893 4032 2058 4087 gene-

485 4115 687 4170 ralibus
728 4115 922 4185 quippe
947 4112 1088 4167 vitiis
1112 4125 1267 4166 orsus
1290 4152 1305 4178 ,
1335 4110 1402 4164 ab
1432 4109 1506 4164 ira
1554 4123 1744 4178 nempe
1772 4117 1826 4163 et
1859 4123 2057 4162 concu-

486 4208 736 4279 piscentia
755 4206 892 4278 (hare
905 4205 1045 4261 enim
1067 4202 1294 4258 maxime
1310 4200 1638 4274 tyrannidem
1662 4201 1713 4253 in
1735 4199 1887 4254 nobis
1903 4215 2057 4254 exer-

485 4309 641 4366 cent,
670 4306 723 4352 et
753 4307 953 4352 natura:
998 4304 1121 4350 sunt
1147 4293 1314 4364 magis
1357 4290 1636 4362 consona),
1683 4305 1803 4345 cum
1831 4290 2058 4346 auctori-

489 4399 594 4445 tate
612 4389 795 4455 multa,
813 4396 1064 4458 quantum
1095 4385 1314 4440 decebat
1341 4384 1718 4453 legislatorem,
1741 4381 1853 4437 haec
1873 4396 2060 4437 emen—

489 4483 651 4542 davit.
674 4490 726 4536 et
745 4495 866 4535 cum
885 4480 1026 4534 omni
1043 4477 1378 4532 aecuratione
1392 4475 1656 4530 ordinavit
1673 4473 1898 4544 ‘.Ncque
1915 4481 2057 4528 enim

491 4575 622 4629 dixit
643 4581 848 4627 tantum
875 4570 1136 4626 moechum
1165 4584 1350 4639 poenas
1385 4583 1506 4622 esse
1547 4567 1792 4620 daturum
1818 4584 1832 4619 :
1858 4567 1950 4621 sed
1977 4565 2058 4620 id-

493 4668 665 4737 ipsum
693 4665 778 4719 hic
804 4663 926 4718 facit
953 4662 1090 4732 quod
1113 4663 1252 4715 circa
1297 4659 1612 4714 homicidam
1642 4658 1857 4723 fecerat,
1889 4659 2060 4727 impu-

491 4760 614 4814 dico
660 4757 820 4810 etiam
867 4756 1100 4824 aspectui
1149 4767 1333 4822 poenas
1384 4750 1736 4814 denuntians,
1778 4759 1836 4802 ut
1887 4751 2062 4803 discas

493 4848 621 4920 quid
646 4847 717 4904 sit
745 4845 871 4901 illud
891 4845 1030 4915 quod
1056 4844 1188 4898 ultra
1211 4843 1430 4912 scriptas
1450 4841 1594 4910 leges
1612 4841 1915 4911 requiritur.
1938 4837 2061 4895 Ideo

493 4941 624 5002 dicit
648 4958 662 4994 :
689 4939 788 5006 Qui
807 4939 1076 5009 respexerit
1104 4936 1356 4990 mulierem
1379 4934 1445 4987 ad
1465 4933 1909 5004 concupiscendus:
1927 4949 2059 4998 eam,

489 5035 602 5104 jam
628 5031 904 5086 mare/tatus
933 5039 1004 5083 est
1030 5045 1139 5082 eam
1165 5029 1218 5081 in
1246 5026 1395 5081 corde
1420 5041 1548 5089 suo;
1575 5025 1626 5080 id
1650 5035 1734 5080 est
1751 5067 1768 5091 ,
1796 5026 1883 5095 qui
1924 5025 2062 5080 solet

498 5133 718 5179 venusta
738 5138 959 5192 corpora
985 5120 1248 5176 curiosius
1275 5118 1488 5180 intueri,
1521 5117 1783 5187 faciesque
1807 5119 2062 5172 formosas

497 5218 700 5284 venari,
727 5229 782 5272 et
808 5219 908 5270 hoc
953 5215 1253 5286 spectaculo
1273 5213 1504 5268 animum
1525 5227 1760 5283 pascere,
1779 5213 2062 5282 oculosque

499 5309 730 5377 defigere
757 5309 810 5362 in
837 5310 1098 5363 formosos
1127 5309 1320 5361 vultus.
1345 5305 1457 5360 Non
1479 5305 1620 5359 enim
1644 5319 1836 5374 corpus
1860 5313 2062 5357 tantum

503 5402 644 5457 venit
668 5417 696 5454 a
723 5401 878 5455 malis
923 5403 1128 5455 actibus
1149 5401 1373 5454 liberare
1397 5441 1411 5463 ,
1444 5398 1536 5453 sed
1575 5408 1631 5453 et
1666 5398 1894 5452 animmn
1942 5406 2065 5450 ante

501 5509 715 5564 corpus.
760 5493 890 5560 Quia
919 5493 1057 5546 enim
1089 5493 1140 5545 in
1170 5491 1332 5546 corde
1369 5490 1598 5560 Spiritus
1618 5489 1841 5559 gratiam
1873 5486 2065 5556 accipi-

567 5592 582 5617 ι
617 5584 709 5634 Alii
724 5597 819 5633 non
840 5599 850 5644 ι
869 5587 992 5637 auct.
1017 5595 1125 5632 cum
1145 5579 1271 5632 omni
1291 5580 1590 5634 aecuratione
1612 5577 1856 5642 repressit.
1871 5575 2066 5642 (μειε-

505 5651 604 5699 ctio
621 5662 714 5698 non
737 5645 1026 5710 spernenda.

2142 546 2258 585 mus
2278 572 2292 594 ,
2320 545 2414 585 cor
2438 529 2663 599 primum
2694 538 2966 600 expurgat.
3017 528 3085 583 Et
3111 527 3375 598 quomodo
3400 545 3723 600 possumus.

2142 619 2345 688 inquies
2367 661 2383 685 ,
2410 635 2440 674 a
2465 619 2887 690 concupiscentia
2917 619 3168 674 liberari?
3197 619 3419 676 Maxime
3443 621 3672 691 quidem
3703 661 3724 684 ,

2137 710 2180 762 si
2207 711 2448 775 velimus,
2469 725 2746 780 possumus
2771 726 2885 765 eam
2909 713 3265 782 exstinguere,
3288 723 3342 768 et
3367 728 3432 767 ne
3459 721 3728 782 erumpat

2135 801 2426 854 continere.
2447 800 2694 872 Alioquin
2714 812 2888 855 autem
2911 801 2997 856 hic
3017 818 3120 856 non
3145 803 3300 857 modo
3320 806 3723 874 concupiscen-

2137 891 2260 945 tiam
2293 891 2446 956 tollit,
2473 892 2567 948 sed
2591 894 2747 947 etiam
2777 892 2920 948 illam
2962 895 3440 965 concupiscentiam
3473 913 3593 966 qute
3644 913 3720 951 ex

2137 993 2352 1054 aspectu
2389 985 2581 1053 prodit.
2604 983 2734 1040 Nam
2761 985 2849 1055 qui
2878 986 3133 1041 formosas
3169 987 3363 1043 intueri
3390 986 3552 1042 facies
3589 1000 3720 1042 stu-

2139 1075 2226 1130 det
2247 1116 2262 1140 ,
2293 1075 2381 1129 ille
2406 1076 2671 1146 prtecipne
2699 1076 2812 1130 vitii
2859 1076 3126 1132 fornacem
3156 1078 3414 1143 accendit,
3438 1079 3720 1132 animam-

2137 1181 2240 1235 que
2259 1167 2515 1236 captivam
2545 1166 2706 1222 efficit
2729 1210 2744 1234 ,
2772 1177 2823 1222 et
2851 1169 2956 1222 cito
2980 1167 3044 1223 ad
3067 1183 3196 1238 opus
3224 1184 3432 1240 quoque
3462 1170 3718 1224 accedet.

2139 1257 2422 1328 Propterea
2451 1275 2554 1313 non
2580 1259 2731 1327 dixit,
2761 1260 2858 1328 Qui
2882 1262 3205 1331 concupierit
3245 1262 3532 1318 moechari:
3587 1263 3719 1329 sed,

2142 1350 2239 1414 Qui
2258 1351 2524 1419 respexerit
2539 1351 2607 1404 ad
2621 1352 3084 1422 concupiscendum.
3106 1352 3172 1408 Et
3192 1368 3310 1408 cum
3332 1355 3398 1408 de
3422 1347 3495 1407 ira
3523 1354 3716 1424 loQue-

2141 1451 2304 1503 retur.
2332 1440 2723 1496 distinctionem
2775 1441 3055 1512 quamdam
3099 1444 3293 1513 posuit,
3341 1442 3566 1509 Temere,
3626 1443 3717 1498 vel

2141 1531 2266 1587 Sine
2287 1549 2440 1586 causa
2462 1533 2684 1588 dicendo
2704 1550 2719 1598 ;
2743 1534 2827 1587 hic
2846 1549 2973 1589 vero
2997 1549 3102 1589 non
3124 1535 3214 1600 ita,
3238 1534 3330 1591 sed
3355 1536 3518 1590 semel
3543 1545 3716 1590 totam

2139 1624 2616 1696 concupiscentiam
2656 1627 2867 1682 sustulit
2898 1644 2911 1678 :
2940 1629 3143 1683 etiamsi
3179 1629 3293 1684 haec
3340 1629 3497 1684 ambo
3524 1630 3717 1682 innata

2142 1719 2294 1774 nobis
2316 1719 2441 1785 sint,
2467 1727 2524 1774 et
2549 1719 2744 1775 utiliter
2768 1731 2987 1790 utraque
3013 1721 3163 1776 nobis
3191 1722 3389 1786 insint,
3416 1723 3490 1776 ira
3515 1736 3721 1792 nempe

2141 1822 2194 1866 ct
2219 1813 2678 1882 cencnpiscentia;
2734 1814 2816 1867 illa
2845 1825 2901 1867 ut
2930 1815 3194 1884 improbos
3225 1816 3522 1883 puniamus,
3553 1824 3602 1869 et
3635 1817 3721 1868 in-

2140 1903 2460 1970 compositos
2485 1902 2860 1967 emendemus;
2893 1903 3004 1956 lucc
3035 1912 3090 1958 ut
3122 1904 3312 1958 liberos
3337 1908 3714 1974 suscipiamus,

2144 2004 2195 2048 et
2219 2010 2386 2064 genus
2413 2005 2647 2050 nostrum
2679 1997 3014 2052 succeSsioue
3055 2008 3389 2069 propagetur.

2213 2087 2268 2139 ‘2.
2321 2085 2546 2141 Christus
2584 2087 2809 2141 illicitum
2838 2097 3029 2141 tantum
3057 2089 3504 2159 concupiscentiam
3533 2090 3722 2160 prohi-

2145 2179 2240 2231 bet.
2272 2179 2442 2242 Quare
2464 2181 2626 2250 ipsum
2657 2191 2910 2249 aspectum
2930 2181 3169 2236 cohibeat.
3202 2181 3458 2252 Impudici
3482 2194 3723 2254 aspectus

2143 2271 2345 2324 damna.
2368 2302 2435 2311 —
2459 2271 2565 2326 Cur
2590 2287 2716 2343 ergo
2743 2289 2845 2327 non
2875 2271 2959 2328 hic
2994 2275 3152 2328 etiam
3186 2274 3577 2330 distinctionem
3621 2292 3721 2346 po-

2145 2363 2286 2416 suit?
2310 2362 2586 2418 Maximam
2629 2375 2774 2420 cerle
2793 2407 2810 2432 ,
2839 2365 2884 2420 si
2912 2366 3152 2421 attendas
3171 2407 3184 2429 ,
3213 2365 3297 2421 hic
3320 2367 3718 2423 distinctionem

2147 2453 2423 2524 percipies.
2456 2454 2568 2510 Non
2603 2457 2742 2510 enim
2784 2456 3094 2526 simpliciter
3137 2456 3290 2522 dixit,
3320 2458 3419 2525 Qui
3455 2463 3724 2528 concupi-

2146 2548 2312 2612 verit;
2342 2556 2510 2617 potest
2550 2550 2689 2604 enim
2736 2550 2907 2618 quivis
2933 2550 3092 2604 etiam
3138 2551 3190 2604 in
3235 2552 3501 2606 montibus
3529 2553 3718 2607 sedem

2146 2639 2369 2708 habens,
2396 2644 2800 2711 concupisrere;
2832 2643 2945 2711 sed,
2994 2643 3094 2708 Qui
3121 2645 3388 2715 respexerit
3430 2646 3498 2698 ad
3532 2663 3729 2700 concu-

2147 2732 2476 2802 piscendum;
2506 2733 2554 2786 id
2585 2742 2684 2799 est,
2712 2735 2798 2804 qui
2824 2735 2922 2789 sibi
2967 2735 3064 2804 ipsi
3110 2737 3591 2806 concupiscentiam
3627 2750 3718 2791 ac-

2147 2824 2328 2891 cersit,
2378 2839 2467 2894 qui
2511 2826 2719 2880 nemine
2747 2835 2966 2897 cogente
3014 2827 3179 2882 feram
3229 2829 3370 2889 illam
3401 2830 3452 2884 in
3477 2831 3720 2886 sedatum

2115 2923 2120 2928 '
2150 2916 2380 2969 animum
2406 2915 2662 2971 immittit.
2693 2916 2823 2971 Illud
2862 2917 3000 2972 enim
3029 2933 3131 2973 non
3157 2920 3264 2989 jam
3293 2935 3357 2974 ex
3387 2931 3573 2975 natura
3597 2938 3720 2992 pro-

2153 3009 2426 3075 ﬁciscitur,
2457 3009 2548 3064 sed
2579 3025 2643 3064 ex
2681 3009 2898 3065 desidia.
2955 3011 3067 3066 Hoc
3106 3013 3300 3083 quippe
3330 3013 3382 3068 in
3413 3016 3574 3069 veteri
3613 3018 3722 3084 lege

2149 3101 2256 3170 jam
2286 3100 2412 3155 olim
2447 3102 2664 3157 vetitum
2697 3102 2810 3167 fuit,
2843 3119 2961 3172 quae
3009 3105 3086 3160 sic
3130 3105 3288 3160 habet
3321 3123 3333 3160 :
3363 3105 3488 3161 Noti
3530 3108 3722 3162 discere

2153 3190 2570 3262 pulchritudinem
2607 3193 2860 3258 aiienam(
2890 3193 3046 3249 Eccli.
3069 3195 3124 3251 9.
3146 3195 3198 3251 8.
3222 3195 3262 3267 ).
3291 3196 3488 3252 Deinde
3509 3215 3577 3251 ne
3607 3200 3722 3268 quis

2148 3284 2389 3340 diceret:
2416 3282 2548 3353 Quid
2577 3299 2723 3357 ergo,
2755 3285 2798 3338 si
2825 3285 3059 3341 didicero
3081 3328 3095 3353 ,
3126 3296 3306 3343 etnon
3332 3289 3548 3360 capiar?
3578 3291 3722 3344 cohi-

2158 3375 2246 3429 bet
2267 3385 2556 3445 aspectum,
2584 3392 2652 3432 ne
2693 3376 2790 3430 hac
2817 3376 3039 3432 fidenter
3083 3393 3212 3432 usus
3249 3379 3480 3447 licentia,
3509 3379 3563 3434 in
3597 3395 3720 3450 pec-

2155 3478 2327 3522 catum
2356 3466 2632 3536 aliquando
2679 3467 2898 3523 incidas.
2938 3469 3072 3536 Quid
3115 3470 3271 3540 igitur
3314 3471 3360 3526 si
3401 3471 3721 3539 videam,ct

2157 3561 2523 3630 concupiscam
2547 3601 2560 3625 ,
2593 3561 2824 3632 nihilque
2877 3565 2998 3618 mali
3050 3564 3236 3632 agam?
3301 3564 3468 3618 Etiam
3497 3565 3577 3619 sic
3603 3581 3719 3619 cum

2159 3652 2379 3707 mmchis
2407 3654 2700 3707 numeraris
2741 3653 3064 3708 Sententiam
3094 3655 3211 3709 tulit
3238 3655 3525 3725 legislator,
3553 3671 3720 3726 neque

2158 3741 2321 3797 debes
2351 3743 2483 3796 ultra
2525 3744 2734 3798 curiose
2778 3744 3064 3815 inquirere.
3096 3743 3229 3800 Cum
3267 3747 3407 3801 enim
3442 3749 3613 3803 semel
3638 3758 3721 3802 aut

2160 3835 2239 3890 bis
2267 3844 2356 3890 aut
2379 3845 2462 3891 ter
2487 3835 2563 3891 sic
2589 3837 2886 3907 respexeris
2907 3880 2921 3902 ,
2955 3847 3005 3894 te
3033 3838 3166 3894 forte
3193 3839 3391 3908 poteris
3419 3842 3718 3904 continere;

2159 3925 2205 3980 si
2230 3941 2356 3979 vero
2385 3925 2687 3997 frequenter
2711 3928 2760 3982 id
2802 3929 2994 3994 facias,
3027 3939 3080 3984 et
3115 3929 3382 3986 fornacem
3422 3933 3682 3988 accendas
3704 3974 3718 3997 ,

2163 4018 2398 4090 profecto
2421 4019 2646 4088 capieris
2671 4037 2684 4072 :
2715 4035 2818 4074 non
2849 4021 2989 4076 enim
3020 4031 3165 4077 extra
3197 4023 3476 4077 humanam
3505 4024 3641 4080 situs
3667 4040 3717 4080 es

2163 4120 2423 4164 naturam.
2447 4109 2897 4176 Quemadmodum
2919 4126 3045 4182 ergo
3071 4127 3167 4172 nos
3191 4129 3310 4168 cum
3337 4129 3555 4184 puerum
3583 4115 3721 4171 vide-

2162 4215 2278 4257 mus
2305 4201 2530 4272 gladium
2567 4211 2834 4258 tenentem
2856 4245 2869 4267 ,
2898 4205 3102 4259 etiamsi
3133 4206 3364 4261 nondum
3393 4208 3719 4263 vulneratum

2161 4308 2462 4363 cernamus,
2494 4297 2834 4351 verberamus
2875 4305 3048 4352 taiuen
3091 4299 3532 4371 prohibemusque
3556 4318 3628 4357 ne
3651 4303 3722 4356 sic

2165 4402 2410 4456 umquam
2473 4389 2692 4458 attingat
2740 4405 2753 4442 :
2801 4390 2878 4443 sic
2927 4405 3136 4459 quoque
3207 4390 3343 4446 Deus
3404 4391 3721 4461 impudicum

2162 4487 2431 4546 aSpectum
2460 4488 2582 4534 ante
2610 4494 2743 4550 Opus
2770 4480 2926 4544 tollit,
2951 4496 3016 4534 ue
3042 4479 3175 4536 forte
3201 4482 3252 4535 in
3281 4496 3414 4551 opus
3442 4483 3617 4550 ipsum
3644 4483 3723 4536 in-

2163 4571 2420 4627 cidamus.
2461 4570 2591 4626 Nam
2622 4572 2710 4642 qui
2758 4572 2921 4626 semel
2966 4571 3231 4628 ﬂammam
3277 4574 3538 4642 accendit,
3567 4576 3722 4630 etiam

2165 4661 2383 4717 absente
2409 4662 2516 4728 illa,
2541 4677 2698 4732 quam
2723 4663 2972 4732 respexit,
3003 4663 3228 4719 muliere
3246 4707 3261 4726 ,
3288 4680 3463 4719 rerum
3498 4667 3722 4734 turpium

2167 4753 2418 4823 imagines
2447 4752 2545 4809 sibi
2573 4754 2669 4824 ipsi
2700 4753 3002 4823 frequenter
3030 4753 3194 4824 ﬁngit,
3226 4765 3279 4810 et
3302 4771 3368 4810 ex
3395 4755 3522 4825 ipsis
3549 4755 3722 4826 imagi-

2166 4846 2320 4901 nibus
2346 4846 2397 4900 in
2425 4859 2557 4916 opus
2580 4861 2719 4916 szepe
2738 4845 3031 4901 deducitur.
3058 4846 3286 4916 ideoque
3309 4845 3550 4902 Christus
3571 4848 3720 4902 etiam

2167 4940 2332 5002 illum,
2363 4939 2450 5009 qui
2477 4940 2528 4992 in
2555 4941 2731 4993 animo
2769 4932 3002 5008 ﬁngitur,
3033 4939 3226 4993 coitum
3269 4937 3337 4994 de
3367 4939 3541 4994 medio
3569 4940 3718 4996 tollit.

2165 5033 2300 5100 Quid
2340 5034 2495 5104 igitur
2539 5031 2767 5087 dixerint
2791 5032 2826 5086 ii
2851 5033 2936 5102 qui
2967 5047 3144 5087 secum
3193 5024 3490 5088 habitantes
3537 5034 3722 5090 habent

2165 5126 2393 5198 virgines
2414 5125 2527 5197 (a)?
2565 5124 2771 5179 Etenim
2803 5123 3090 5179 secundum
3118 5122 3254 5179 hanc
3275 5123 3466 5196 legem,
3507 5139 3722 5181 sexcen-

2229 5261 2302 5324 (a)
2336 5261 2387 5324 in
2407 5257 2512 5309 Illos
2531 5259 2614 5321 qui
2635 5258 2906 5324 habitantes
2927 5269 3093 5324 secum
3110 5257 3326 5320 virgines
3339 5255 3540 5324 habent,
3553 5256 3718 5306 librum

2169 5317 2318 5374 edidit
2340 5317 2715 5386 Chrysostomus,
2735 5321 2819 5386 _qu_i
2839 5332 2984 5386 casus
3005 5317 3262 5386 fuit_'l’omo
3285 5320 3437 5386 primo
3470 5319 3578 5386 ejus
3609 5327 3718 5386 Ope-

2169 5401 2291 5442 rum,
2314 5383 2407 5433 eoi.
2430 5377 2652 5444 345-562,
2665 5383 2749 5446 ubi
2759 5377 2938 5446 titulus
2947 5382 3017 5430 sic
3031 5381 3198 5446 habret,
3211 5377 3718 5446 οιιὸάρριωξὶειβὲζε

2167 5448 2428 5511 regutares,
2450 5460 2564 5511 cum
2596 5442 2709 5511 an;
2725 5442 2940 5511 habitare
2961 5455 3053 5511 non
3069 5442 3394 5511 debeant-Lupi
3421 5457 3508 5504 per
3531 5442 3714 5511 angni-

2167 5503 2249 5560 ca's
2270 5509 2390 5571 illas,
2414 5503 2629 5571 virgines
2644 5505 2884 5571 intelligit.
2897 5511 2952 5554 ut
2973 5505 3025 5571 in
3047 5511 3147 5554 toto
3161 5503 3312 5571 libelli
3334 5503 3542 5555 decursu
3563 5503 3717 5553 videro

2169 5580 2261 5621 est.
2281 5566 2528 5622 Canonica:
2549 5578 2712 5620 autem
2734 5566 2949 5631 virgines
2971 5566 3064 5616 illa:
3086 5569 3394 5631 vocabantur,
3427 5581 3543 5631 quia
3556 5575 3715 5618 suum

2174 5633 2430 5699 quemdam
2454 5633 2502 5683 in
2523 5632 2735 5685 Ecclesia
2755 5629 2974 5682 ordinem
2998 5629 3227 5680 tenebant
