3872 6276
450 266 558 328 9.57

448 388 546 441 καὶ
583 385 646 438 οὐ
698 385 966 453 τοσαύτην
997 382 1105 436 ἀπὸ
1153 383 1253 453 τῆς
1295 384 1471 453 ὅψεως
1509 383 1869 455 καρπύμεθα
1921 383 2018 454 τὴν

446 467 660 539 ἡδονὴν,
687 467 819 536 ὅσην
839 466 944 518 ἀπὸ
974 464 1069 518 τοῦ
1103 465 1200 536 τὴν
1232 466 1526 533 ἐπιθυμίαν
1556 467 1790 536 αὐξῆσαι
1815 465 2020 537 ταύτην

454 550 800 620 ὑπομένομεν
836 549 936 620 τὴν
977 549 1174 618 λύμην,
1215 550 1430 622 ἰσχυρὸν
1473 551 1747 612 ποιοῦντες
1774 549 1864 603 τὸν
1891 551 2018 604 ἀντ-

448 633 752 704 αγωνιστὴν
771 673 786 696 ,
821 631 916 686 καὶ
945 631 1164 684 πλείονα
1197 633 1428 696 διδόντες
1455 634 1552 705 τὴν
1575 635 1912 706 εὐρυχωρίαν
1942 634 2019 703 τῷ

447 717 695 787 διαϐόλῳ,
725 716 818 769 καὶ
849 717 1030 768 οὐκέτι
1067 716 1340 786 ἰσχύοντες
1361 717 1520 770 αὐτὸν
1551 717 2016 786 ἀποκρούσασθαι,

447 801 578 854 ὅταν
617 802 698 862 είς
728 799 797 852 τὰ
834 799 1087 852 ἐνδότατα
1119 800 1517 869 εἰσαγάγωμεν,
1543 801 1637 852 καὶ
1672 799 2020 853 ἀναπετάσω-

451 899 550 953 μεν
572 882 720 952 αὐτῷ
737 883 835 953 τὴν
864 882 1114 936 διάνοιαν.
1143 883 1239 934 Διά
1265 881 1423 935 τοῦτό
1443 900 1595 954 φησι’
1619 883 1709 954 Μὴ
1731 883 2020 955 μοιχεύσῃς

446 970 557 1029 τοῖς
584 967 900 1038 ὀφθαλμοῖς,
939 967 1032 1020 καὶ
1070 967 1128 1019 οὐ
1163 965 1469 1036 μοιχεύσεις
1501 971 1568 1038 τῇ
1597 967 1824 1039 διανοίᾳ.
1864 969 2019 1022 Ἔστι

446 1051 556 1123 γάρ
588 1053 682 1106 καὶ¹
709 1052 882 1115 ἄλλως
923 1051 1070 1113 ίδεῖν,
1106 1051 1185 1114 ὡς
1212 1052 1262 1103 οἱ
1303 1053 1574 1121 σώφρονες
1605 1050 1875 1121 βλέπουσι.
1919 1051 2019 1106 Διά

444 1137 602 1191 τοῦτο
637 1136 736 1206 οὐχ
769 1135 954 1198 ἁπλῶς
989 1136 1088 1204 τὴν
1137 1135 1259 1206 δψιν
1301 1135 1544 1201 ἀνεῖλεν,
1587 1133 1722 1188 ἀλλά
1755 1135 1852 1206 τὴν
1881 1135 2018 1207 μετά

445 1220 740 1286 ἐπιθυμίας
778 1219 920 1289 ὄψιν.
958 1219 1102 1271 Εἰδέ
1137 1220 1210 1290 μὴ
1248 1217 1406 1271 τοῦτο
1446 1218 1717 1282 ἐϐούλετο,
1747 1215 1898 1272 εἶπεν
1927 1219 2016 1282 ἂν,

455 1303 514 1356 '0
547 1303 758 1374 βλέπων
779 1302 823 1333 ⁹¹
854 1305 1092 1369 γυναῖκα
1129 1301 1344 1365 ἁπλῶς·
1377 1300 1472 1355 νῦν
1503 1301 1560 1354 δὲ
1600 1302 1695 1370 οὐχ
1724 1301 1893 1365 οὕτως
1939 1297 2018 1355 εῖ-

449 1403 578 1450 πεν,
608 1385 744 1450 ἀλλ’,
785 1385 844 1437 '0
872 1385 1086 1454 βλέπων
1108 1385 1244 1455 πρὸς
1277 1384 1338 1436 τὸ
1363 1383 1719 1455 ἐπιθυμῆσαι,
1748 1387 1776 1439 6
1809 1384 2019 1456 βλέπων

443 1471 582 1524 ῶστε
615 1470 809 1540 τέρψαι
845 1469 944 1540 τὴν
975 1469 1116 1538 ὄψιν.
1160 1468 1294 1522 Οὐδέ
1325 1467 1434 1540 γὰρ
1465 1469 1542 1532 είς
1571 1468 1728 1523 τοῦτό
1773 1485 1856 1523 σοι
1893 1470 2020 1534 τοὺς

442 1552 754 1623 ὀφθαλμοὺς
779 1552 1033 1622 ἐποίησεν
1059 1554 1086 1604 ὁ
1114 1551 1265 1616 Θεὸς,
1295 1551 1382 1604 ἵνα
1418 1551 1505 1603 διά
1533 1551 1736 1604 τούτων
1775 1551 2018 1622 μοιχείαν

441 1638 764 1708 είσαγάγῃς,
795 1635 907 1690 ἀλλ’
936 1636 1022 1688 ἵνα
1048 1633 1210 1688 αὐτοῦ
1238 1634 1306 1688 τὰ
1332 1635 1605 1706 κτίσματα
1631 1635 1861 1706 βλέπων,
1888 1635 2018 1690 θαυ-

445 1720 622 1792 μάζῃς
651 1721 743 1774 τὸν
768 1719 1128 1792 Δημιουργόν.
1156 1719 1370 1790 ’Ὥσπερ
1399 1715 1492 1772 οὖν
1531 1719 1676 1773 ἐστιν
1710 1721 1830 1791 εἰκῆ
1863 1720 2017 1794 όργί-

448 1803 658 1869 ζεσθαι,
691 1802 866 1866 οὕτως
890 1802 1038 1857 ἐστιν
1065 1801 1186 1870 εἰκῆ
1212 1803 1375 1873 όρᾷν,
1409 1803 1536 1855 ὅταν
1571 1801 1708 1874 πρὸς
1728 1802 2018 1873 ἐπιθυμίαν

438 1887 598 1940 τοῦτο
630 1889 807 1958 ποιῇς.
834 1887 897 1939 Et
937 1885 1046 1956 γὰρ
1077 1883 1256 1955 βούλει
1285 1886 1417 1956 όρᾷν
1453 1885 1546 1938 καὶ
1567 1885 1888 1956 τέρπεσθαι,
1916 1887 2018 1958 ὅρα

438 1971 538 2042 τὴν
561 1970 758 2025 σαυτοῦ
785 1971 1040 2038 γυναῖκα,
1061 1969 1156 2022 καὶ
1175 1965 1378 2038 ταύτης
1396 1967 1496 2039 ἐρα
1525 1968 1786 2039 διηνεκῶς
1804 1985 1818 1999 °
1843 1969 2019 2034 οὐδεὶς

441 2055 640 2107 κωλύει
679 2053 863 2123 νόμος.
896 2053 960 2105 El
989 2051 1046 2105 δέ
1083 2050 1154 2104 τὰ
1183 2049 1437 2121 ἀλλότρια
1480 2051 1692 2122 μέλλεις
1724 2055 2016 2127 περιεργά-

439 2138 631 2201 ζεσθαι
672 2137 870 2206 κάλλη,
900 2137 1160 2205 κάκείνην
1185 2135 1389 2198 ἀδικεῖς
1415 2135 1646 2206 ἀλλαχοῦ
1680 2139 2020 2208 μετεωρίζων

437 2221 564 2282 τοὺς
579 2219 908 2291 ὀφθαλμοὺς,
926 2221 1020 2273 καὶ
1045 2218 1251 2288 ταύτην
1275 2219 1340 2286 ἦν
1357 2214 1514 2283 εἶδες,
1537 2220 1835 2291 ἁπτόμενος
1851 2222 2019 2294 αὐτῆς

442 2304 790 2375 παρανόμως.
829 2304 888 2357 Εἰ
917 2303 1026 2375 γὰρ
1054 2306 1148 2356 καὶ
1177 2303 1252 2374 μὴ
1291 2303 1414 2373 ἥψω
1440 2305 1506 2374 τῇ
1551 2304 1712 2374 χειρὶ,
1741 2303 1855 2358 ἀλλ’
1885 2306 2019 2376 ἐψη-

437 2387 684 2459 λάφησας
715 2390 826 2450 τοῖς
849 2386 1146 2457 ὀφθαλμοῖς
1167 2402 1180 2414 ·
1209 2387 1298 2440 διὰ
1323 2385 1482 2440 τοῦτο
1503 2388 1596 2441 καὶ
1623 2387 1778 2442 τοῦτο
1805 2391 2017 2461 μοιχεία

435 2473 768 2540 νενόμισται,
815 2472 906 2526 καὶ
939 2471 1043 2542 πρὸ
1081 2469 1182 2540 τῆς
1233 2469 1507 2534 κολάσεως
1544 2472 1758 2542 ἐκείνης
1797 2472 2016 2529 κόλασιν

434 2556 496 2609 οὐ
527 2554 624 2626 τὴν
650 2555 920 2625 τυχοῦσαν
955 2555 1172 2623 ἐπάγει.
1192 2555 1301 2608 Καὶ
1327 2553 1437 2625 γὰρ
1468 2553 1698 2624 θορύϐου
1724 2555 1819 2608 καὶ
1848 2574 2018 2628 ταρα-

433 2639 534 2709 χῆς
567 2639 742 2691 πάντα
798 2638 866 2690 τὰ
912 2637 1058 2690 ἐνδον
1114 2637 1453 2708 πληροῦται,
1486 2637 1579 2692 καὶ
1629 2638 1796 2710 πολλῆ
1850 2641 1946 2711 μὲν
1980 2642 2015 2712 ή

433 2720 593 2792 ζάλη,
621 2721 975 2791 χαλεπωτάτη
1005 2721 1061 2773 δὲ
1099 2722 1133 2792 ή
1168 2720 1348 2791 όδύνη,
1385 2721 1478 2774 καὶ
1510 2721 1618 2774 τῶν
1655 2724 2016 2792 αἰχμαλώτων

432 2805 530 2859 καὶ
561 2805 858 2875 δεδεμένων
884 2804 1034 2857 οὐδὲν
1073 2804 1294 2874 ἄμεινον
1323 2807 1351 2858 ό
1386 2805 1561 2858 ταῦτα
1600 2805 1786 2858 παθὼν
1813 2806 2016 2859 διακεί-

435 2905 605 2942 σεται.
641 2889 752 2941 Kal
777 2891 810 2958 ἡ
847 2888 948 2957 μέν
975 2888 1036 2940 τὸ
1061 2888 1212 2957 βέλος
1241 2889 1442 2957 ἀφεῖσα
1471 2888 1730 2953 πολλάκις
1754 2890 1974 2961 ἀπέπτη
1993 2903 2008 2920 ·

432 2975 468 3043 ή
500 2972 558 3025 δὲ
586 2971 768 3042 πληγὴ
795 2973 889 3023 καὶ
919 2969 1062 3022 οὕτω
1091 2971 1260 3040 μένει.
1289 2970 1505 3024 Μᾶλλον
1533 2971 1591 3024 δὲ
1610 2973 1712 3025 οὐκ
1737 2973 1921 3043 ἐκείνη
1950 2974 2014 3026 τὸ

323 3117 328 3123 ι
377 3069 386 3074 ’
434 3056 588 3126 βέλος
622 3056 862 3126 ἀφῆκεν,
895 3053 1032 3108 ἀλλὰ
1067 3056 1131 3108 σύ
1166 3054 1315 3126 [225]
1344 3055 1564 3126 καιρίαν
1603 3056 1810 3121 ἔδωκας
1837 3058 2014 3130 ἐαυτῷ

430 3139 531 3210 τὴν
566 3139 799 3210 πληγὴν,
829 3136 1144 3200 ἀκολάστως
1193 3136 1335 3192 ἰδών.
1365 3137 1476 3191 Καὶ
1511 3138 1686 3192 ταῦτα
1717 3138 1881 3208 λέγω,
1914 3140 2014 3204 τὰς

433 3221 817 3291 σωφρονούσας
848 3219 1210 3275 ἀπαλλάττων
1249 3220 1348 3292 τῆς
1383 3222 1733 3292 κατηγορίας.
1780 3223 1866 3286 Ὠς
1896 3224 2012 3291 εῑγε

430 3321 515 3368 τις
557 3303 979 3369 καλλωπίζοιτο,
1018 3305 1113 3357 καὶ
1157 3304 1346 3375 καλοίη
1387 3304 1432 3336 ⁸³
1466 3306 1602 3376 πρὸς
1642 3305 1842 3377 ἑαυτὴν
1885 3309 2012 3372 τούς

429 3390 539 3443 τῶν
578 3389 944 3444 ἀπαντώντων
967 3389 1013 3422 ’³
1042 3388 1389 3460 ὀφθαλμοὺς,
1432 3389 1533 3443 κᾶν
1571 3389 1646 3462 μὴ
1700 3391 1876 3463 πλήξῃ
1921 3392 2013 3445 τὸν

432 3476 860 3547 ἐντυγχάνοντα,
911 3474 1065 3544 δίκην
1115 3474 1298 3528 δίδωσι
1344 3475 1442 3547 τὴν
1486 3476 1741 3548 ἐσχάτην.
1787 3477 1861 3530 Τὸ
1901 3479 2012 3548 γάρ

433 3561 724 3632 φάρμακον
753 3560 1008 3632 ἐκέρασε,
1039 3559 1132 3613 καὶ
1156 3559 1218 3613 τὸ
1256 3557 1478 3614 κώνειον
1513 3559 1931 3624 κατεσκεύασεν,
1963 3565 2010 3615 εί

432 3646 526 3700 καὶ
561 3645 634 3716 μὴ
663 3646 759 3717 τὴν
811 3644 1010 3698 κύλικα
1043 3646 1395 3714 προσήγαγεο
1440 3643 1640 3713 μᾶλλον
1680 3644 1736 3696 δέ
1778 3645 1872 3697 καὶ
1913 3644 2012 3716 τὴν

431 3729 630 3781 κύλικα
659 3730 1029 3798 προσήγαγεν,
1076 3729 1125 3780 εί
1168 3729 1263 3780 καὶ
1295 3726 1484 3797 μηδεὶς
1519 3728 1547 3778 ό
1579 3725 1749 3779 πίνων
1785 3726 2006 3798 εὑρέθη.

431 3811 498 3863 Τί
524 3808 618 3865 οὖν
644 3811 765 3881 οὐχὶ
795 3811 889 3864 καὶ
919 3810 1054 3881 πρὸς
1083 3809 1254 3872 αὐτὰς
1291 3809 1632 3877 διαλέγεται;
1670 3810 1853 3879 φησίν.
1889 3810 2010 3863 Ὅτι

431 3895 642 3958 κοινοὺς
675 3895 800 3955 τοὺς
830 3895 1027 3964 νόμους
1056 3893 1330 3963 πανταχοῦ
1361 3893 1563 3963 τίθησι,
1599 3893 1703 3946 κᾶν
1728 3895 1865 3966 πρὸς
1886 3896 2010 3958 τούς

430 3977 628 4048 ἀνδρας
661 3975 1040 4030 ἀποτείνεσθαι
1075 3977 1206 4046 δοκῇ
1228 3977 1278 4008 ⁸⁵
1301 3975 1492 4046 μόνους
1511 3991 1526 4005 ’
1557 3978 1624 4047 τῇ
1657 3976 1765 4048 γὰρ
1799 3977 2006 4048 κεφαλῇ

430 4060 831 4130 διαλεγόμενος,
854 4059 1037 4130 κοινὴν
1057 4060 1102 4093 ’⁸
1128 4057 1378 4130 καὶπρὸς
1401 4058 1462 4112 τὸ
1487 4057 1647 4130 σῶμα
1672 4060 1818 4113 ἀπαν
1850 4065 2008 4114 ποιεῖ-

429 4161 519 4198 ται
547 4145 646 4216 τὴν
675 4144 1015 4217 παραίνεσιν.
1052 4145 1291 4196 Γυναῖκα
1331 4143 1440 4214 γάρ
1479 4145 1571 4197 καὶ
1603 4143 1772 4215 ἄνδρα
1805 4143 1863 4198 ἒν
1898 4141 2008 4199 οἶδε

431 4227 590 4292 ζῶον,
625 4228 719 4280 καὶ
743 4226 982 4298 οὐδαμοῦ
1005 4227 1203 4298 διαιρεί
1232 4227 1294 4279 τὸ
1330 4226 1504 4294 γένος.

502 4310 572 4381 γ’.
609 4313 671 4366 Εί
695 4312 751 4366 δέ
781 4312 873 4366 καὶ
903 4312 1047 4374 ίδίως
1071 4311 1300 4366 ἀκοῦσαι
1329 4311 1508 4381 βούλει
1547 4311 1645 4382 τῆς
1688 4312 1808 4366 κατ’
1830 4312 2008 4369 αὐτῶν

429 4395 792 4468 ἐπιπλήξεως,
837 4395 1066 4451 ἄκουσον
1109 4394 1204 4449 τοῦ
1239 4397 1460 4450 Ἡσαΐου
1483 4395 1732 4465 λέγοντος
1767 4396 1813 4430 ⁸⁸
1837 4398 2007 4453 πολλά

430 4481 567 4552 πρὸς
584 4481 751 4541 αὐτὰς
770 4480 1206 4551 ἀποτεινομένου,
1237 4480 1331 4534 καὶ
1354 4479 1737 4552 κωμῳδοῦντος
1754 4479 1931 4534 αὐτῶν
1946 4483 2006 4536 τὸ

432 4568 648 4634 σχῆμα,
691 4561 752 4615 τὸ
787 4563 1038 4634 βλέμμα,
1071 4565 1171 4634 τὴν
1221 4563 1460 4636 βάδισιν,
1507 4563 1631 4626 τούς
1679 4563 2006 4635 συρομένους

429 4648 689 4716 χιτῶνας,
726 4649 853 4709 τούς
881 4647 1173 4712 παίζοντας
1209 4647 1404 4710 πόδας,
1440 4646 1565 4708 τοὺς
1606 4644 2005 4716 διακλωμένους

427 4730 748 4802 τραχήλους.
772 4730 1036 4783 Ἀκουσον
1061 4731 1178 4802 μετ’
1200 4731 1407 4784 ἐκείνου
1421 4731 1465 4762 ⁸⁷
1483 4729 1579 4783 καὶ
1606 4727 1699 4782 τοῦ
1731 4731 2002 4801 μακαρίου

430 4813 643 4866 Παύλου
678 4812 905 4876 πολλοὺς
947 4815 1138 4876 αὐταῖς
1183 4813 1421 4876 τιθέντος
1456 4812 1676 4882 νόμους,
1717 4813 1811 4866 καὶ
1863 4815 2002 4887 ὑπὲρ

426 4897 631 4970 τριχῶν
657 4897 886 4967 πλοκῆς,
934 4899 1028 4951 καὶ
1061 4898 1203 4968 ὐπέρ
1235 4897 1534 4967 σπατάλης,
1577 4897 1672 4950 καὶ
1718 4897 1858 4969 ὐπέρ
1895 4900 2002 4953 τῶν

428 4982 604 5036 ἀλλων
632 4982 740 5037 τῶν
771 4981 1027 5036 τοιούτων
1061 4982 1306 5054 σφοδρῶς
1353 4981 1711 5053 ἐπιτιμῶντος
1749 4981 1827 5052 τῷ
1855 4983 2002 5050 γένει

425 5068 619 5138 τούτῳ.
648 5069 758 5121 Καὶ
780 5069 810 5122 6
843 5068 1072 5140 Χριστὸς
1099 5067 1157 5122 δέ
1185 5068 1274 5122 διά
1293 5067 1401 5120 τῶν
1430 5066 1555 5137 ἐξῆς
1591 5065 2002 5137 αίνιγματωδῶς

427 5151 560 5204 αὐτὸ
582 5150 739 5205 τοῦτο
767 5151 1025 5223 ἐνέφηνεν
1045 5168 1058 5181 '
1084 5153 1211 5205 ὅταν
1233 5150 1340 5222 γὰρ
1354 5149 1701 5224 λέγῃ,”Εξελε
1723 5151 1815 5203 καὶ¹
1843 5149 2000 5204 ἐκκο-

427 5233 529 5304 ψον
557 5234 648 5288 τδν
674 5235 1114 5302 σκανδαλίζοντα,
1150 5237 1248 5307 τὴν
1281 5235 1417 5306 πρὸς
1454 5233 1668 5296 ἐκείνας
1699 5233 1868 5305 ὀργῆν
1910 5235 1998 5286 ἐν-

428 5316 770 5388 δεικνύμενός
797 5337 949 5390 φησι.
983 5320 1081 5372 Διά
1118 5319 1274 5373 τοῦτο
1313 5318 1404 5372 καὶ
1431 5319 1739 5386 ἐπήγαγεν’
1782 5314 1922 5369 Ἐὰν
1964 5318 1998 5368 ὀ

429 5401 732 5470 ὀφθαλμός
765 5419 880 5456 σου
903 5405 935 5456 ὀ
957 5403 1154 5469 δεξιὸς
1178 5401 1546 5469 σκανδαλίζῃ
1573 5417 1666 5462 σε,
1695 5399 1865 5462 ἐξελε
1889 5399 1994 5452 αὺ-

428 5484 534 5538 τὸν
567 5485 666 5538 κιεί
689 5484 848 5549 ,βάλε
871 5488 989 5540 ἀπὸ
1018 5488 1282 5542 σοῦ.”1να
1305 5487 1413 5557 γὰρ
1443 5485 1518 5556 μὴ
1538 5484 1700 5556 λέγῃς
1725 5492 1742 5510 ⁶
1778 5481 1844 5533 Τί
1875 5477 1989 5543 οὖν.

527 5579 902 5648 ⁹¹γὲμϐλέπων
954 5585 1018 5636 Α.
1076 5581 1138 5636 C.
1242 5582 1287 5614 ”
1341 5581 1494 5634 καλοῖ
1538 5576 1670 5631 Edd.

427 5665 544 5701 πων
591 5647 658 5701 Β.
707 5651 766 5704 D.
823 5650 882 5705 F.
989 5653 1034 5684 ”
1086 5652 1230 5705 δοκεῖ
1276 5651 1332 5703 Β.
1367 5652 1426 5703 Ι).
1464 5651 1523 5703 1³.

427 5722 868 5792 ἀποτεινομένου]
891 5723 1164 5792 καὶάποτ.
1206 5722 1266 5774 Ι).

1121 257 1124 260 ’
1192 264 1252 321 S.
1288 263 1574 320 JOANNIS
1610 261 2093 321 CHRYSOSTOMI
2129 259 2450 320 ABCHIEP.
2483 256 3024 316 CONSTANTINOP.

1776 5574 1823 5606 ”
1874 5575 2234 5631 ἀπαντώντων

1629 5648 1673 5726 ’ξ’
1723 5645 2049 5726 κοινῇηίίξσίιί.
2079 5718 2093 5726 _
2125 5648 2179 5726 ’ξ
2207 5645 2454 5726 λέγοντος
2494 5667 2605 5707 om.
2632 5645 3163 5726 δονίΒιειΑιλπολλά]
3201 5655 3488 5726 καὶπολλὰ
3592 5653 3655 5726 F,

2120 383 2218 438 ἐὰν
2258 382 2526 452 συγγενὴς
2553 375 2623 454 ᾖς
2666 380 2719 432 τί
2756 375 2887 445 οὖν,
2941 379 3036 434 ἐὰν
3073 379 3248 444 ἄλλως
3283 395 3371 449 μοι
3399 378 3690 449 προσήκῃς

2117 466 2205 520 διὰ
2239 465 2397 519 τοῦτο
2425 464 2602 518 ταῦτα
2646 463 3000 536 προσέταξεν,
3029 464 3091 517 οὐ
3131 463 3259 533 περὶ
3302 460 3476 531 μελῶν
3513 461 3696 513 διαλε-

2119 548 2370 620 γόμενος,
2401 549 2578 616 ἄπαγε
2597 564 2609 578 ·
2647 545 2882 616 οὐδαμοῦ
2909 547 3014 619 γὰρ
3039 546 3138 616 τῆς
3162 544 3359 615 σαρκὸς
3391 542 3458 596 τά
3494 542 3694 612 ἐγκλή-

2122 648 2266 702 ματα
2303 626 2439 684 εἷναί
2494 647 2678 700 φησιν,
2708 630 2843 683 ἀλλά
2879 627 3152 698 πανταχοῦ
3197 629 3296 697 τῆς
3334 625 3554 695 γνώμης
3588 627 3693 695 τῆς

2119 716 2360 784 πονηρᾶς
2399 716 2432 785 ή
2459 713 2778 786 κατηγορία.
2815 714 2889 766 Οὐ
2925 713 3034 785 γάρ
3067 716 3094 766 ὁ
3114 711 3387 782 ὀφθαλμός
3410 709 3456 740 ⁸⁸
3485 711 3632 761 ἐστιν
3661 711 3694 762 6

2118 797 2278 870 ὀρῶν,
2297 797 2408 851 ἀλλ’
2433 799 2463 852 ό
2482 796 2606 862 νοῦς
2630 797 2723 850 καὶ
2744 800 2772 851 6
2792 797 3066 868 λογισμός.
3087 796 3349 858 Πολλάκις
3374 793 3502 862 γοῦν
3527 791 3696 845 ἀλλα»

2117 883 2214 953 χοῦ
2245 881 2636 953 τετραμμένων
2673 879 2832 952 ήμῶν
2869 883 2898 934 ό
2935 880 3209 950 ὀφθαλμὸς
3250 879 3377 942 τούς
3414 877 3692 948 παρόντας

2117 967 2178 1019 οὐ
2210 965 2428 1036 βλέπει⁸
2472 963 2611 1018 ὥστε
2637 965 2737 1019 οὐκ
2778 965 2924 1018 ἔστιν
2965 963 3128 1018 αὐτοῦ
3163 965 3262 1035 τῆς
3305 962 3583 1034 ἐνεργείας
3627 961 3695 1014 τὸ

2118 1053 2245 1107 πᾶν.
2277 1052 2340 1104 Et
2369 1049 2476 1120 γάρ
2509 1049 2637 1122 περὶ
2685 1049 2859 1120 μελῶν
2909 1049 3122 1118 ἔλεγεν,
3153 1048 3253 1101 οὐκ
3289 1048 3355 1101 ἂν
3393 1047 3520 1117 περὶ
3559 1045 3684 1108 ἐνὸς

2117 1131 2271 1190 εἶπεν
2295 1132 2596 1204 ὀφθαλμοῦ,
2626 1133 2734 1186 οὐδ’
2764 1133 2831 1186 ἀν
2855 1131 2947 1186 τοῦ
2973 1129 3148 1196 δεξιοῦ
3176 1130 3354 1201 μόνον,
3385 1128 3521 1182 ἀλλά
3554 1146 3622 1180 πε
3633 1128 3691 1197 ρὶ

2117 1217 2464 1288 ἀμφοτέρων.
2512 1216 2572 1269 '0
2600 1217 2710 1287 γάρ
2734 1215 2840 1270 61:6
2871 1214 2964 1269 τοῦ
2992 1213 3164 1279 δεξιοῦ
3185 1212 3689 1280 σκανδαλιζόμενος,

2117 1300 2334 1371 εὐδηλον
2361 1301 2444 1353 ὅτι
2472 1300 2566 1354 καὶ
2591 1299 2696 1352 ὐπὸ
2717 1299 2809 1352 τοῦ
2839 1297 3128 1369 ἀριστεροῦ
3148 1296 3208 1350 τὸ
3237 1295 3366 1348 αὐτὸ
3384 1295 3541 1348 τοῦτο
3569 1293 3694 1346 πεί-

2120 1401 2291 1440 σεται.
2321 1383 2475 1447 Τίνος
2509 1379 2600 1437 οὐν
2629 1383 2811 1437 ἕνεκεν
2853 1381 2944 1436 τὸν
2981 1381 3152 1446 δεξιὸν
3175 1383 3219 1414 ⁸⁸
3247 1379 3431 1451 ἔθηκε,
3460 1378 3553 1432 καὶ
3584 1377 3694 1450 τὴν

2118 1473 2276 1543 χεῖρα
2313 1466 2651 1539 προσέθηκεν
2672 1484 2687 1533 ;
2712 1467 2832 1520 ’Ὶνα
2867 1465 3044 1538 μάθῃς
3071 1465 3153 1519 ὅτι
3190 1463 3250 1517 o6
3281 1463 3409 1534 περὶ
3450 1461 3627 1534 μελῶν
3658 1462 3696 1514 6

2117 1551 2295 1620 λόγος.
2326 1549 2463 1605 ἀλλά
2510 1550 2640 1620 περὶ
2671 1549 2778 1603 τῶν
2810 1549 3024 1614 οἰκείως
3070 1549 3206 1621 πρὸς
3243 1549 3391 1620 ἡμᾶς
3432 1544 3691 1618 ἐχόντων.

2121 1637 2220 1688 Ἀν
2242 1635 2351 1706 γάρ
2374 1651 2496 1687 τινα
2516 1633 2654 1687 οὓτω
2686 1632 2866 1705 φιλῇς,
2897 1634 3082 1704 φησὶν,
3115 1632 3189 1697 ὡς
3217 1634 3273 1685 ἐν
3298 1630 3449 1702 χώρα
3467 1632 3484 1663 ⁸
3509 1631 3694 1698 δεξιοῦ

2116 1717 2416 1790 ὀφθαλμοῦ,
2461 1717 2495 1788 ή
2545 1717 2686 1771 οὕτω
2716 1718 2983 1788 χρήσιμον
3027 1712 3166 1770 εἶναι
3217 1716 3462 1788 νομίσῃς,
3501 1714 3578 1779 ὡς
3630 1714 3697 1767 ἐν

2116 1803 2266 1871 τάξει
2291 1803 2434 1874 ἔχειν
2457 1801 2654 1872 χειρὸς,
2689 1802 2784 1855 καὶ
2818 1800 3026 1873 βλάπτῃ
3053 1803 3074 1833 ²
3105 1817 3199 1854 σου
3227 1800 3325 1872 τὴν
3363 1799 3558 1870 ψυχήν,
3595 1797 3698 1850 καὶ

2117 1887 2338 1950 τούτους
2365 1885 2627 1957 ἀπότεμε.
2665 1886 2776 1940 Καὶ
2803 1885 2905 1957 δρα
2941 1885 3040 1957 τὴν
3076 1886 3332 1956 ἔμφασιν.
3365 1885 3440 1938 Οὐ
3467 1883 3577 1954 γάρ
3608 1877 3698 1934 εἷ·-

2118 1989 2240 2036 πεν,
2274 1969 2566 2040 Ἀπόστηθι
2586 1985 2602 2002 ο
2619 1968 2756 2022 ἀλλά
2783 1969 2873 2022 τὸν
2901 1969 3067 2023 πολύν
3092 1968 3366 2040 χωρισμὸν
3387 1966 3698 2038 ἐμφαίνων,

2122 2056 2355 2121 Ἔξελε,
2380 2055 2534 2124 φησὶ,
2561 2054 2659 2108 καὶ
2689 2053 2849 2119 βάλε
2869 2053 2987 2107 ἀπὸ
3026 2054 3165 2107 σοῦ.
3190 2049 3321 2106 Εἶτα
3351 2052 3534 2122 ἐπειδὴ
3561 2051 3700 2104 ἀπο-

2117 2144 2296 2210 τόμως
2326 2139 2596 2202 ἐκέλευσε,
2616 2138 2856 2191 δείκνυσι
2889 2136 3040 2209 [226]
3068 2137 3163 2190 καὶ
3194 2138 3254 2190 τὸ
3284 2137 3469 2208 κέρδος
3501 2135 3700 2189 ἐκατέ-

2120 2222 2312 2295 ρωθεν,
2343 2221 2451 2274 ἀπό
2477 2237 2537 2273 τε
2561 2221 2669 2273 τῶν
2701 2219 2944 2289 ἀγαθῶν,
2977 2220 3085 2274 ἀπό
3110 2237 3166 2274 τε
3198 2221 3306 2274 τῶν
3332 2218 3532 2272 ’κακῶν
3563 2221 3697 2272 ἐπι-

2121 2305 2298 2376 μένων
2321 2307 2388 2376 τῇ
2416 2305 2725 2376 μεταφορᾷ’
2762 2302 3052 2373 Συμςοέρει
3079 2301 3188 2373 γάρ
3219 2319 3338 2367 σοι,
3370 2303 3551 2372 φησιν,
3587 2302 3697 2355 ἵνα

2117 2390 2411 2457 ἀπόληται
2427 2388 2496 2442 ἐν
2515 2387 2634 2442 τῶν
2650 2386 2854 2458 μελῶν
2870 2403 3008 2454 σου,
3026 2387 3126 2442 καὶ
3149 2388 3236 2458 μὴ
3257 2387 3405 2442 ὅλον
3425 2387 3490 2441 τὸ
3517 2385 3696 2456 σῶμά

2116 2491 2232 2530 σου
2257 2473 2467 2544 ,βληθῇ
2492 2475 2579 2540 είς
2616 2472 2887 2542 γέενναν.
2929 2473 3097 2527 Ὅταν
3135 2473 3270 2543 μήτε
3302 2470 3491 2526 ἑαυτὸν
3519 2470 3541 2502 ³
3565 2471 3692 2525 δια-

2119 2557 2287 2632 σώζῃ,
2326 2560 2420 2613 καὶ
2459 2559 2520 2612 σὲ
2551 2556 2961 2632 προσαπολλύῃ,
3003 2558 3132 2612 ποία
3165 2557 3540 2628 φιλανθρωπία
3573 2557 3691 2627 ἀμ-

2117 2643 2375 2714 φοτέρους
2401 2640 2907 2708 καταποντίζεσθαι,
2927 2639 3047 2706 ἐξὸν
3068 2640 3440 2712 χωρισθέντων
3467 2639 3568 2694 κᾶν
3587 2639 3693 2693 ἕνα

2119 2724 2390 2795 σωθῆναι;
2435 2724 2501 2777 Τί
2533 2719 2626 2778 οὖν
2671 2727 2702 2778 ό
2740 2724 2950 2789 Παῦλος
2991 2724 3194 2790 είλετο,
3223 2725 3406 2794 φησὶν,
3440 2722 3694 2793 ἀνάθεμα.

2113 2809 2364 2876 γενέσθαι
2389 2825 2404 2872 ;
2435 2808 2547 2876 Οὐχ
2579 2805 2718 2861 ῶστε
2755 2810 2921 2879 μηδὲν
2951 2808 3225 2879 κερδᾶναι,
3251 2806 3364 2861 ἀλλ’
3392 2806 3531 2860 ῶστε
3563 2807 3683 2860 ἐτέ-

2117 2903 2242 2962 ρους
2275 2894 2531 2963 σωθῆναι.
2569 2891 2833 2946 Ἐνταῦθα
2855 2894 2912 2946 δέ
2935 2892 3258 2964 ἀμφοτέρων
3276 2894 3311 2963 ή
3341 2891 3512 2962 βλάϐη
3542 2891 3693 2960 γίνεσ-

2113 2992 2233 3027 ται·
2266 2975 2453 3046 διόπερ
2497 2976 2599 3028 οὐκ
2637 2971 2824 3040 εἶπεν,
2869 2977 3114 3040 Ἐξελε,
3153 2975 3308 3046 μόνον
3331 3013 3346 3036 ,
3389 2974 3526 3028 ἀλλά
3565 2975 3691 3038 καὶ,

2112 3058 2268 3112 Βάλε
2288 3058 2405 3112 ἀπὸ
2430 3057 2568 3124 σοῦ,
2589 3059 2731 3114 ὥστε
2757 3059 2781 3092 ⁸
2812 3060 3008 3131 μηκέτι
3044 3059 3360 3131 λαμϐάνειν,
3385 3057 3479 3111 ἐάν
3507 3057 3691 3112 τοιοῦ-

2111 3157 2200 3204 τος
2241 3141 2398 3214 μένῃ.
2438 3141 2593 3196 Οὕτω
2625 3143 2735 3214 γὰρ
2776 3145 3026 3198 κάκεῖνον
3071 3142 3313 3213 μείζονος
3360 3140 3695 3207 ἀπαλλάξεις

2111 3223 2476 3296 ἐγκλήματος,
2501 3225 2595 3279 καὶ
2625 3227 2814 3280 σαυτὸν
2843 3225 3114 3289 ἀπωλείας
3135 3215 3691 3294 ἐλευθερώσειςίἿνα

2113 3308 2170 3362 δὲ
2194 3309 2287 3362 καὶ
2311 3309 2640 3380 σαφέστερον
2673 3309 2787 3381 ῖδῃς
2817 3309 2912 3362 τοῦ
2939 3309 3103 3380 νόμου
3132 3309 3193 3362 τὸ
3210 3308 3418 3379 κέρδος,
3440 3309 3488 3361 εί
3515 3307 3686 3372 δοκεῖ,

2112 3391 2205 3444 καὶ
2238 3391 2330 3444 ἐπὶ
2359 3393 2608 3462 σώματος
2639 3393 2759 3446 καθ’
2784 3392 3038 3446 ὑπόθεσιν
3066 3391 3407 3461 ἐξετάσωμεν
3437 3391 3498 3445 τὸ
3527 3393 3689 3464 εἰρη-

2115 3477 2296 3546 μένον.
2319 3477 2384 3530 El
2413 3476 2522 3549 γάρ
2572 3478 2784 3548 αἵρεσις
2825 3475 3135 3548 προύκειτο,
3175 3478 3270 3530 καὶ
3304 3476 3514 3548 ἀνάγκη
3542 3472 3612 3548 ἦν
3647 3479 3684 3550 ἢ

2110 3559 2202 3614 τὸν
2242 3560 2521 3630 ὀφθαλμὸν
2569 3559 2760 3631 ἔχοντα
2811 3559 3147 3630 ἐμϐληθῆναι
3203 3562 3284 3624 εἰς
3317 3560 3533 3632 ὄρυγμα
3586 3564 3689 3616 καὶ

2112 3643 2427 3706 ἀπολέσθαι,
2473 3643 2506 3715 ἢ
2549 3643 2796 3710 ἐξελόντα
2828 3643 2893 3696 τὸ
2923 3643 3106 3696 λοιπὸν
3150 3643 3320 3696 σῶσαι
3357 3643 3536 3714 σῶμα,
3571 3639 3687 3716 ἆρα

2111 3727 2209 3780 οὐκ
2233 3727 2300 3780 ἂν
2323 3729 2384 3780 τὸ
2414 3727 2664 3797 δεύτερον
2684 3727 2876 3794 ἐδέξω;
2907 3728 3074 3780 Παντί
3101 3744 3202 3779 που
3240 3727 3395 3796 δῆλόν
3421 3729 3582 3782 ἐστιν.
3605 3731 3682 3783 Οὐ

2110 3811 2217 3880 γὰρ
2243 3810 2525 3879 μισοῦντος
2546 3807 2614 3880 ἦν
2638 3809 2792 3862 τοῦτο
2818 3811 2908 3863 τὸν
2931 3809 3225 3881 ὀφθαλμὸν,
3254 3810 3388 3863 ἀλλά
3409 3810 3468 3863 τὸ
3497 3810 3682 3864 λοιπὸν

2111 3892 2390 3960 φιλοῦντος
2437 3893 2614 3963 σῶμα.
2652 3893 2821 3947 Τοῦτο
2851 3893 2916 3966 δὴ
2955 3893 3046 3946 καὶ
3092 3893 3179 3946 ἐπ’
3222 3892 3431 3964 ἀνδρῶν
3463 3893 3680 3961 λογίζου

2111 3977 2203 4030 καὶ
2226 3976 2519 4045 γυναικῶν.
2557 3977 2619 4030 El
2647 3978 2754 4047 γὰρ
2776 3979 2804 4030 6
2832 3977 3083 4048 βλάπτων
3103 3994 3159 4030 σε
3192 3980 3255 4048 τῇ
3284 3976 3436 4048 φιλία
3461 3977 3683 4046 ἀνίατος

2112 4060 2262 4130 μένοι
2283 4060 2326 4124 ⁵,
2355 4060 2450 4113 καὶ
2485 4060 2545 4113 σέ
2563 4059 2735 4131 λύμης
2765 4060 3058 4125 ἀπαλλάξει
3083 4060 3260 4130 πάσης
3283 4061 3680 4132 ἐκκοπτόμενος

2108 4142 2249 4196 οὕτω
2293 4145 2349 4207 ⁸,
2405 4142 2499 4196 καὶ
2552 4144 2714 4208 αὐτὸς
2763 4144 2872 4197 τῶν
2917 4143 3178 4215 μειζόνων
3239 4143 3680 4219 ἀπαλλαγήσεται

2109 4226 2487 4297 ἐγκλημάτων,
2521 4227 2702 4281 οὐκέτι
2734 4227 2871 4298 μετὰ
2896 4227 3003 4280 τῶν
3027 4227 3191 4280 αὐτοῦ
3217 4227 3402 4281 κακῶν
3449 4228 3543 4280 καὶ
3578 4231 3682 4298 τῆς

2110 4309 2211 4381 σῆς
2241 4311 2518 4375 ἀπωλείας
2543 4311 2634 4366 τὸν
2663 4311 2818 4380 λόγον
2841 4312 3073 4382 ὑπέχων.
3106 4307 3255 4374 Εἶδες
3280 4312 3298 4341 ⁷
3319 4311 3449 4382 ὅσης
3475 4312 3680 4382 ἡμερό-

2106 4411 2266 4466 τητος
2296 4397 2325 4450 6
2351 4396 2513 4468 νόμος
2535 4397 2694 4467 γέμει
2731 4397 2824 4450 καὶ
2861 4395 3220 4467 κηδεμονίας;
3253 4395 3347 4448 καὶ⁵
3379 4397 3411 4466 ἡ
3444 4393 3678 4450 δοκοῦσα

2109 4479 2255 4548 παρὰ
2284 4483 2396 4544 τοῖς
2425 4480 2637 4546 πολλοῖς
2665 4481 2937 4551 ἀποτομία
2959 4471 3124 4545 εἶναι,
3153 4479 3325 4548 πόσην
3342 4479 3675 4534 ἐνδείκνυται

2107 4561 2553 4634 φιλανθρωπίαν;
2591 4565 2960 4618 ’Δκουέτωσαν
2987 4565 3189 4618 τούτων
3217 4566 3264 4616 οἰ
3287 4565 3422 4634 πρὸς
3453 4562 3520 4617 τά
3549 4563 3675 4618 θέα-

2103 4664 2208 4718 τρα
2243 4648 2596 4711 σπεύδοντες,
2637 4648 2730 4702 καὶ
2761 4649 2980 4719 μοιχοὺς
3013 4648 3238 4710 ἐαυτούς
3271 4646 3391 4700 καθ’
3437 4648 3673 4719 ἑκάστην

2105 4731 2382 4794 ποιοῦντες
2415 4731 2515 4804 τὴν
2561 4732 2794 4806 ἡμέραν.
2824 4733 2887 4786 EE
2925 4731 3034 4802 γὰρ
3069 4730 3160 4784 τὸν
3202 4730 3546 4786 οἰκειωθέντα
3574 4733 3673 4786 ἐπὶ

2105 4811 2276 4886 βλάϐῃ
2305 4815 2589 4870 ἐκκόπτειν
2613 4816 2642 4868 ό
2667 4816 2827 4888 νόμος
2854 4814 3084 4880 κελεύει,
3100 4815 3221 4869 τίνα
3249 4813 3314 4870 ἂν
3341 4815 3513 4885 ἔχοιεν
3539 4815 3675 4870 ἀπο-

2103 4896 2289 4966 λογίαν
2318 4899 2368 4951 οί
2391 4899 2518 4962 τοὺς
2542 4899 2752 4954 οὐδέπω
2776 4901 3098 4970 γενομένους
3127 4899 3436 4971 γνωρίμους
3456 4898 3543 4952 διά
3569 4898 3672 4968 τῆς

2104 4983 2220 5035 ἐκεῖ
2245 4982 2526 5053 διατριϐῆς
2570 4982 2692 5034 καθ’
2727 4983 2964 5053 ἑκάστην
3003 4983 3376 5052 ἐπισπώμενοι
3406 4981 3501 5052 τήν
3531 4983 3672 5052 ήμέ-

2103 5082 2226 5134 ραν,
2256 5065 2350 5118 καὶ
2385 5065 2584 5136 μυρίας
2626 5067 3120 5132 κατασκευάζοντες
3151 5067 3361 5130 ἑαυτοῖς
3396 5066 3671 5130 ἀπωλείας

2100 5150 2381 5220 ἀφορμάς;
2411 5150 2485 5202 Οὐ
2507 5149 2615 5222 γὰρ
2639 5151 2795 5223 μόνον
2823 5151 3133 5217 ἀκολάστως
3161 5153 3286 5206 ίδεῖν
3309 5153 3370 5207 οὐ
3399 5156 3672 5224 συγχωρεῖ

2099 5231 2316 5285 λοιπόνο
2364 5231 2480 5285 ἀλλ’
2531 5234 2730 5306 ἐπειδὴ,
2757 5236 2857 5306 τὴν
2889 5237 2954 5290 ἐκ
2994 5236 3089 5290 τοῦ
3135 5236 3457 5308 πράγματος
3499 5236 3666 5301 ἔδειξε

2101 5315 2324 5386 βλάϐην,
2363 5317 2458 5370 καὶ
2497 5318 2754 5373 ἐπιτείνει
2797 5319 2886 5372 τὸν
2917 5319 3080 5390 νόμον
3118 5319 3350 5392 προϊὼν,
3378 5321 3666 5374 ἐκκόπτειν

2099 5398 2334 5454 κελεύων
2366 5401 2460 5456 καὶ
2481 5402 2810 5474 ἀποτέμνειν
2832 5404 2927 5457 καὶ
2951 5404 3140 5477 πόρρω
3161 5423 3264 5460 που
3296 5405 3527 5477 βάλλειν.
3551 5407 3664 5460 Καὶ

2097 5483 2265 5537 ταῦτα
2309 5485 2338 5537 6
2371 5485 2594 5556 μυρίους
2623 5488 2749 5557 περὶ
2785 5487 3003 5558 ἀγάπης
3034 5490 3258 5560 κινήσας
3291 5489 3479 5560 λόγους
3503 5507 3664 5561 νομο-

2345 5577 2436 5635 Sic
2493 5580 2560 5637 Α.
2615 5581 2680 5636 C.
2731 5581 2830 5653 Ep_.
2879 5582 3246 5653 ἀπάντωνῨΕ.
3301 5583 3396 5639 Ge.
3452 5582 3663 5653 ἀνθρὼ-

1343 5723 1386 5753 ⁹⁷
1409 5717 1700 5794 ἐκεῖνονΑ.
1844 5718 1908 5794 Αθξ
1938 5716 2235 5794 ὀφθαλμός]
2261 5720 2393 5794 _adtj:
2434 5738 2527 5775 σου
2549 5726 2614 5778 Α.
2636 5723 2706 5778 C.
2876 5721 3123 5794 ’νθδεξιόνι
3144 5716 3266 5777 Fului.
3299 5717 3652 5794 ὀφθαλμόνΑξ

427 5788 613 5872 §9qxs|
645 5786 868 5872 τέθεικε
887 5791 946 5872 Ιξ.
975 5791 1072 5872 Ep.
1097 5787 1218 5872 εἷπε
1379 5787 1610 5872 ’-χωρή
1639 5786 1985 5872 οιίιί..τιθέναι

2112 5786 2170 5844 C.
2194 5786 2391 5872 δεξιοῦ]
2429 5793 2721 5872 θᾼόάἰξέχειν
2754 5793 2812 5872 Β..
2841 5863 2865 5872 _
2889 5793 2910 5823 '
3412 5786 3656 5872 (ἷ-Ῐνιιιβο

429 5856 673 5940 βλάπτει.
691 5858 931 5940 τούτοιςλ
960 5856 1232 5940 τοῦτονΛᾼ.
1261 5861 1325 5915 (Ζ.
1401 5856 1652 5940 τέαυτῆν
1677 5858 1736 5910 Β.
1763 5856 1819 5910 1³.
1852 5873 1986 5940 μην.
2019 5856 2416 5940 προσαπόλλυσι
2441 5864 2511 5940 Α...

2793 5862 2995 5932 δῶστε]
3027 5864 3101 5934 ῶς
3125 5862 3191 5920 Ἀ.
3218 5867 3277 5920 (3.
3315 5867 3375 5920 Ε.
3449 5866 3468 5895 ⁸
3501 5865 3657 5934 μένει

426 5930 568 5987 ΑΛΣ.
642 5933 662 5964 ⁸
691 5932 855 6012 οὓτω]
879 5927 1032 5994 οὗτος
1053 5936 1116 5984 Α.
1147 5932 1210 5985 (Σ.
1238 5943 1288 5986 ιιι
1319 5948 1462 5984 corr.
1499 5929 1552 5981 Β.
1592 5927 1732 5981 οὖτα.)
1757 5945 1866 5980 (nu.
1901 5927 1958 5979 Ρ.

2112 5927 2265 5993 ΞῖδεςΙ
2307 5930 2436 5988 Vide
2473 5933 2607 5988 Edd.
2643 5933 2796 6007 ὅσης]
2827 5927 2996 6004 πόσης
3030 5933 3087 5987 Ε.
