3856 6180
110 243 211 299 25Ἰ

110 357 179 413 tis
198 354 275 410 rei
298 353 498 409 fuerint
526 352 978 418 fornicationibus,
1010 354 1242 424 quotidie
1267 357 1383 411 illas
1407 371 1526 410 cum
1556 373 1682 411 con-

94 447 436 517 cupiscentia
476 445 765 501 intuentes.
793 442 1017 521 Ideoque
1046 447 1230 501 beatus
1263 446 1363 503 Job
1407 448 1543 503 hanc
1580 449 1680 502 sibi

108 539 282 608 legem
312 553 341 590 a
372 536 633 607 principio
674 537 868 605 posuit,
914 551 972 590 se
1016 537 1210 607 ubique
1246 538 1501 593 cohibens
1531 540 1682 594 a'tali

108 630 415 698 spectaculo
437 628 574 698 (Job
603 629 692 683 51.
728 628 815 698 9).
843 627 971 683 Nam
998 639 1143 684 certe
1170 640 1288 698 post
1310 642 1581 699 aspectum
1617 646 1684 685 ne

110 720 305 777 fruaris
346 720 436 773 illa
483 735 640 790 quam
669 734 848 781 amas,
876 719 1046 789 majus
1074 730 1157 775 est
1178 731 1447 776 certamen
1475 739 1489 777 :
1514 737 1684 792 neque

109 822 309 867 tantam
337 810 409 865 ab
436 820 652 881 aspectu
697 811 1014 881 percipimus
1058 811 1402 881 voluptatem,
1434 821 1682 881 quanlam

106 903 479 974 acupiditatis
523 912 806 973 augmento
857 902 1162 972 experimur
1209 903 1529 973 perniciem,
1560 904 1683 958 dum

108 994 245 1047 hosti
273 992 644 1048 fortitudinem
680 994 1024 1053 accersimus.
1051 1001 1110 1048 et
1133 993 1349 1049 diabolo
1393 995 1562 1065 majus
1592 1012 1686 1049 no-

106 1084 261 1138 cendi
288 1084 525 1153 spatium
568 1094 621 1139 et
665 1084 837 1138 locum
881 1084 1107 1139 damus:
1136 1094 1194 1140 ut
1222 1100 1394 1157 neque
1419 1088 1684 1157 possimus

110 1177 178 1230 illi
208 1176 486 1239 resistere,
512 1186 789 1246 postquam
822 1176 872 1230 in
901 1177 1082 1231 intima
1102 1177 1280 1233 cordis
1305 1178 1452 1233 illum
1478 1179 1687 1234 induxi-

111 1285 247 1335 mus,
275 1279 331 1323 et
356 1256 620 1340 apertum'
646 1270 745 1339 ipsi
784 1270 1013 1323 animum
1062 1268 1430 1340 expandimus.
1487 1272 1688 1327 Idcirco

112 1362 181 1415 ait
207 1379 223 1415 :
245 1360 371 1416 Noli
395 1360 651 1416 mmchari
679 1362 845 1416 oculis
864 1403 880 1426 ,
909 1371 965 1415 et
983 1361 1162 1416 animo
1192 1377 1297 1417 non
1314 1362 1684 1419 mtecbaberis.

115 1453 204 1508 Est
226 1452 376 1507 enim
403 1461 459 1507 et
495 1452 630 1507 alius
656 1451 945 1522 aspiciendi
992 1453 1180 1507 modus
1200 1493 1216 1519 ,
1246 1465 1305 1508 ut
1330 1455 1461 1509 casti
1487 1455 1688 1509 scilicet

113 1544 394 1615 aspiciunt.
428 1544 659 1615 Ideoque
686 1560 793 1599 non
823 1545 1133 1616 simpliciter
1159 1556 1428 1615 aspectum
1456 1548 1684 1614 sustulit,

114 1637 199 1691 sed
239 1646 527 1708 aspectum
555 1652 675 1692 cum
710 1638 1153 1706 concupiscentia.
1208 1637 1319 1692 Nisi
1343 1638 1483 1694 enim
1510 1638 1562 1693 id
1586 1640 1687 1695 sibi

114 1730 387 1794 voluisset,
449 1728 673 1784 dixisset
723 1729 924 1798 utique,
969 1729 1069 1796 Qui
1125 1729 1341 1799 respicit
1375 1729 1684 1792 mulierem,

115 1820 428 1890 simpliciter
452 1838 468 1873 :
496 1835 603 1875 non
629 1820 706 1875 sic
729 1830 905 1875 autem
931 1820 1100 1885 dixit,
1128 1820 1244 1888 sed,
1276 1820 1373 1889 Qui
1396 1822 1690 1891 respexerit

114 1912 175 1966 ad
207 1910 720 1981 concupiscendum,
748 1911 836 1981 qui
863 1911 1179 1981 respexerit,
1208 1922 1268 1966 ut
1293 1921 1561 1980 aspectum
1591 1910 1689 1965 de-

117 2005 290 2060 lectet.
334 2003 459 2059 Non
485 2003 629 2058 enim
657 2002 778 2058 ideo
808 2002 900 2057 tibi
930 2003 1067 2057 Deus
1094 2003 1276 2058 oculos
1300 2002 1479 2071 dedit,
1503 2012 1561 2058 ut
1586 2002 1690 2057 illis

112 2094 173 2148 ad
194 2095 605 2151 fornicationem
626 2093 973 2148 inducendam
996 2093 1183 2159 utaris,
1206 2093 1300 2149 sed
1323 2102 1380 2149 ut
1404 2097 1520 2164 ejus
1540 2108 1690 2150 crea-

123 2200 258 2241 turas
332 2189 546 2253 videns,
595 2188 903 2244 Creatorem
951 2189 1181 2244 mireris.
1237 2190 1688 2259 Quemadmodum

112 2294 233 2349 ergo
305 2279 428 2335 ﬁeri
479 2287 652 2350 potest
692 2289 752 2335 ut
814 2289 1017 2337 temere
1083 2281 1329 2337 irascaris
1378 2300 1391 2336 :
1439 2282 1510 2336 ita
1579 2283 1690 2337 Iieri

117 2382 283 2441 potest
310 2380 372 2425 ut
409 2381 613 2427 temere
654 2372 901 2441 aspicias,
922 2387 1043 2428 cum
1099 2388 1291 2443 nempe
1336 2373 1402 2429 ad
1435 2375 1689 2444 concupi—

115 2465 371 2519 scentiam
425 2462 717 2533 aspexeris.
761 2464 816 2520 Si
860 2465 1002 2519 enim
1046 2465 1311 2534 respicere
1358 2474 1412 2519 et
1439 2464 1690 2521 delectari

115 2556 259 2621 velis,
284 2555 499 2625 respice
524 2571 742 2611 uxorem
774 2566 941 2622 tuam,
973 2556 1223 2626 illamque
1251 2568 1507 2628 perpetuo
1534 2575 1687 2615 ama:

116 2648 252 2701 nulla
275 2648 329 2701 id
351 2648 446 2702 lex
469 2647 735 2716 prohibet.
759 2647 813 2702 Si
835 2663 959 2703 vero
978 2648 1207 2703 alienam
1231 2651 1451 2704 formam
1479 2653 1692 2707 curiose

118 2739 307 2793 intueri
343 2737 610 2804 volueris,
632 2747 686 2792 et
708 2738 851 2792 illam
878 2738 1047 2806 lmdis,
1066 2740 1170 2794 alio
1197 2741 1378 2796 oculos
1407 2754 1687 2809 avertens;

115 2840 164 2885 et
211 2829 356 2885 hanc
410 2846 570 2900 quam
620 2832 879 2901 respicis,
912 2832 955 2885 si
988 2833 1168 2887 illicite
1217 2834 1356 2888 illam
1390 2836 1686 2906 contingas.

118 2922 337 2976 Etiamsi
366 2923 514 2977 enim
552 2921 697 2976 illam
742 2937 902 2975 manu
945 2938 1050 2977 non
1078 2924 1365 2994 contigeris
1386 2966 1401 2989 ,
1432 2937 1487 2980 at
1522 2928 1690 2983 oculis

114 3013 414 3083 contigisti;
472 3011 697 3082 ideoque
749 3012 876 3067 illud
926 3027 1025 3083 pro
1068 3013 1330 3070 adulterio
1376 3026 1686 3086 reputatur,

114 3115 165 3159 et
220 3113 346 3159 ante
412 3104 727 3174 supplicium
794 3104 925 3159 illud
977 3104 1339 3173 destinatum,
1382 3107 1523 3162 aliud
1582 3123 1687 3163 non

120 3196 231 3249 lere
276 3195 600 3266 supplicium
649 3195 871 3252 inducit.
912 3196 1041 3251 Nam
1072 3198 1301 3252 tumultu
1330 3207 1384 3253 et
1410 3199 1689 3269 perturba-

117 3289 255 3342 tione
280 3288 466 3341 omnia
492 3287 740 3343 interiora
766 3288 967 3358 replet;
991 3305 1181 3361 magna
1204 3290 1353 3345 adest
1378 3300 1686 3361 tempestas,

118 3380 463 3447 gravissimus
505 3378 692 3444 dolor,
735 3396 833 3435 nec
860 3381 1081 3436 meliore
1126 3382 1427 3437 conditione
1456 3383 1559 3438 erit
1600 3384 1690 3440 ille

119 3473 202 3539 qui
223 3472 341 3526 hare
370 3472 598 3541 patitur,
627 3488 782 3542 quam
811 3474 848 3528 ii
870 3475 960 3543 qui
986 3474 1212 3528 vinculis
1235 3482 1290 3530 et
1317 3476 1521 3530 catenis
1561 3491 1690 3531 con-

117 3565 284 3619 stricti
306 3574 455 3619 snnt.
485 3566 551 3619 Et
580 3566 696 3629 illa,
730 3583 847 3636 quae
892 3568 1053 3621 telum
1086 3568 1296 3635 emisit,
1326 3582 1467 3638 szepe
1493 3568 1686 3635 avolat,

121 3654 413 3724 vulnusque
440 3664 617 3710 tamen
646 3666 841 3711 manet.
865 3655 975 3711 Iino
990 3673 1119 3712 vero
1141 3673 1245 3713 non
1270 3658 1358 3712 illa
1381 3659 1537 3713 telum
1559 3661 1690 3714 emi-

119 3747 199 3809 sit,
223 3746 318 3801 sed
350 3757 404 3801 tu
437 3748 551 3814 ipse
582 3747 674 3802 tibi
701 3748 910 3803 letalem
939 3749 1144 3819 plagam
1174 3749 1406 3804 inﬂixisti
1426 3791 1441 3816 ,
1474 3751 1561 3821 qui
1587 3751 1687 3806 im-

122 3837 307 3906 pudice
328 3838 555 3892 intuitus
584 3852 661 3893 es.
698 3838 764 3892 Et
791 3839 905 3893 lucc
930 3839 1050 3893 dico
1068 3879 1085 3906 ,
1113 3849 1171 3894 ut
1196 3840 1414 3910 pudicas
1441 3841 1507 3896 ab
1534 3857 1690 3898 accu—

116 3932 322 3986 satione
352 3931 609 3986 eximam.
641 3929 697 3986 Si
742 3947 842 4001 qua
888 3946 1014 3986 vero
1057 3947 1176 3988 sese
1218 3933 1289 3987 ita
1333 3944 1586 4001 exornat,
1634 3945 1692 3990 ut

113 4022 701 4079 ohviorum'oculosad
728 4036 785 4076 se
810 4032 1102 4089 convertat,
1132 4024 1337 4079 etiamsi
1366 4026 1566 4080 nullum
1597 4027 1691 4080 ob-

116 4117 251 4169 vium
278 4114 614 4177 confuderit,
645 4123 912 4169 extremas
940 4115 1085 4169 dabit
1112 4131 1316 4184 pcenas.
1344 4116 1689 4172 Pharmacum

114 4208 249 4260 enim
299 4203 618 4275 apparavit,
667 4215 721 4260 et
775 4206 919 4261 virus
963 4209 1297 4278 composuit,
1346 4209 1446 4265 etsi
1493 4211 1691 4266 nemini

120 4299 361 4364 poculum
419 4296 746 4366 porrexerit;
776 4297 881 4351 imo
926 4299 1197 4367 porrexit,
1244 4300 1345 4354 etsi
1399 4316 1556 4356 nemo
1602 4304 1691 4372 qui

118 4390 349 4453 biberet,
381 4388 693 4443 accesserit.
739 4387 875 4456 Quid
902 4389 1066 4459 ergo?
1091 4405 1217 4444 num
1242 4391 1403 4445 etiam
1440 4392 1692 4449 mulieres

117 4480 444 4551 alloquitur?
496 4479 628 4548 Quia
674 4480 819 4549 leges
872 4481 1064 4550 ubique
1110 4496 1422 4539 communes
1475 4486 1689 4551 statuit,

118 4574 317 4627 etiamsi
344 4572 494 4628 viros
520 4580 723 4626 tantum
749 4572 942 4641 alloqui
971 4573 1227 4639 videatur,
1258 4576 1417 4645 capiti
1444 4576 1690 4647 loquens,

118 4680 453 4720 communem
487 4664 584 4717 toti
612 4664 823 4734 corpori
859 4664 1273 4722 admonitionem
1316 4668 1537 4738 profert.
1583 4670 1695 4724 Illu-

120 4756 293 4811 lierem
324 4771 561 4825 namque
586 4765 641 4810 et
672 4757 842 4810 virum
872 4772 1033 4812 unum
1077 4758 1226 4813 novit
1250 4773 1370 4814 esse
1393 4760 1612 4827 animal,
1640 4769 1693 4815 et

119 4863 369 4917 nusquam
413 4863 585 4917 genus
627 4846 753 4900 illud
790 4847 991 4904 dividit.

183 4939 237 4995 5.
266 4938 464 4995 Contra
491 4938 667 4993 luxum
688 4939 969 4993 mulierum.
999 4939 1189 4995 Eorum
1208 4942 1292 5012 qui
1322 4959 1412 4998 nos
1435 4944 1690 4999 scandali-

120 5040 228 5081 ωε
271 5029 588 5082 conversatio
624 5028 885 5100 fugienda,
926 5030 1307 5103 qualescumque
1346 5033 1463 5087 sint.
1510 5032 1694 5087 Contra

122 5121 425 5173 theatrorum
446 5118 982 5190 spectacula.—-Quod
1003 5121 1046 5175 si
1069 5123 1201 5177 velis
1218 5124 1623 5194 increpationem
1643 5126 1694 5183 itt

121 5210 235 5263 illas
260 5211 523 5279 prolatam
551 5211 828 5280 speciatim
862 5212 1061 5279 audire,
1095 5213 1279 5269 Isaiam
1309 5215 1434 5271 audi
1458 5215 1695 5286 pluribus

123 5301 170 5352 in
206 5301 321 5356 illas
361 5303 745 5369 invehentem,
778 5303 1241 5376 traducentemque
1286 5307 1514 5377 ipsarum
1544 5309 1695 5364 habi-

123 5405 255 5461 tum,
292 5408 595 5466 aspectum,
634 5397 924 5460 incessum,
960 5398 1163 5454 tunicas
1194 5400 1336 5456 humi
1366 5400 1692 5473 deﬂuentes,

123 5484 451 5543 lascivientes
474 5486 660 5557 pedes,
675 5488 809 5542 colla
826 5488 984 5543 fracta
1010 5489 1228 5546 mollitie
1248 5491 1487 5564 (a)(lsai.
1505 5497 1557 5550 '5.
1580 5496 1691 5567 16).

180 5623 199 5652 ι
238 5620 345 5680 Alii,
376 5628 430 5671 ut
453 5621 716 5671 hominum.

184 5682 262 5746 (a)
292 5687 371 5736 Hic
394 5684 536 5735 Isaia.-
562 5684 699 5735 locus
714 5684 783 5734 sic
803 5683 1009 5735 habetur
1030 5686 1079 5736 in
1095 5692 1220 5748 LXX,
1247 5686 1383 5739 Isaia:
1404 5690 1454 5751 5,
1479 5689 1538 5741 16
1560 5704 1572 5741 :
1599 5700 1695 5745 Pro

1240 241 1304 297 IN
1343 236 1741 299 MATTIIEUM
1779 242 2006 301 HOMIL.
2051 248 2210 304 XVII.

3257 262 3363 320 258

1788 360 1924 414 Audi
1963 376 2081 416 cum
2113 364 2201 419 illo
2226 366 2435 422 beatum
2460 369 2675 426 Paulum
2703 374 2896 430 multas
2923 375 3053 446 ipsis
3078 377 3222 450 leges
3247 388 3362 435 sta-

1789 460 2041 519 tnentem,
2069 466 2122 511 et
2142 458 2211 514 de
2245 462 2492 526 vestibus,
2531 472 2586 518 et
2609 465 2677 520 de
2700 468 2873 522 aureis
2895 470 3186 537 ornatibus,
3214 482 3267 529 et
3294 476 3364 529 de

1786 549 2153 605 calamistratis
2177 554 2403 622 capillis,
2446 564 2499 610 et
2524 557 2590 612 de
2619 558 2854 623 lascivia,
2879 571 2932 617 et
2961 562 3028 618 de
3056 564 3173 619 aliis
3210 567 3361 621 sitni-

1791 639 1924 695 libus
1950 641 2089 696 hunc
2114 658 2296 699 sexum
2329 647 2670 704 vehementer
2700 654 3071 722 corripientem
3116 658 3191 728 (1.
3222 656 3359 712 Tim.

1788 731 1841 783 2.
1866 730 1943 803 9).
1974 733 2213 789 Christus
2240 739 2399 792 etiam
2442 740 2493 793 in
2522 744 2863 812 sequentibus
2891 750 3219 818 arnigmatice
3263 749 3364 805 hoc

1791 824 1960 893 ipsum
2002 825 2263 893 declarat;
2306 846 2424 885 cum
2453 834 2593 889 enim
2632 836 2779 899 dicit.
2823 838 2984 903 Erue,
3022 841 3272 897 exscinde
3312 843 3364 897 id

1789 917 1927 986 quod
1958 928 2008 972 te
2041 920 2380 985 scandalizat,
2429 925 2561 980 iram
2604 928 2858 983 adversus
2902 932 3021 987 illas
3047 933 3361 989 concitatam

1790 1010 2020 1065 exhibet.
2067 1012 2189 1070 ldeo
2225 1017 2495 1085 subjunxit
2538 1038 2551 1075 :
2591 1020 2679 1074 29.
2733 1020 2795 1077 Si
2838 1025 3011 1078 oculus
3042 1034 3156 1080 tuus
3194 1026 3368 1081 dexter

1791 1103 2099 1158 scandalizat
2116 1115 2180 1170 te,
2202 1124 2315 1160 erue
2332 1127 2463 1175 enm,
2484 1122 2528 1164 et
2554 1114 2743 1183 profice
2768 1115 2856 1168 abs
2877 1125 2939 1169 te.
2966 1116 3042 1171 Ne
3055 1117 3197 1172 enim
3218 1118 3365 1175 dice-

1791 1211 1910 1259 res,
1950 1196 2085 1263 Quid
2127 1214 2278 1268 ergo,
2311 1201 2355 1254 si
2381 1214 2600 1270 cognata
2634 1221 2748 1261 mea
2786 1208 2891 1263 sit?
2927 1210 3073 1279 quid.
3115 1211 3162 1267 si
3191 1212 3366 1282 aliqua

1791 1288 1917 1342 tnihi
1958 1292 2342 1347 necessitudine
2357 1295 2577 1363 juncta?
2604 1298 2722 1352 ideo
2745 1298 2858 1354 haec
2886 1284 3142 1371 praecipit,
3172 1318 3276 1357 non
3298 1303 3367 1359 de

1792 1382 2042 1436 membris
2067 1384 2307 1453 loquens,
2338 1387 2474 1441 absit
2502 1407 2515 1442 :
2548 1404 2803 1459 nusquam
2828 1393 2968 1446 enim
2996 1394 3125 1448 dixit
3143 1394 3366 1449 crimina

1791 1471 1855 1524 ad
1887 1487 2097 1528 carnem
2145 1477 2438 1544 pertinere;
2478 1480 2571 1534 sed
2610 1486 2875 1537 accusat'o
2910 1500 3123 1553 pravam
3154 1500 3367 1557 semper

1797 1564 2118 1622 voluntatem
2144 1577 2367 1637 spectat.
2398 1570 2578 1641 Neque
2608 1574 2746 1628 enim
2779 1578 2961 1631 oculus
2993 1586 3113 1633 tuus
3141 1586 3243 1645 est,
3267 1579 3362 1649 qui

1792 1657 1955 1721 videt,
1987 1659 2081 1714 sed
2113 1674 2262 1715 mens
2288 1671 2340 1715 et
2363 1664 2630 1730 cogitatio.
2652 1663 2804 1734 Smpe
2834 1683 3060 1738 namque
3085 1669 3239 1724 nobis
3260 1671 3367 1725 alio

1792 1751 2085 1817 conversis,
2126 1766 2219 1806 eos
2251 1753 2341 1823 qui
2372 1764 2661 1823 prtesentes
2695 1768 2817 1811 sunt
2846 1775 2948 1813 non
2978 1760 3119 1814 videt
3139 1761 3363 1817 oculus:

1794 1843 1970 1912 itaque
2018 1851 2183 1897 totum
2228 1860 2331 1897 non
2375 1855 2456 1899 est
2503 1847 2640 1900 illius
2668 1858 2806 1902 actm
2852 1850 3276 1906 adscribendum.
3308 1853 3364 1908 Si

1793 1935 1933 1989 enim
1982 1935 2049 1989 de
2095 1938 2348 1992 membris
2391 1938 2713 2009 loqueretur,
2761 1958 2864 1994 non
2906 1944 2972 1996 de
3019 1959 3124 1997 uno
3166 1945 3367 2002 diceret

1793 2026 1969 2089 oculo,
2000 2041 2170 2097 neque
2212 2029 2454 2083 dextrum
2485 2031 2657 2086 solum
2705 2034 2988 2103 posuisset,
3035 2036 3129 2090 sed
3157 2039 3363 2093 ambos.

1793 2116 1922 2171 Nam
1949 2119 2037 2188 qui
2069 2134 2100 2174 a
2127 2119 2316 2175 dextro
2346 2123 2752 2189 scandalizatur,
2787 2127 3012 2195 idipsum
3044 2128 3181 2183 haud
3208 2129 3368 2185 dubie

1793 2210 2023 2277 patietur
2045 2224 2072 2262 a
2102 2210 2336 2267 sinistro.
2363 2212 2469 2267 Cur
2506 2230 2634 2285 ergo
2658 2215 2902 2271 dextrum
2935 2219 3144 2273 oculum
3169 2222 3364 2289 posuit,

1794 2308 1846 2353 et
1870 2314 2084 2355 manum
2108 2301 2339 2372 adjecit?
2369 2303 2435 2358 Ut
2463 2304 2637 2360 discas
2666 2322 2771 2361 non
2798 2306 2864 2363 de
2884 2310 3138 2364 membris
3164 2326 3367 2366 sermo-

1794 2408 1914 2447 nem
1944 2407 2083 2459 esse,
2113 2395 2206 2449 sed
2235 2396 2303 2451 de
2341 2397 2405 2451 iis
2429 2399 2515 2467 qui
2542 2400 2694 2453 nobis
2717 2401 2947 2455 amicitia
2974 2402 3286 2472 junguntur.
3311 2404 3366 2460 Si

1793 2488 2090 2557 quempiam
2115 2490 2184 2543 ita
2206 2504 2371 2555 amas,
2404 2491 2590 2560 inquit,
2631 2500 2689 2545 ut
2710 2507 2829 2547 eum
2859 2493 3063 2549 dexteri
3088 2497 3227 2551 oculi
3251 2497 3368 2552 loco

1794 2598 1980 2651 ponas,
2003 2593 2092 2636 aut
2114 2583 2183 2635 ita
2209 2582 2300 2636 tibi
2332 2584 2510 2637 utilem
2543 2594 2712 2653 putas,
2739 2592 2906 2655 utpro
2934 2601 3089 2640 manu
3110 2588 3257 2643 illum
3279 2588 3367 2643 ha-

1791 2676 1939 2739 beas,
1981 2676 2024 2728 si
2069 2674 2213 2728 lmdit
2238 2675 2465 2730 animam
2506 2686 2683 2742 tuam,
2716 2688 2770 2732 et
2810 2677 2953 2733 hunc
2987 2679 3259 2736 abscinde.
3301 2681 3368 2737 Et

1792 2769 1896 2823 vim
1935 2768 2061 2822 dicti
2100 2768 2388 2839 perpende.
2422 2769 2535 2823 Non
2579 2772 2721 2825 enim
2765 2771 2919 2839 dixit,
2969 2773 3241 2842 Abscede;
3270 2776 3367 2832 sed

1792 2863 2073 2917 maximam
2096 2862 2482 2930 separationem
2506 2862 2766 2931 indicans,
2792 2864 2946 2930 Erue,
2972 2868 3157 2939 inquit,
3178 2880 3228 2924 et
3248 2887 3367 2940 pro-

1782 2955 1887 3025 jice
1911 2954 1997 3010 abs
2034 2962 2099 3008 te.
2131 2953 2329 3008 Deinde
2352 2957 2473 3026 quia
2516 2971 2703 3012 severe
2731 2971 3080 3028 praeceperat,
3120 2963 3366 3034 utrinque

1793 3046 1997 3100 lucrum
2023 3061 2142 3101 esse
2170 3045 2344 3112 docet,
2386 3057 2440 3102 et
2464 3064 2528 3103 ex
2555 3049 2707 3103 bonis
2732 3059 2786 3105 et
2809 3065 2873 3105 ex
2902 3053 3076 3117 malis,
3104 3054 3154 3108 in
3178 3055 3367 3113 eadem

1792 3137 2098 3205 metaphora
2125 3139 2375 3193 insistens
2402 3157 2416 3193 :
2445 3138 2667 3209 Expedit
2696 3143 2827 3197 enim
2854 3143 2962 3209 tibi,
2993 3145 3179 3215 inquit,
3206 3158 3261 3201 ut
3283 3165 3369 3217 pe.

1791 3241 1895 3283 rent
1936 3247 2091 3284 unum
2138 3231 2471 3285 membrorum
2513 3243 2730 3301 tuorum,
2762 3245 2811 3288 et
2849 3252 2949 3291 non
2990 3248 3147 3291 totum
3185 3256 3369 3311 corpus

1792 3334 1929 3377 tuum
1958 3325 2183 3377 mittatur
2204 3327 2255 3379 in
2284 3327 2581 3397 gehennam.
2607 3325 2736 3381 Cum
2767 3329 2907 3383 enim
2936 3346 3107 3402 neque
3133 3333 3367 3403 seipsum

1791 3426 1985 3481 servet,
2014 3426 2067 3471 et
2099 3426 2150 3473 te
2174 3432 2352 3473 secum
2383 3419 2589 3489 perdat,
2630 3437 2745 3489 qum
2770 3421 3069 3477 humanitas
3094 3436 3233 3479 esset
3254 3440 3368 3479 am-

1792 3510 1859 3565 bo
1887 3509 2129 3579 perdere,
2169 3525 2287 3564 cum
2329 3510 2485 3565 liceat
2525 3512 2588 3564 iis
2616 3513 2877 3580 separatis
2908 3529 3068 3567 unum
3113 3517 3367 3572 servare?

1792 3604 1901 3657 Cur
1920 3604 2058 3658 enim
2083 3604 2276 3657 Paulus
2294 3603 2509 3672 optabat
2533 3605 2815 3660 anathema
2839 3621 2957 3662 esse
2981 3606 3156 3679 (Rom.
3186 3610 3235 3663 9.
3270 3608 3367 3682 5)?

1792 3695 1904 3750 Non
1928 3696 1997 3749 ita
2026 3704 2080 3748 ut
2104 3695 2235 3748 nihil
2259 3695 2379 3750 inde
2404 3695 2535 3749 lucri
2556 3696 2832 3752 accederet
2850 3699 2889 3763 ³,
2916 3699 3008 3754 sed
3035 3711 3091 3754 ut
3110 3700 3244 3755 alios
3263 3717 3369 3756 ser-

1792 3796 1958 3841 varet.
1994 3786 2087 3840 llic
2111 3796 2285 3841 autem
2317 3787 2587 3857 utriusque
2616 3789 2868 3843 damnum
2897 3799 2979 3845 est
3005 3808 3019 3843 :
3048 3801 3370 3863 quapropter

1793 3896 1898 3934 non
1926 3879 2057 3934 dixit
2079 3889 2300 3946 tantum,
2334 3878 2504 3946 Erue;
2543 3880 2640 3935 sed
2664 3882 2843 3948 etiam,
2875 3885 3063 3953 projice
3088 3883 3176 3938 abs
3202 3894 3266 3950 te,
3296 3886 3369 3942 ita

1794 3982 1848 4025 ut
1875 3987 2158 4041 numquam
2198 3982 2428 4042 repetas,
2472 3974 2517 4025 si
2561 3972 2679 4027 talis
2718 3976 2991 4029 manserit.
3019 3976 3108 4031 Sic
3132 3977 3273 4032 enim
3314 3987 3371 4033 et

1794 4063 1939 4118 illum
1965 4064 2150 4133 majori
2187 4063 2408 4118 crimine
2446 4063 2713 4122 liberabis.
2739 4076 2793 4119 et
2819 4068 3043 4135 teipsum
3077 4082 3105 4121 a
3135 4068 3371 4138 pernicie

1793 4156 2005 4225 eripies.
2052 4155 2120 4211 Ut
2143 4164 2318 4211 autem
2358 4156 2551 4211 clarius
2594 4157 2723 4227 legis
2751 4159 3026 4214 utilitatem
3057 4162 3367 4231 perspicias,

1794 4247 1837 4301 si
1866 4247 2054 4315 placet,
2080 4247 2132 4301 in
2156 4261 2381 4316 corpore
2400 4247 2629 4317 exempli
2651 4262 2809 4303 causa
2831 4249 2881 4302 id
2910 4250 3049 4319 quod
3071 4250 3266 4305 dictum
3288 4262 3369 4307 est

1795 4340 2152 4410 exploremus.
2195 4341 2250 4394 Si
2283 4341 2422 4395 enim
2451 4342 2598 4409 eptio
2623 4340 2860 4406 daretur,
2893 4358 2953 4397 ac
2987 4358 3205 4399 necesse
3227 4354 3371 4401 esset

1795 4443 1885 4488 aut
1912 4434 2124 4488 oculum
2157 4432 2437 4488 habentem
2465 4433 2654 4502 conjici
2682 4439 2737 4489 in
2766 4434 2958 4490 fossam
2983 4445 3036 4491 et
3060 4437 3254 4507 perire,
3277 4449 3371 4494 aut

1796 4525 1889 4579 illo
1913 4535 2083 4588 eruto,
2124 4524 2385 4595 reliquum
2430 4539 2623 4595 corpus
2648 4527 2847 4581 servari
2886 4541 2900 4581 :
2946 4539 3371 4599 annon-postre-

1796 4632 1938 4670 mum
1983 4616 2202 4671 malles?
2230 4615 2285 4670 Id
2329 4617 2525 4671 nemini
2571 4632 2674 4672 non
2714 4618 3048 4675 manilestum
3089 4630 3190 4676 est.
3238 4622 3371 4681 Illud

1796 4710 1936 4763 enim
1965 4724 2067 4762 non
2096 4720 2233 4764 esset
2267 4712 2476 4765 oculum
2517 4712 2711 4777 odisse,
2746 4712 2838 4767 sed
2884 4715 3142 4785 reliquum
3178 4731 3370 4787 corpus

1796 4816 1993 4855 amare.
2034 4801 2147 4856 Hoc
2180 4817 2338 4870 porro
2359 4812 2413 4857 et
2436 4802 2503 4857 de
2524 4805 2651 4858 viris
2675 4806 2844 4875 cogita
2872 4807 3013 4862 etde
3037 4808 3365 4866 mulieribus.

1796 4891 1925 4945 Nam
1957 4893 2000 4945 si
2025 4891 2089 4956 is,
2116 4893 2203 4961 qui
2232 4901 2283 4947 te
2304 4892 2448 4947 laedit
2471 4894 2719 4959 amando,
2748 4896 3054 4951 incurabilis
3079 4908 3277 4965 manet,
3316 4909 3375 4956 et

1796 4982 1841 5036 si
1866 4981 2131 5037 abscissus
2170 4983 2258 5049 sit,
2293 4994 2343 5039 te
2365 4985 2433 5040 ab
2453 4986 2596 5040 omni
2620 4988 2856 5056 pernicie
2883 4988 3123 5043 liberabit
3158 5005 3175 5043 :
3216 4990 3294 5045 sic
3321 5001 3378 5046 et

1800 5071 1912 5141 ipse
1947 5087 1977 5127 a
2014 5072 2305 5142 majoribus
2356 5076 2609 5144 eripietur
2645 5078 2974 5145 criminibus,
3017 5093 3187 5149 neque
3233 5081 3375 5137 ultra

1797 5181 1915 5221 cum
1944 5176 2277 5234 peccatorum
2303 5183 2518 5222 suorum
2546 5171 2770 5234 ratione,
2796 5172 3049 5226 rationem
3070 5172 3230 5227 etiam
3252 5189 3374 5244 per-

1798 5257 1952 5312 niciei
1978 5266 2081 5312 tute
2116 5260 2354 5313 daturus.
2386 5258 2521 5313 Vide
2548 5270 2742 5329 quanta
2781 5264 3184 5321 mansuetudine
3217 5268 3373 5337 plena

1800 5350 1885 5406 lex
1921 5360 2021 5417 est,
2064 5360 2255 5421 quanta
2296 5350 2657 5420 providentia?
2683 5362 2737 5406 et
2764 5368 2881 5422 qum
2916 5372 2945 5408 a
2992 5355 3171 5413 multis
3210 5358 3372 5415 nimia

1797 5520 1853 5557 eo
1883 5507 2009 5569 quod
2047 5506 2242 5558 elevata:
2271 5513 2380 5557 sunt
2404 5505 2522 5571 ﬁliae
2556 5507 2682 5569 Sion,
2707 5514 2753 5560 et
2782 5509 3140 5565 ambulaverunt
3177 5518 3374 5563 extensa

1798 5569 1936 5619 collo.
1961 5575 2006 5618 et
2027 5568 2217 5618 nutibus
2239 5568 2484 5619 oculorum
2505 5570 2653 5619 ibant.
2679 5578 2723 5619 et
2739 5570 2790 5619 in
2812 5573 2996 5619 int-essu
3019 5577 3193 5619 nedum
3211 5578 3374 5619 trahe-

1798 5569 1936 5625 colto,
1961 5575 2006 5618 et
2027 5569 2217 5618 nutibus
2239 5569 2484 5619 oculorum
2505 5570 2653 5627 ibant.
2679 5578 2723 5621 et
2739 5570 2790 5621 in
2812 5573 2996 5625 incessu
3019 5577 3193 5640 pedum
3211 5578 3376 5631 tralte‘

1800 5632 1907 5704 bant
1924 5628 2126 5704 tunicas,
2149 5637 2195 5681 et
2214 5629 2518 5704 lasciviebant
2540 5634 2739 5704 pedibus
2761 5635 2876 5704 suis.

1866 5697 1878 5724 ¹
1915 5693 2126 5752 quidam,
2151 5705 2247 5745 non
2258 5692 2325 5745 ita
2348 5701 2398 5744 ut
2421 5692 2653 5749 nemiuem
2671 5697 2793 5749 lucri
2814 5699 3008 5760 facerm,
3027 5707 3123 5751 etc.
