3856 6180
495 197 601 260 ιω

492 319 748 374 severitas
766 331 885 374 esse
907 315 1128 382 videtur,
1147 324 1394 386 quantam
1422 315 1637 371 exhibet
1650 315 2060 386 benignitatem?

1213 201 1269 256 S.
1312 199 1587 258 JOANNIS
1620 197 2097 260 CHRYSOSTOMI
2133 201 2447 262 ARCHIEP.
2478 203 3000 271 CONSTANTINOP.

3636 227 3739 286 eeo

2175 316 2277 385 Qui
2299 320 2559 376 dimissam
2585 323 2803 392 duxerit,
2833 330 3127 395 mmchatur,
3155 347 3372 392 uxorem
3398 339 3479 394 vel
3522 341 3737 402 invitatu

491 409 615 466 llaec
637 410 854 465 audiant
879 409 914 464 ii
941 410 1027 480 qui
1054 407 1120 463 ad
1149 408 1350 464 theatra
1373 417 1674 478 properant,
1706 418 1762 464 et
1789 423 1908 464 sese
1931 424 2063 478 quo-
2163 410 2406 505 pudicam
2435 414 2681 482 reddens,
2708 427 2762 474 et
2783 420 2850 474 ad
2869 422 3031 478 alium
3055 425 3224 481 virum
3248 429 3447 488 aditum
3469 434 3568 505 ipsi
3596 441 3736 498 elau.

491 504 617 559 tidie
641 502 880 559 moechos
902 512 1169 572 prastant.
1187 501 1317 556 Nam
1333 502 1377 556 si
1399 501 1778 557 consuetudine
1792 501 2054 570 junctum,

485 597 580 653 sed
607 597 942 660 damnosum,
973 595 1053 650 lex
1072 595 1221 662 jubet
1249 593 1576 656 abscindere.
1607 608 1765 663 quam
1793 593 2058 662 purgatio-

485 706 607 747 nem
633 691 861 745 habeant
879 688 966 757 qui
994 687 1221 741 nondum
1245 686 1344 742 sibi
1367 694 1540 748 notos.
1559 685 1627 740 ibi
1653 684 2052 750 commovendo,

483 781 716 854 quotidie
747 781 1075 852 pertrahunt,
1104 790 1153 833 et
1187 787 1462 832 sexcentas
1488 777 1585 831 sibi
1615 785 1922 846 comparant
1961 791 2056 831 ex-

481 877 601 931 cidii
639 876 830 930 ansas?
859 875 970 928 Non
1010 874 1170 927 modo
1198 873 1338 926 enim
1363 871 1628 941 impudice
1652 872 1916 942 respicere
1945 885 2051 924 non

479 967 752 1030 concedit;
796 965 887 1020 sed
930 965 1050 1035 quia
1079 963 1296 1033 hujusce
1324 963 1401 1016 rei
1427 961 1678 1016 damnum
1713 961 2045 1028 monstravit,

479 1063 644 1133 legem
677 1062 895 1116 ulterius
923 1058 1177 1121 extendit,
1207 1057 1518 1112 abscindere
1543 1057 1751 1127 iubens,
1790 1056 2048 1127 longeque

477 1155 735 1225 projicere
772 1169 784 1206 :
817 1161 873 1208 et
916 1152 1027 1206 haec
1074 1151 1163 1206 ille
1193 1151 1306 1220 lege
1347 1151 1550 1214 statuit,
1599 1151 1688 1219 qui
1724 1149 1792 1204 de
1828 1151 2045 1207 caritate

473 1247 767 1301 sexcenties
813 1243 1060 1314 loquutus
1101 1251 1203 1307 est,
1246 1251 1302 1296 ut
1331 1243 1574 1311 utrinque
1602 1241 1716 1309 ejus
1760 1242 2038 1310 providen—

471 1341 595 1392 tiam
625 1338 866 1401 ediscas,
911 1345 965 1388 et
1003 1334 1269 1402 quomodo
1305 1334 1536 1402 undique
1582 1334 1856 1389 utilitatem
1897 1342 2038 1388 tuam

467 1431 720 1499 requirat.
771 1427 858 1481 5i.
889 1421 1093 1479 Dictum
1125 1435 1196 1478 est
1222 1434 1385 1477 autent
1417 1439 1435 1476 :
1466 1423 1773 1493 Quicumque
1798 1422 2040 1478 dimiserit

465 1539 670 1579 mrem
711 1536 872 1585 suam,
921 1519 1000 1572 det
1041 1519 1120 1572 illi
1157 1515 1379 1571 libellum
1405 1516 1603 1585 repudii
1633 1515 1805 1585 (Deut.
1839 1517 1928 1571 24.
1959 1516 2032 1588 1).

463 1616 548 1671 52.
581 1613 692 1685 Ego
715 1623 878 1667 autem
894 1613 1006 1666 dico
1033 1612 1168 1666 vobis
1189 1629 1208 1664 :
1238 1609 1544 1678 Quicumque
1565 1609 1806 1663 dimiserit
1831 1626 2036 1665 adorem

457 1730 624 1778 suam,
651 1720 859 1780 excepta
886 1725 1038 1764 causa
1065 1707 1408 1778 fornicationis
1426 1745 1441 1770 ,
1469 1705 1589 1776 facit
1617 1722 1726 1758 eam
1750 1705 1986 1759 maecltari
2011 1723 2030 1760 :

457 1819 503 1862 et
521 1807 607 1877 qui
631 1805 887 1859 dimissam
912 1802 1130 1864 duxerit,
1160 1803 1451 1853 ntwclmtur.

525 1902 578 1954 4.
601 1897 885 1967 Repudium
901 1893 1135 1948 adulterii
1151 1893 1353 1963 species.
1383 1889 1484 1944 Cur
1503 1888 1724 1944 libellum
1740 1888 1937 1958 repudii
1951 1889 2032 1942 [ex

455 2002 590 2045 vetus
610 1989 903 2060 permiserit.
921 1985 1112 2040 --Non
1140 1984 1284 2053 prius
1310 1983 1377 2038 ad
1408 1982 1654 2038 ulteriora
1677 1980 2026 2052 progreditur,

453 2085 552 2138 nisi
573 2083 748 2153 priora
774 2081 937 2152 probe
957 2078 1347 2148 cxpurgaverit.
1369 2076 1502 2130 Ecce
1527 2073 1666 2129 enim
1693 2073 1847 2128 aliam
1874 2072 2027 2128 nobis

451 2188 636 2229 rursus
676 2172 908 2227 ostendit
950 2169 1194 2225 adulterii
1223 2167 1475 2234 Speciem.
1506 2165 1758 2232 Quaenam
1783 2175 1866 2219 est
1895 2164 2026 2220 illa?

451 2265 558 2320 Lex
588 2275 702 2319 erat
729 2271 897 2327 vetus,
938 2277 1082 2327 eum,
1109 2261 1198 2330 qui
1225 2273 1556 2329 quacumque
1593 2273 1660 2312 ex
1686 2271 1844 2311 causa
1890 2273 2024 2310 uxo-

449 2374 561 2415 rem
591 2373 740 2412 suam
779 2357 1001 2421 odisset,
1032 2356 1173 2408 illam
1219 2352 1516 2422 repudiare,
1544 2359 1598 2406 et
1633 2349 1789 2404 aliam
1830 2349 2024 2406 ducere

445 2467 553 2507 non
593 2448 881 2521 prohiberi.
911 2446 1092 2516 Neque
1135 2442 1263 2499 illud
1304 2454 1477 2498 tamen
1509 2442 1818 2512 simpliciter
1847 2441 2022 2498 facere

445 2548 529 2602 lex
552 2544 793 2616 jubebat,
833 2541 924 2597 sed
957 2549 1076 2611 post
1101 2539 1280 2593 datum
1321 2538 1471 2592 uxori
1513 2535 1746 2592 libellum
1791 2535 2018 2605 repudii,

444 2641 513 2694 ita
544 2645 602 2692 ut
624 2651 730 2691 non
756 2642 936 2706 posset
964 2632 1152 2687 iterum
1181 2629 1245 2683 ad
1269 2629 1414 2684 illum
1435 2637 1722 2692 revertere,
1750 2636 1808 2681 nt
1831 2627 2017 2682 saltem

441 2727 763 2784 matrimonii
808 2725 974 2796 ﬁgura
1005 2729 1261 2797 maneret.
1295 2720 1400 2776 Nisi
1425 2721 1566 2776 enim
1597 2717 1698 2776 hoc
1732 2721 2019 2790 praecepis-

435 2789 542 2888 set,
582 2833 637 2877 et
677 2822 721 2876 si
759 2820 994 2875 licuisset
1014 2818 1153 2871 illam
1177 2813 1456 2883 repudiare
1484 2824 1537 2868 et
1573 2813 1728 2867 aliam
1755 2814 2014 2881 accipere.

441 2914 738 2983 (lt-indeque
767 2911 998 2982 priorem
1035 2909 1312 2972 reducere,
1341 2921 1529 2974 magna
1563 2907 1731 2961 futura
1775 2905 2016 2960 confusio

441 3015 577 3069 erat,
621 3003 870 3060 omnibus
918 3001 1120 3056 alienas
1163 3014 1356 3053 uxores
1397 2998 1620 3052 alternis
1662 2998 1868 3052 vicibus
1912 2998 2016 3054 ire-

440 3108 662 3170 quenter
687 3095 1097 3164 accipientibus,
1133 3090 1554 3159 adulterinmque
1593 3089 1929 3145 manifestum
1961 3091 2012 3145 id

441 3204 658 3261 prorsus
702 3187 906 3242 fuisset.
955 3184 1287 3254 Quapropter
1314 3195 1419 3235 non
1451 3196 1664 3250 parvam
1693 3183 2012 3236 consolatio-

439 3297 560 3336 nem
587 3277 920 3349 excogitavit,
962 3275 1195 3330 libellum
1226 3287 1417 3342 nempe
1443 3272 1665 3342 repudii.
1699 3272 1809 3328 Hoc
1855 3289 2011 3342 porro

440 3373 632 3428 factum
657 3383 738 3427 est
765 3369 830 3424 ad
858 3368 1016 3423 aliam
1043 3365 1209 3422 multo
1237 3364 1492 3433 majorem
1530 3363 1796 3418 vitandam
1822 3366 2009 3435 nequi-

438 3465 585 3519 tiam.
629 3461 686 3518 Si
707 3463 849 3517 enim
888 3473 1111 3516 exesam
1158 3455 1500 3527 praecepisset
1539 3456 1789 3521 retineri,
1835 3457 1881 3510 is
1918 3458 2008 3527 qui

434 3553 619 3609 oderat
639 3550 916 3608 occidisset
941 3567 954 3602 :
985 3548 1104 3604 talis
1123 3547 1317 3617 quippe
1342 3553 1460 3600 erat
1480 3544 1782 3600 Judteorum
1804 3547 2002 3602 natio‘.

433 3645 565 3700 Nam
595 3645 684 3714 qui
713 3659 782 3699 ne
809 3643 932 3696 liliis
955 3641 1167 3708 quidem
1196 3640 1502 3709 parcebant.
1537 3637 1817 3708 pmphetas
1847 3641 2008 3694 inter-

433 3738 698 3802 iiciebant,
738 3736 1152 3804 sanguinemque
1177 3741 1235 3786 ut
1260 3746 1449 3802 aquam
1491 3731 1796 3796 fundebant,
1840 3732 2004 3787 multo

431 3830 607 3884 minus
648 3827 898 3882 uxoribus
927 3826 1304 3896 pepercissent.
1350 3823 1472 3877 ideo
1509 3823 1650 3892 quod
1689 3823 1862 3878 minus
1889 3834 2003 3879 erat

432 3921 693 3992 permisit,
721 3931 778 3975 ut
799 3920 940 3990 quod
961 3919 1130 3988 majus
1153 3926 1267 3972 erat
1296 3917 1648 3972 exscinderet.
1681 3918 1832 3984 Quod
1861 3919 2000 3973 enim

431 4011 546 4067 inec
569 4011 651 4065 lex
679 4025 783 4064 non
810 4026 842 4066 e
870 4008 1148 4079 prmeipuis
1170 4015 1332 4072 esset,
1361 4006 1482 4060 andi
1504 4007 1629 4076 quid
1650 4008 1898 4063 Servator
1922 4009 2003 4062 di-

423 4112 514 4158 cat
546 4120 559 4156 :
593 4101 795 4173 Moyses
837 4101 906 4155 ad
950 4100 1191 4154 duritiam
1237 4099 1402 4154 cordis
1448 4101 1596 4154 vestri
1643 4101 1749 4155 lure
1799 4103 1999 4170 scripsit

421 4196 640 4274 (Matth.
679 4196 768 4252 l9.
809 4195 886 4265 8),
922 4210 988 4248 ne
1030 4194 1172 4248 intus
1214 4193 1535 4260 mactaretis,
1575 4193 1666 4248 sed
1712 4194 1994 4264 cjiceretis.

420 4291 556 4358 Quia
581 4302 709 4348 vero
731 4287 817 4341 ille
843 4287 970 4340 iram
997 4299 1210 4340 omnem
1231 4284 1462 4351 sustulit,
1489 4299 1594 4340 non
1616 4286 1815 4341 caedem
1839 4287 1997 4342 modo

418 4391 624 4448 vetans,
656 4383 751 4438 sed
793 4380 927 4435 iram
960 4377 1117 4431 etiam
1143 4375 1428 4431 excludens
1457 4394 1469 4430 :
1499 4376 1650 4432 facile
1677 4377 1812 4433 hanc
1838 4379 1994 4433 indu-

415 4473 490 4527 cit
518 4473 709 4543 legem.
741 4473 965 4542 Ideoque
997 4468 1231 4541 priorum
1262 4483 1474 4538 semper
1499 4470 1778 4524 verborum
1807 4473 1993 4526 memi-

417 4564 514 4629 nit,
553 4572 610 4618 ut
635 4563 898 4624 ostendat,
928 4578 988 4617 se
1027 4576 1132 4616 non
1160 4559 1424 4613 contraria
1453 4559 1585 4622 illis,
1625 4560 1718 4614 sed
1758 4575 1989 4615 consona

413 4656 593 4712 dicere
619 4673 634 4712 :
663 4655 750 4709 illa
770 4655 1082 4721 extendens,
1109 4669 1213 4708 non
1236 4662 1513 4717 evertens;
1541 4653 1851 4720 emendans,
1883 4670 1988 4708 non

413 4749 645 4804 solvens.
677 4746 948 4817 Perpende
973 4757 1148 4800 autem
1179 4745 1324 4799 illum
1350 4758 1565 4814 semper
1587 4744 1655 4798 ad
1686 4745 1854 4800 virum
1877 4761 1990 4800 ser-

410 4854 624 4894 monem
670 4837 890 4894 referre.
934 4837 1034 4905 Qui
1083 4837 1307 4899 dimittit,
1339 4837 1532 4906 inquit,
1575 4851 1782 4890 uxorem
1819 4853 2034 4902 suumn

411 4929 533 4999 facit
562 4947 671 4985 eam
711 4929 994 4992 mechari;
1041 4938 1087 4981 et
1123 4927 1212 4998 qui
1263 4927 1522 4982 dimissam
1565 4924 1730 4991 ducit,
1772 4929 1990 4982 moecha-

411 5032 510 5076 tur.
559 5022 649 5077 llle
687 5023 866 5087 enim,
897 5030 952 5076 et
989 5021 1034 5076 si
1064 5019 1282 5074 alteram
1316 5034 1420 5075 non
1447 5018 1688 5086 duxerit,
1739 5019 1842 5077 hoc
1870 5019 1987 5090 ipso

409 5129 470 5168 se
529 5115 765 5169 criminis
826 5128 978 5168 reum
1033 5111 1337 5178 constituit,
1400 5111 1538 5178 quod
1591 5127 1708 5167 eam
1772 5113 1977 5168 adulte-

411 5221 523 5259 ram
568 5205 721 5260 faciat
747 5223 761 5260 :
787 5205 873 5260 hic
905 5219 1052 5269 vero,
1081 5204 1222 5276 quod
1261 5204 1488 5259 alienam
1529 5209 1703 5272 ducat,
1743 5208 1981 5264 moechus

406 5305 462 5350 et
508 5297 618 5364 ipse
659 5298 734 5350 lit.
775 5297 850 5352 Ne
902 5296 1030 5352 mihi
1077 5296 1218 5352 enim
1270 5296 1436 5362 dicas,
1491 5296 1582 5351 Ille
1635 5299 1979 5366 ejecit:nam

407 5389 576 5456 ejecta
607 5387 776 5444 adhuc
805 5400 983 5446 manet
1011 5391 1268 5458 ejicientis
1301 5406 1452 5444 uxor.
1489 5390 1686 5446 Deinde
1716 5407 1782 5446 ne
1813 5403 1978 5449 totum

406 5477 700 5546 conjiciens
729 5478 780 5532 in
807 5477 1138 5547 ejicientem,
1172 5481 1588 5548 arrogantiorem
1620 5481 1818 5538 faceret
1843 5500 1976 5540 uxo-

407 5582 542 5626 rem,
591 5567 756 5637 ipsam
783 5569 1022 5639 accipere
1047 5571 1240 5624 volenti
1279 5572 1493 5638 jannam
1539 5574 1735 5630 claudit
1773 5577 1975 5645 dicens,

470 5659 488 5692 ³
521 5657 634 5715 Alii.
657 5659 775 5712 tales
797 5659 972 5723 quippe
993 5665 1131 5711 eram
1149 5661 1428 5713 Judtzorum
1450 5680 1621 5718 mores.

2161 500 2314 568 dens,
2353 519 2451 560 nec
2481 510 2789 576 permittens
2822 513 3106 571 simultatis
3143 534 3326 576 ansam
3362 500 3619 594 prmbere.
3646 532 3736 590 illa

2161 607 2386 665 namque
2409 611 2529 653 cum
2553 600 2815 668 didicerit,
2845 620 3060 674 prorsus
3089 617 3447 674 necessarium
3473 636 3616 690 esse,
3646 639 3733 682 aut

2158 685 2328 741 virum
2356 689 2445 758 qui
2471 691 2570 746 sibi
2596 693 2665 747 ab
2687 695 2839 750 initio
2877 708 3021 754 sorte
3054 704 3346 775 contigerat
3376 708 3571 770 habere
3587 685 3612 779 ς.
3645 728 3732 772 aut

2155 776 2252 876 sie
2277 779 2438 835 domo
2463 782 2549 836 illa
2576 787 2895 855 egrediatur,
2920 791 3117 848 nullum
3142 795 3243 851 sibi
3281 799 3424 856 aliud
3449 776 3732 876 supereSse

2153 867 2433 939 refugium,
2478 875 2558 929 vel
2586 876 2746 932 invita
2773 892 2994 950 cogetur
3023 886 3300 960 conjugem
3329 867 3530 952 amare.
3549 915 3728 957 suum.

2153 957 2209 1014 Si
2238 976 2366 1018 vero
2394 964 2524 1020 nihil
2548 967 2645 1037 ipsi
2670 968 2767 1026 hac
2793 971 2863 1028 de
2886 988 2944 1029 re
2968 957 3229 1046 loquatur,
3263 997 3330 1038 ne
3355 988 3562 1044 mireris
3597 1008 3612 1044 :
3643 994 3727 1046 in-

2151 1053 2350 1110 ﬁrmior
2373 1059 2516 1114 enim
2559 1061 2749 1120 mulier
2772 1075 2872 1122 est.
2900 1067 3229 1141 Quapropter
3264 1075 3352 1134 illa
3379 1079 3618 1148 dimissa,
3645 1088 3726 1142 vi-

2147 1158 2238 1200 ros
2263 1149 2421 1203 minis
2449 1153 2698 1209 terrendo
2741 1158 3018 1214 mulierem
3046 1177 3256 1234 quoque
3282 1172 3548 1228 emendat.
3583 1173 3654 1232 Ut
3680 1179 3725 1233 si

2145 1239 2264 1306 quis
2293 1240 2457 1298 lilium
2487 1244 2689 1302 habens
2731 1249 3005 1319 lascivum,
3039 1255 3130 1311 illo
3155 1257 3396 1327 dimisso,
3426 1264 3529 1320 illis
3559 1267 3723 1326 inter-

2144 1329 2391 1396 minetur,
2422 1337 2511 1402 qui
2553 1337 2710 1394 talem
2745 1341 2914 1410 ipsum
2943 1344 3252 1412 effecerunt,
3286 1362 3533 1425 vetetque
3563 1373 3632 1414 ne
3663 1361 3723 1414 il-

2143 1418 2249 1475 lum
2281 1424 2416 1479 ultra
2444 1427 2656 1496 adeant,
2685 1433 2768 1486 vel
2799 1437 3134 1492 conveniant.
3161 1439 3311 1507 Quod
3337 1444 3382 1497 si
3405 1445 3505 1501 hoc
3527 1463 3724 1506 onero-

2140 1524 2256 1566 sum
2285 1515 2546 1586 videatur,
2575 1520 2628 1575 in
2657 1533 2888 1580 mentem
2914 1542 3099 1583 revoca
3129 1531 3215 1584 illa
3245 1548 3363 1603 quae
3391 1551 3549 1608 supra
3576 1542 3721 1600 dicta

2138 1617 2282 1672 sunt,
2325 1624 2444 1664 cum
2483 1612 2665 1669 beatos
2704 1617 3014 1684 praedicaret
3048 1622 3358 1691 audientes;
3402 1643 3621 1702 remque
3663 1646 3720 1691 et

2137 1700 2444 1770 possibilem
2471 1712 2526 1757 et
2555 1704 2757 1761 facilem
2801 1707 3057 1766 invenies.
3089 1712 3230 1770 Mitis
3253 1720 3414 1784 enim,
3441 1700 3718 1792 pacificus,

2138 1807 2334 1861 pauper
2355 1795 2561 1864 spiritu,
2589 1807 2642 1852 et
2668 1800 2989 1868 misericors,
3011 1807 3278 1874 quomodo
3307 1827 3523 1868 uxorem
3555 1833 3719 1886 repu—

2133 1883 2331 1938 diabit?
2357 1897 2408 1939 et
2451 1888 2538 1958 qui
2585 1888 2716 1943 alios
2742 1893 3067 1958 reconciliat,
3113 1911 3219 1966 quo
3250 1911 3404 1968 pacto
3437 1883 3718 1965 dissidebit

2132 1991 2250 2030 eum
2277 1978 2498 2049 conjuge
2524 1980 2652 2034 sua?
2676 1982 2789 2037 Non
2817 1983 2915 2039 hoc
2935 1999 3062 2041 vero
3089 1998 3307 2057 tantum,
3335 1994 3429 2050 sed
3449 1995 3555 2052 alio
3581 2017 3721 2070 quo-

2130 2083 2234 2138 que
2268 2070 2425 2126 modo
2452 2071 2620 2142 legem
2659 2072 2782 2128 fecit
2809 2075 2998 2132 levem.
3029 2078 3157 2134 Nam
3189 2084 3438 2156 relinquit
3461 2089 3509 2144 ei
3543 2107 3709 2148 unum

2130 2161 2335 2230 repudii
2365 2163 2600 2231 modum,
2633 2166 2833 2232 dicens,
2863 2168 3088 2240 Excepta
3122 2190 3274 2227 causa
3312 2177 3663 2246 fornicationis
3692 2227 3706 2240 .

2128 2251 2387 2319 siquidem
2436 2252 2488 2308 in
2531 2255 2715 2310 eadem
2759 2267 2956 2327 perstat
3000 2260 3178 2317 decori
3207 2267 3430 2324 ratione.
3473 2272 3527 2326 Si
3561 2274 3709 2330 enim

2120 2343 2370 2413 jussisset
2405 2362 2528 2402 eum
2568 2350 2806 2418 pluribus
2849 2353 3068 2410 mixtam
3116 2359 3376 2426 retinere,
3417 2378 3601 2420 rursus
3649 2369 3706 2423 in

2124 2435 2441 2493 adulterium
2485 2455 2570 2496 res
2613 2444 3038 2501 convertebatur.
3071 2447 3256 2504 Viden'
3277 2455 3544 2522 quomodo
3587 2458 3709 2516 lure

2123 2545 2243 2586 cum
2275 2533 2538 2601 prioribus
2561 2539 2888 2592 consonent?
2915 2539 3015 2608 Qui
3044 2543 3185 2598 enim
3216 2560 3439 2601 uxorem
3469 2550 3707 2608 a‘ienam

2122 2622 2401 2694 impudicis
2455 2628 2626 2684 oculis
2664 2644 2768 2684 non
2797 2632 3031 2701 respicit,
3079 2649 3182 2691 non
3225 2635 3604 2706 fornicabitur;
3657 2647 3706 2700 si

2121 2732 2228 2771 non
2262 2717 2581 2786 fornieetnr,
2619 2721 2734 2777 viro
2774 2724 3112 2793 repudianda:
3151 2731 3332 2785 uxoris
3363 2746 3476 2788 suae
3509 2750 3704 2792 ansam

2095 2821 2227 2872 .non
2254 2810 2529 2879 praebebit.
2559 2812 2680 2868 ideo
2703 2813 2867 2871 libere
2893 2819 3225 2891 constringit,
3256 2831 3311 2878 et
3336 2824 3582 2882 timorem
3609 2829 3706 2884 fir-

2120 2910 2248 2966 mat,
2289 2918 2535 2972 magnum
2574 2906 2688 2960 viro
2717 2909 3030 2979 periculum,
3073 2912 3116 2967 si
3151 2915 3345 2982 ejiciat.
3380 2918 3651 2976 intentans
3683 2937 3701 2978 :

2119 3009 2239 3046 nam
2269 2995 2628 3052 fornicationis
2655 2999 2796 3055 illius
2815 3015 2935 3058 sese
2964 3019 3111 3060 reum
3145 3009 3440 3064 constituit.
3474 3011 3694 3070 Etenim

2117 3101 2183 3141 ne
2209 3102 2330 3142 cum
2359 3089 2529 3156 audis,
2563 3091 2701 3148 Erue
2726 3093 2960 3161 oculum,
2986 3107 3136 3166 putes
3166 3099 3217 3154 id
3247 3103 3406 3158 etiam
3435 3104 3505 3160 de
3529 3122 3706 3164 uxore

2115 3176 2241 3244 dici,
2267 3189 2563 3248 opportune
2587 3182 2723 3238 hanc
2747 3185 3044 3242 cautionem
3077 3189 3279 3246 induxit
3311 3211 3324 3245 :
3357 3209 3464 3250 uno
3485 3205 3698 3254 tantum

2115 3267 2292 3335 modo,
2316 3285 2414 3326 nec
2438 3271 2543 3326 alio
2565 3275 2750 3343 quovis
2769 3277 3081 3346 permittens
3101 3279 3246 3336 illam
3274 3284 3575 3354 repudiare.
3600 3290 3698 3348 '53.

2113 3360 2308 3417 Iterum
2334 3365 2546 3420 audistis
2575 3368 2694 3438 quia
2724 3369 2913 3423 dictum
2936 3381 3007 3426 est
3037 3374 3256 3444 antiquis
3293 3392 3312 3430 :
3340 3376 3461 3433 Non
3491 3383 3698 3452 peiera-

2110 3452 2186 3508 bis
2213 3470 2232 3508 :
2259 3455 2434 3510 reddes
2454 3468 2619 3512 autem
2642 3456 2862 3514 Domino
2877 3462 3171 3531 juramenta
3194 3474 3301 3520 tua.
3335 3468 3424 3525 54.
3450 3469 3563 3542 Ego
3598 3489 3698 3526 au-

2111 3555 2208 3599 tem
2228 3546 2340 3600 dico
2367 3548 2519 3614 vobis,
2543 3565 2645 3604 non
2658 3551 2839 3620 jurare
2864 3554 3086 3610 omnino.
3117 3556 3226 3612 Cur
3250 3573 3355 3614 non
3382 3563 3562 3618 statim
3591 3581 3693 3622 ve-

2111 3636 2187 3690 nit
2222 3636 2288 3692 ad
2315 3637 2530 3704 furtum,
2575 3641 2667 3696 sed
2705 3643 2771 3698 ad
2814 3642 2998 3700 falsum
3046 3649 3423 3722 testimonium,
3457 3655 3696 3730 illudque

2108 3729 2409 3784 mandatum
2428 3733 2751 3802 praeterivit?
2769 3735 3027 3804 Quoniam
3050 3741 3139 3810 qui
3155 3739 3381 3808 furatur,
3402 3747 3695 3817 aliquando

2101 3819 2277 3890 jurat;
2327 3822 2416 3892 qui
2467 3838 2594 3879 vero
2640 3841 2812 3897 neque
2847 3827 3030 3898 jurare
3069 3847 3238 3902 neque
3278 3838 3488 3893 mentiri
3517 3842 3690 3909 novit,

2106 3911 2270 3965 multo
2309 3913 2474 3984 magis
2503 3929 2533 3968 a
2564 3914 2703 3970 furto
2727 3917 3032 3977 abstinebit.
3064 3923 3245 3993 itaque
3273 3942 3369 3997 per
3393 3927 3493 3985 hoc
3521 3933 3687 3988 etiam

2105 4001 2232 4057 illud
2260 4015 2529 4072 peccatum
2550 4007 2738 4062 evertit
2767 4028 2780 4063 :
2811 4025 2928 4064 nam
2952 4017 3279 4072 mendacium
3307 4036 3371 4074 ex
3401 4023 3539 4078 furto
3566 4028 3689 4080 ori-

2105 4101 2207 4147 tur.
2237 4095 2370 4162 Quid
2399 4105 2573 4152 autem
2604 4108 2716 4162 est.
2750 4099 2950 4156 Reddas
2991 4103 3210 4160 Domino
3229 4109 3520 4179 juramenta
3556 4120 3690 4171 ιυαὲ

2102 4184 2155 4239 Id
2180 4195 2282 4251 est,
2310 4186 2502 4243 Iurans
2530 4204 2710 4245 verum
2737 4191 2900 4248 dices.
2933 4192 3044 4266 Ego
3071 4209 3234 4252 autem
3253 4202 3367 4255 dico
3393 4205 3551 4271 vobis,
3577 4225 3684 4262 non

2089 4278 2270 4347 jurare
2295 4280 2518 4334 omnino.

2168 4370 2278 4425 5-6.
2302 4369 2500 4427 Deinde
2517 4375 2760 4445 utmagis
2791 4376 3062 4448 magisque
3089 4391 3296 4436 avertat
3335 4395 3452 4451 eos,
3484 4401 3552 4442 ne
3582 4403 3688 4459 per

2100 4461 2262 4516 Deum
2295 4463 2493 4530 jurent,
2525 4466 2616 4526 ait,
2657 4464 2834 4536 Neque
2860 4485 2948 4538 per
2972 4471 3169 4536 caelum,
3201 4475 3318 4542 quia
3342 4477 3555 4531 thronus
3583 4479 3686 4536 υιῡ

2096 4563 2168 4606 est
2200 4569 2219 4606 :
2257 4552 2343 4609 55.
2391 4571 2547 4624 neque
2569 4572 2656 4625 per
2689 4567 2892 4623 terram,
2922 4561 3042 4631 quia
3083 4566 3356 4619 scabellum
3389 4582 3462 4621 est
3491 4585 3684 4639 pedum

2095 4647 2238 4716 ejus;
2265 4662 2421 4717 neque
2449 4663 2536 4714 per
2556 4646 2856 4714 Jerusalem,
2884 4652 3004 4720 quia
3026 4655 3199 4707 civitas
3225 4665 3294 4710 est
3321 4662 3493 4729 magni
3520 4666 3679 4732 regis.

2094 4737 2170 4792 Ex
2201 4737 2468 4806 prophetis
2496 4736 2668 4793 adhuc
2692 4739 2942 4810 loquitur,
2972 4753 3025 4796 et
3049 4746 3279 4800 ostendit
3303 4763 3362 4802 se
3404 4766 3507 4804 non
3537 4755 3680 4807 anti-

2093 4833 2211 4902 quis
2230 4832 2530 4899 adversari;
2560 4848 2680 4887 nam
2703 4835 2754 4889 in
2785 4851 2933 4892 more
2961 4838 3064 4893 illis
3089 4850 3203 4894 erat
3232 4857 3330 4912 per
3378 4844 3494 4901 haec
3518 4848 3673 4917 jura-

2093 4941 2172 4992 re,
2193 4928 2317 4981 etin
2341 4926 2443 4982 line
2463 4926 2615 4997 hujus
2637 4928 2905 5000 Evangelii
2929 4930 3066 4986 hunc
3082 4932 3245 4991 fuisse
3266 4951 3468 4994 morem
3484 4952 3674 4997 osten-
3724 4943 3729 4958 ‘

2090 5016 2186 5071 dit.
2209 5015 2288 5072 Tu
2324 5031 2454 5073 vero
2495 5017 2624 5072 mihi
2663 5019 2940 5074 considera
2969 5023 3106 5077 unde
3136 5026 3355 5082 extollat
3381 5029 3671 5088 elementa.

2089 5104 2203 5160 Non
2227 5121 2293 5162 ex
2322 5107 2531 5176 propria
2559 5117 2771 5174 natura;
2799 5111 2893 5166 sed
2923 5127 2988 5167 ex
3015 5112 3104 5170 Dei
3135 5129 3258 5186 erga
3289 5119 3552 5177 elementa
3582 5127 3669 5180 al-

2085 5195 2226 5252 fectu
2255 5196 2486 5253 demisse
2511 5208 2563 5252 et
2582 5200 2873 5256 secundum
2897 5213 3109 5273 captum
3132 5219 3370 5264 nostrum
3386 5227 3663 5282 expresso.

2083 5291 2214 5358 Quia
2233 5290 2372 5344 enim
2396 5290 2557 5345 multa
2579 5299 2694 5346 erat
2713 5291 3020 5350 idololatria:
3043 5301 3300 5368 tyrannis,
3325 5319 3391 5358 ne
3413 5305 3669 5362 videren-

2083 5393 2168 5439 tur
2192 5386 2456 5440 elementa
2480 5400 2546 5439 ex
2575 5399 2634 5441 se
2661 5384 2966 5442 honoranda
2995 5404 3137 5456 esse,
3163 5395 3297 5448 hanc
3326 5410 3486 5464 quam
3521 5399 3666 5453 dixi-

2081 5492 2198 5530 mus
2223 5492 2438 5531 causam
2465 5477 2657 5546 posuit,
2690 5492 2978 5550 rursusque
3005 5480 3071 5536 ad
3097 5483 3189 5538 Dei
3215 5485 3434 5554 gloriam
3486 5500 3665 5545 trans.

2083 5568 2192 5622 ivit.
2220 5569 2399 5640 Neque
2442 5569 2583 5624 enim
2627 5569 2776 5633 dixit,
2809 5570 2938 5640 Quia
2983 5573 3258 5643 pulchrum
3304 5593 3665 5651 magnumque

2079 5663 2266 5719 caelum
2298 5669 2401 5728 est,
2451 5675 2642 5732 neque,
2672 5661 2805 5727 Quia
2835 5663 2974 5720 utilis
3016 5676 3191 5734 terra;
3236 5668 3353 5737 sed,
3381 5669 3514 5737 Quia
3566 5665 3661 5720 Dei
