3918 6294
409 230 507 289 201

409 346 556 404 κατά
580 343 679 415 τῆς
709 342 952 412 κεφαλῆς
998 340 1249 412 ὀμνύναι·
1306 340 1401 393 καὶ
1447 338 1556 409 γάρ
1599 339 1665 394 ἂν
1709 339 1803 393 καὶ
1843 337 2004 401 αὐτὸς

410 427 820 503 προσεκυνήθη⁶
852 425 990 480 ἀλλά
1017 425 1116 495 τὴν
1149 424 1306 490 δόξαν
1335 424 1428 478 ἐπί
1455 424 1547 478 τὸν
1589 423 1722 477 Θεὸν
1763 421 2003 490 ἀνάγων,

412 515 508 568 καὶ
543 512 758 573 δεικνὺς
791 510 874 562 ὅτι
903 508 1024 562 οὑδέ
1052 507 1250 562 σαυτοῦ
1290 503 1342 560 εἷ
1386 506 1600 577 κύριος,
1651 504 1848 560 οὐκοῦν
1883 503 2006 556 οὐδὲ

409 595 521 652 τῶν
551 593 694 648 κατά
719 593 820 662 τῆς
843 591 1085 661 κεφαλῆς
1115 592 1313 661 ὅρκων.
1345 591 1405 643 Ei
1430 591 1540 661 γὰρ
1577 589 1638 643 τὸ
1670 587 1882 642 παιδίον
1907 587 2008 640 οὑκ

415 681 482 734 ἄν
514 695 597 741 τις
626 675 743 746 δοίη
774 675 833 728 τὸ
860 673 1052 728 ἐαυτοῦ
1100 674 1294 745 ἑτέρῳ,
1336 671 1519 742 πολλῷ
1567 671 1767 742 μᾶλλον
1802 670 1831 721 6
1876 670 2008 733 Θεὸς

413 761 474 814 τὸ
500 760 658 830 ἔργον
684 757 745 810 τὸ
765 756 962 810 ἐαυτοῦ
990 756 1050 808 06
1090 755 1390 826 προήσεταί
1422 773 1524 808 σοι.
1557 755 1622 807 Ei
1650 753 1761 824 γὰρ
1801 753 1894 806 καὶ
1941 752 2008 824 σὴ

415 847 450 915 ὴ
485 841 717 912 κεφαλὴ,
745 840 864 894 ἀλλ’
895 839 1080 909 ἐτέρου
1123 837 1184 891 τὸ
1217 837 1426 909 κτῆμα·
1468 838 1562 890 καὶ
1597 836 1851 890 τοσοῦτον
1901 837 2010 905 ἀφ-

416 928 656 997 έστηκας
685 923 780 977 τοῦ
813 923 1001 994 κύριος
1037 919 1200 984 εἶναι,
1229 922 1310 976 ὅτι
1346 921 1468 974 ούδέ
1500 921 1563 973 τὸ
1602 919 1822 973 πάντων
1848 918 2011 990 ἐσχα-

413 1025 506 1062 τον
534 1006 877 1079 ἐργάσασθαι
917 1006 975 1058 ἐν
1018 1005 1155 1075 αὐτῇ
1210 1004 1437 1074 δυνήσῃ.
1475 1005 1549 1056 Ού
1580 1003 1690 1074 γὰρ
1728 997 1904 1066 εἶπεν,
1934 1003 2010 1056 Οὐ

415 1093 643 1146 δύνασαι
671 1090 974 1158 ἐξενεγκεῖν
1009 1089 1191 1159 τρίχα⁶
1241 1086 1379 1151 ἀλλ’,
1410 1087 1544 1141 Ούδὲ
1584 1085 1809 1151 ἀλλάξαι
1840 1086 2012 1154 αὐτῆς

416 1178 515 1247 τὴν
549 1174 831 1246 ποιότητα.
888 1173 953 1225 Τί
1001 1169 1114 1235 οὖν,
1145 1170 1212 1224 ἂν
1242 1172 1447 1242 ἀπαιτῇ
1497 1187 1582 1234 τις
1615 1171 1801 1241 ὅρκον,
1855 1170 2008 1241 φησί,

417 1260 513 1314 καὶ
537 1258 785 1327 ἀνάγκην
814 1256 1030 1329 ἐπάγῃ;
1061 1257 1119 1307 '0
1149 1254 1244 1308 τοῦ
1268 1255 1403 1309 Θεοῦ
1441 1254 1604 1324 φόϐος
1633 1255 1732 1325 τῆς
1764 1254 2012 1323 ἀνάγκης

417 1342 560 1396 ἔστω
584 1339 970 1411 δυνατώτερος.
1009 1338 1162 1391 Ἐπεὶ
1189 1341 1238 1391 εί
1263 1339 1477 1409 μέλλοις
1500 1337 1756 1401 τοιαύτας
1777 1335 2014 1408 προϐάλ-

418 1427 606 1479 λεσθαι
636 1426 960 1496 προφάσεις,
985 1423 1135 1476 οὐδὲν
1163 1423 1418 1492 φυλάξεις
1445 1423 1554 1476 τῶν
1587 1422 2010 1493 ἐπιταχθέντων.

419 1507 534 1564 Καὶ
563 1510 672 1582 γὰρ
709 1509 802 1562 καὶ
845 1507 937 1560 ἐπὶ
967 1507 1067 1577 τῆς
1110 1507 1367 1574 γυναικὸς
1419 1507 1566 1576 ἐρεῖς
1591 1522 1604 1535 ·
1645 1506 1710 1558 Τί
1752 1501 1866 1569 οὖν,
1918 1505 2013 1560 ἐὰν

424 1593 662 1665 μάχιμος
693 1589 726 1664 ᾖ
754 1592 849 1646 καὶ
877 1591 1198 1662 δαπανηρὰς
1224 1591 1335 1644 Καὶ
1363 1590 1456 1644 ἐπὶ
1482 1589 1576 1642 τοῦ
1608 1588 1889 1659 ὀφθαλμοῦ
1915 1588 2010 1643 τοῦ

419 1675 614 1743 δεξιοῦ·
649 1675 714 1728 Τί
743 1671 857 1736 οὖν,
893 1675 988 1728 ἐὰν
1020 1674 1160 1744 φιλῶ
1206 1675 1251 1706 ’⁸
1290 1673 1472 1738 αὑτὸν,
1521 1673 1616 1726 καὶ
1645 1673 2010 1743 διακαίωμαι;

420 1760 532 1813 Καὶ
564 1758 659 1812 ἐπὶ
695 1757 800 1828 τῆς
834 1757 1008 1828 ὅψεως
1034 1758 1133 1828 τῆς
1177 1757 1500 1812 ἀκολάστουο
1534 1757 1600 1809 Τί
1643 1751 1760 1823 οὖν,
1801 1756 1897 1810 ἐὰν
1938 1755 2012 1827 μὴ

421 1843 668 1914 δύνωμαι
701 1843 775 1913 μὴ
809 1843 944 1913 ὁρᾷν
971 1843 1052 1906 ⁸⁷;
1085 1841 1191 1895 Καὶ
1220 1841 1310 1894 ἐπὶ
1347 1842 1441 1912 τῆς
1473 1839 1612 1913 πρὸς
1649 1840 1740 1894 τὸν
1780 1839 2010 1909 ἀδελφὸν

419 1927 612 2000 ὀργῆςο
653 1925 717 1978 Τί
763 1921 876 1990 οὖν,
928 1923 1024 1977 ἐὰν
1070 1924 1352 1996 προπετὴς
1400 1918 1468 1987 ὧ,
1510 1924 1604 1977 καὶ
1645 1923 1718 1994 μὴ
1770 1923 2013 1994 δύνωμαι

419 2012 668 2082 γλώττης
697 2013 952 2082 κρατεῖν;
984 2011 1078 2064 καὶ
1104 2011 1280 2065 πάντα
1310 2009 1496 2072 ἁπλῶς
1531 2010 1674 2063 οῦτω
1699 2011 2015 2081 καταπατὴ-

423 2113 540 2159 σεις
566 2094 636 2148 τὰ
664 2093 953 2166 εἰρημένα.
990 2093 1250 2162 Καίτοιγε
1295 2093 1388 2146 ἐπὶ
1432 2092 1542 2145 τῶν
1573 2091 1754 2162 νόμων
1786 2093 1894 2145 τῶν
1925 2094 2013 2146 ἀν-

421 2168 710 2252 θρωπίνων
767 2177 1006 2248 οὐδαμοῦ
1061 2177 1219 2232 τοῦτο
1268 2177 1472 2248 τολμᾷς
1521 2175 1892 2248 προϐαλέσθαι
1941 2177 2008 2241 ³⁸,

420 2263 541 2316 οὐδὲ
571 2264 766 2316 εἰπεῖν’
809 2262 874 2314 Τί
920 2258 1033 2324 οὖν,
1071 2262 1165 2316 ἐὰν
1207 2260 1269 2314 τὸ
1311 2261 1409 2315 καὶ
1457 2260 1548 2326 τό;
1585 2258 1843 2314 ἀλλὰκαὶ
1870 2261 2011 2314 ἐκὼν

421 2347 514 2402 καὶ
542 2346 690 2400 ἄκων
717 2347 991 2418 καταδέχῃ
1020 2347 1088 2400 τὰ
1116 2344 1501 2416 γεγραμμένα.
1530 2344 1742 2408 Ἀλλως
1778 2344 1857 2409 δὲ,
1889 2344 2011 2398 οὐδὲ

421 2431 670 2500 ἀνάγκην
701 2431 982 2501 ύποστήσῃ
1013 2431 1162 2484 ποτέ.
1200 2431 1258 2482 '0
1284 2429 1393 2500 γὰρ
1426 2428 1536 2482 τῶν
1568 2427 1879 2500 ἔμπροσθεν
1909 2447 2010 2500 μα-

420 2513 710 2584 καρισμῶν
738 2513 1002 2577 ἀκούσας,
1046 2515 1139 2568 καὶ
1176 2513 1418 2568 τοιοῦτον
1441 2513 1630 2568 ἐαυτὸν
1659 2512 2012 2584 παρασκευά-

422 2614 544 2661 σας,
570 2591 681 2650 οἷον
708 2596 972 2661 ἐπέταξεν
1003 2599 1032 2650 6
1066 2597 1323 2668 Χριστὸς,
1353 2595 1611 2666 οὐδεμίαν
1647 2597 1776 2667 παρ’
1800 2596 2012 2660 οὐδενὸς

420 2681 792 2751 ύποστήσεται
818 2679 1074 2749 τοιαύτην
1108 2681 1376 2750 ἀνάγκην,
1420 2680 1700 2751 αἰδέσιμος
1739 2680 1814 2733 ὢν
1860 2680 2010 2751 παρά

420 2765 556 2818 πᾶσι
605 2763 700 2816 καὶ
751 2763 968 2834 σεμνός.
1000 2764 1192 2816 Ἔστω
1228 2762 1298 2815 δὲ
1331 2762 1474 2831 ὑμῖν
1518 2764 1563 2796 ⁸³
1622 2763 1686 2816 τὸ
1733 2762 1853 2826 γαί,
1889 2763 2008 2828 ναὶ,

419 2848 516 2901 καί
549 2847 616 2899 τὸ
658 2845 752 2907 οὒ,
801 2847 893 2899 οῦο
943 2846 1010 2898 τὸ
1059 2845 1128 2898 δὲ
1179 2846 1478 2913 περισσὸν
1519 2847 1748 2899 τούτων
1787 2847 1855 2899 ἐκ
1904 2846 2010 2899 τοῦ

421 2930 692 2998 πονηροῦ
719 2929 868 2986 ἐστι.
899 2930 964 2982 Τί
993 2925 1085 2983 οὖν
1113 2931 1228 2982 ἐστι
1265 2929 1325 2982 τὸ
1366 2929 1622 2998 περισσὸν
1662 2929 1757 2982 τοῦ
1788 2929 1886 2983 ναὶ
1916 2929 2012 2984 καὶ

418 3013 513 3067 τοῦ
546 3015 656 3079 οὔ;
690 3013 748 3067 ⁸0
775 3015 955 3085 ὅρκος,
1004 3015 1067 3066 οὐ
1097 3013 1157 3066 τὸ
1197 3015 1492 3084 ἐπιορκεῖν.
1533 3014 1738 3066 Ἐκεῖνο
1781 3013 1888 3082 γὰρ
1917 3013 2012 3067 καὶ

419 3097 844 3168 ὡμολογημένον
871 3097 1010 3161 ἐστὶ,
1037 3097 1133 3149 καὶ
1161 3095 1334 3160 οὐδεὶς
1373 3095 1545 3150 δεῖται
1589 3096 1800 3166 μαθεῖν.
1825 3098 1906 3150 ὅτι
1947 3097 2010 3150 ἐκ

424 3183 522 3234 τοῦ
563 3180 803 3252 πονηροῦ
848 3182 987 3241 ἐστι,
1028 3181 1122 3232 καὶ
1156 3180 1216 3232 o6
1258 3179 1533 3249 περιττὸν,
1580 3180 1695 3234 ἀλλ’
1731 3181 2008 3234 ἐναντίον⁹

417 3266 479 3318 τὸ
501 3265 557 3318 δὲ
589 3264 864 3336 περιττὸν,
899 3263 962 3315 τὸ
997 3263 1158 3316 πλέον
1183 3263 1278 3316 καὶ
1303 3264 1366 3316 ἐκ
1393 3263 1713 3332 περιουσίας
1753 3263 2003 3335 προσκείο

425 3367 608 3420 μενον,
645 3350 782 3419 ὅπερ
824 3349 970 3402 ἐστὶν
1010 3349 1038 3400 6
1083 3348 1259 3419 ὅρκος.
1307 3347 1373 3399 Τί
1411 3342 1526 3411 οὖν,
1577 3347 1764 3418 φησὶν,
1801 3350 1866 3402 ἐκ
1910 3347 2008 3402 τοῦ

421 3431 661 3504 πονηροῦ
687 3427 755 3503 ῆν
780 3431 827 3463 ³⁸
854 3452 866 3489 ;
903 3431 997 3484 καὶ
1022 3431 1070 3483 εί
1103 3433 1167 3483 ἐκ
1194 3429 1288 3482 τοῦ
1329 3430 1574 3501 πονηροῦ
1601 3427 1689 3502 ἦν,
1713 3432 1828 3496 πῶς
1849 3434 2012 3503 νόμος

418 3511 522 3585 ῆν;
553 3515 626 3568 T6
656 3515 788 3568 αὐτὸ
821 3513 885 3585 δὴ
920 3514 1079 3566 τοῦτο
1113 3513 1207 3566 καὶ¹
1240 3514 1369 3584 περὶ
1401 3513 1503 3583 τῆς
1533 3514 1792 3582 γυναικὸς
1831 3517 2007 3587 ἐρεῖς·

420 3599 538 3662 πῶς
573 3598 786 3669 μοιχεία
815 3597 909 3651 νῦν
941 3597 1254 3668 νενόμισται
1283 3596 1344 3649 τὸ
1382 3599 1646 3667 πρότερον
1681 3600 2011 3670 ἐπιτετραμ-

423 3684 617 3751 μένονς
650 3682 715 3734 Τί
762 3677 854 3734 οὗν
893 3680 1030 3751 πρὸς
1078 3679 1253 3734 ταῦτα
1295 3680 1443 3734 ἐστιν
1494 3683 1700 3746 είπεῖν;
1744 3679 1868 3737 ’Ότι
1908 3682 2012 3752 τῆς

419 3764 704 3827 ἀσθενείας
721 3765 829 3816 τῶν
859 3765 1162 3833 δεχομένων
1191 3765 1316 3827 τοὺς
1337 3765 1535 3834 νόμους
1560 3761 1630 3836 ἦν
1647 3766 1716 3819 τὰ
1741 3765 2010 3836 λεγόμενα

417 3848 540 3900 τότε
563 3863 578 3877 ’
612 3847 735 3899 ἐπεὶ
765 3847 940 3899 καὶτὸ
979 3847 1174 3918 κνίσσῃ
1204 3847 1605 3923 θεραπεύεσθαι
1647 3849 1851 3921 σφόδρα
1881 3850 2010 3903 ἀνά-

422 3929 532 3995 ξιον
561 3928 720 3991 Θεοῦ,
762 3928 952 3999 ὥσπερ
978 3929 1072 3982 καὶ
1118 3930 1180 3982 τὸ
1219 3929 1492 4000 ψελλίζειν
1534 3931 1752 3998 ἀνάξιον
1793 3931 2010 4002 φιλοσόο

421 4030 545 4082 φου.
581 4012 813 4084 Μοιχεία
839 4014 1020 4066 τοίνυν
1055 4012 1316 4084 ἐνομίσθη
1365 4014 1460 4067 νῦν
1499 4014 1560 4066 τὸ
1604 4015 1864 4081 τοιοῦτον,
1914 4016 2008 4070 καὶ

419 4097 486 4149 ἐκ
509 4095 602 4149 τοῦ
630 4093 872 4168 πονηροῦ
905 4094 967 4149 τὸ
990 4094 1244 4166 ὀμνύναι,
1271 4096 1359 4149 ὅτε
1383 4098 1626 4151 ἐπέδωκε
1653 4098 1720 4152 τά
1754 4099 1852 4169 τῆς
1879 4099 2007 4169 ἀρε-

417 4179 541 4248 τῆς.
578 4180 641 4233 Εἰ
669 4179 727 4233 δὲ
755 4178 1006 4234 διαϐόλου
1038 4179 1211 4233 ταῦτα
1251 4180 1308 4248 ἐξ
1340 4181 1514 4251 ἀρχῆς
1537 4178 1678 4253 ἦσαν
1699 4183 1875 4253 νόμοι,
1907 4185 2008 4237 οὐκ

419 4263 486 4318 ἂν
514 4263 764 4317 τοσοῦτον
801 4263 842 4294 ³⁸
881 4262 1275 4334 κατώρθωσαν.
1323 4266 1431 4318 Καὶ
1462 4266 1572 4336 γὰρ
1617 4267 1666 4319 εί
1712 4267 1786 4337 μὴ
1824 4268 2008 4322 ἐκεῖνα

418 4347 638 4419 πρῶτον
667 4347 1032 4421 προέδραμεν,
1083 4349 1185 4402 οὑκ
1219 4349 1285 4402 ἂν
1329 4349 1503 4412 οὕτως
1541 4349 1786 4413 εὐκόλως
1813 4349 2006 4420 ἐδέχθη

416 4433 484 4486 τὰ
510 4433 624 4487 νῦν.
656 4435 748 4504 Μὴ
789 4434 964 4486 τοίνυν
1005 4433 1184 4487 αὐτῶν
1211 4435 1429 4488 ἀτταίτει
1459 4432 1556 4503 τὴν
1581 4433 1783 4505 ἀρετὴν
1818 4433 1914 4488 νῦν
1936 4435 2003 4498 ³³,

416 4518 505 4570 ὅτε
543 4516 819 4588 παρῆλθεν
855 4517 1034 4570 αὐτῶν
1067 4519 1099 4588 ἡ
1135 4535 1312 4587 χρειω
1351 4517 1487 4570 ἀλλὰ
1513 4518 1656 4580 τότε,
1693 4518 1782 4571 ὅτε
1816 4518 1844 4570 6
1880 4535 2005 4572 καιο

422 4599 510 4671 ρὸς
545 4601 685 4653 αύτά
714 4599 865 4671 [950]
897 4600 1103 4653 ἐκάλειο
1145 4600 1344 4670 μᾶλλον
1373 4600 1450 4666 δὲ,
1479 4601 1526 4652 εί
1550 4599 1749 4670 βούλει,
1773 4603 1866 4655 καὶ
1887 4602 2002 4655 νῦν.

417 4685 526 4736 Καὶ
555 4683 664 4754 γὰρ
705 4684 800 4736 καὶ
839 4682 934 4734 νῦν
978 4685 1010 4754 ἡ
1053 4683 1223 4754 ἀρετὴ
1262 4683 1444 4736 αὐτῶν
1491 4683 1783 4749 δείκνυται,
1831 4685 1876 4716 ³³
1910 4687 2005 4738 καὶ

413 4766 481 4819 δι’
505 4766 637 4819 αὐτὸ
662 4765 819 4819 τοῦτο
852 4767 1104 4836 μάλιστα,
1135 4766 1202 4820 δι’
1232 4767 1260 4818 ὃ
1288 4767 1418 4838 παρ’
1449 4767 1604 4837 ἡμῶν
1637 4767 2002 4824 διαϐάλλεται.

414 4849 488 4902 Ἰὺ
515 4851 624 4921 γὰρ
642 4850 868 4904 τοιαῦτα
891 4849 1031 4904 αὑτά
1055 4849 1342 4920 φαίνεσθαι
1374 4848 1490 4913 νῦν,
1521 4850 1796 4921 ἐγκώμιον
1823 4852 2003 4907 αὐτῶν

415 4933 674 5003 μέγιστόν
705 4937 870 4991 ἐστιν.
917 4934 980 4988 ΕΞ
1010 4935 1118 5004 γὰρ
1152 4934 1226 5004 μὴ
1256 4934 1438 4998 καλῶς
1465 4936 1617 5005 ἡμᾶς
1656 4935 1872 5007 ἔθρεψε,
1907 4937 2003 4991 καὶ

414 5019 551 5090 πρὸς
580 5019 678 5089 τὴν
709 5019 820 5072 τῶν
858 5018 1123 5089 μειζόνων
1152 5017 1418 5089 ὑποδοχὴν
1441 5018 1779 5088 ἐπιτηδείους
1811 5020 2001 5089 ἐποίη⁹

416 5123 525 5168 σεν,
553 5105 652 5158 ούκ
677 5103 742 5158 ἂν
773 5105 946 5174 ἐφάνη
973 5104 1399 5158 τοιαῦτα.”Ωσπε
1410 5121 1439 5175 ρ
1463 5099 1600 5157 οῦνὸ
1627 5103 1848 5172 μαστὸς,
1872 5104 2001 5158 ὅταν

405 5180 470 5260 ξτὸ
510 5187 674 5241 αὑτοῦ
731 5188 994 5260 πληρώσῃ
1041 5191 1171 5254 πᾶν,
1228 5189 1324 5242 καὶ
1363 5189 1499 5259 πρὸς
1529 5189 1629 5260 τὴν
1663 5188 2001 5259 τελειοτέραν

390 5269 694 5359 ξτράπεζαν
737 5271 798 5359 :6
832 5273 1047 5359 παιδίον
1079 5272 1452 5359 παραπέμπῃ,
1499 5272 1684 5359 λοιπὸν
1726 5272 2000 5359 ἄχρηστος

413 5349 685 5420 φαίνεται,
717 5355 811 5407 καὶ
849 5355 895 5410 oi
937 5356 1203 5426 πρότερον
1228 5357 1527 5423 ἀναγκαῖον
1556 5356 1718 5410 αὑτὸν
1743 5352 1883 5409 εἶναι
1914 5373 2001 5409 νο-

413 5433 664 5506 μίζοντες
710 5437 787 5508 τῷ
840 5440 1038 5510 παιδίῳ
1068 5443 1264 5508 γονεῖς,
1313 5440 1528 5512 μυρίοις
1571 5439 1734 5494 αὑτὸν
1773 5441 1997 5494 διαϐάλ-

1103 228 1160 285 S.
1203 225 1493 285 JOANNIS
1529 221 2028 285 CHRYSOSTOMI
2066 209 2388 292 ΑΒΟΗΪΕΡ.
2428 208 2983 280 CONSTANTINOP.

3583 218 3702 278 262

2107 334 2259 388 λουσι
2290 332 2610 406 σκώμμασι*
2635 331 2822 387 πολλοὶ
2848 332 2906 386 δὲ
2929 331 3050 386 οὐδὲ
3079 332 3319 405 ῥήμασιν
3339 330 3502 386 αὑτὸν
3532 333 3704 404 μόνον

2106 416 2507 482 διαϐάλλουσιν,
2547 415 2684 470 ἀλλά
2727 417 2824 471 καὶ
2871 419 3088 489 πικροῖς
3131 416 3438 489 ἐπιχρίουσι
3479 417 3526 450 ³⁵
3559 435 3708 489 φαρι

2111 502 2329 572 μάκοις,
2358 501 2424 554 ἵν’
2451 502 2581 554 ὅταν
2631 500 2708 572 μὴ
2743 500 2937 572 ίσχύσῃ
2963 502 3032 555 τά
3061 501 3282 572 ῥήματα
3327 501 3425 572 τὴν
3468 501 3707 572 ἄκαιρον

2109 585 2238 655 περὶ
2267 584 2430 637 αὐτὸν
2463 583 2703 638 διάθεσιν
2755 583 2966 637 ἀνελεῖν
2998 583 3094 637 τοῦ
3145 583 3384 650 παιδίου,
3416 584 3484 637 τά
3518 587 3707 656 πράγ-

2113 685 2260 740 ματα
2289 667 2458 739 σϐέσῃ
2488 667 2581 720 τὸν
2621 666 2807 721 πόθον.

2184 752 2436 816 ς’.⁴οῦτω
2462 751 2556 805 καὶ
2571 753 2600 803 6
2623 751 2858 822 Χριστὸς
2875 753 2940 804 ἐκ
2970 753 3066 806 τοῦ
3088 749 3324 823 πονηροῦ
3345 751 3484 806 αύτά
3499 751 3707 824 ἔφησεν

2112 832 2274 899 εἶναι,
2303 823 2514 906 ούχίνα
2541 835 2687 908 δείξῃ
2717 834 2812 890 τοῦ
2838 836 3086 890 διαϐόλου
3115 837 3216 907 τὴν
3246 836 3481 890 παλαιάν
3508 823 3701 902 οὖσαν,

2111 918 2343 972 ἀλλ’ἵνα
2372 918 2512 989 μετά
2553 919 2754 988 πολλῆς
2781 919 2884 989 τῆς
2934 919 3242 992 ὑπερϐολῆς
3291 921 3551 991 ἀπαγάγῃ
3599 921 3709 989 τῆς

2114 1001 2353 1065 παλαιᾶς
2384 1001 2679 1062 εὐτελείας.
2719 1003 2829 1054 Καὶ
2871 1003 3009 1074 πρὸς
3045 1002 3144 1072 μὲν
3176 1003 3376 1066 αὐτοὺς
3415 1002 3588 1056 ταῦτα
3617 1003 3706 1055 λέ⁶

2113 1103 2222 1154 γει·
2257 1087 2350 1138 ἐπὶ
2391 1085 2449 1138 δὲ
2490 1085 2598 1139 τῶν
2645 1086 2991 1156 ἀναισθήτων
3031 1087 3324 1152 Ἰουδαίων,
3375 1087 3470 1140 καὶ
3503 1089 3705 1156 ἐπιμε-

2113 1171 2314 1224 νόντων
2359 1173 2474 1234 τοῖς
2524 1171 2729 1234 αὐτοῖς,
2793 1171 3047 1244 καθάπερ
3099 1172 3295 1242 πικρία
3339 1173 3447 1225 τινὶ
3491 1173 3568 1242 τῷ
3602 1174 3706 1243 τῆς

2114 1253 2495 1324 αἰχμαλωσίας
2557 1253 2707 1325 φόϐῳ
2759 1255 2857 1326 τὴν
2897 1255 3052 1309 πόλιν
3103 1257 3446 1327 περιχρίσας,
3502 1257 3706 1312 ἄϐατον

2114 1339 2388 1409 ἐποίησεν.
2429 1339 2645 1410 Ἐπειδὴ
2679 1339 2736 1393 δέ
2769 1340 2887 1393 ούδέ
2920 1339 3076 1392 τοῦτο
3108 1341 3323 1411 ἴσχυσεν
3354 1341 3548 1404 αὐτοὺς
3576 1359 3707 1394 κατ-

2116 1419 2280 1488 έχειν.
2302 1417 2438 1471 ἀλλά
2456 1419 2618 1472 πάλιν
2648 1419 2819 1490 αὐτὴν
2841 1419 3148 1489 ἐπεθύμουν
3183 1419 3329 1484 ίδεῖν,
3359 1419 3546 1492 ὥσπερ
3569 1438 3706 1474 παι-

2115 1503 2227 1556 δίον
2272 1502 2365 1554 ἐπὶ
2410 1501 2509 1573 τὴν
2571 1502 2740 1573 θηλὴν
2791 1503 3240 1574 κατατρέχοντες,
3291 1503 3473 1556 τέλεον
3532 1504 3707 1574 αὐτὴν

2115 1585 2420 1655 ἀπέκρυψε,
2479 1585 2721 1640 καθελών
2768 1603 2827 1639 τε
2883 1587 3078 1658 αὐτὴν,
3135 1589 3223 1641 καὶ
3273 1588 3398 1651 τοὺς
3450 1589 3708 1653 πλείονας

2117 1670 2308 1741 πόρρω
2346 1670 2550 1740 ταύτης
2602 1668 2926 1740 ἀπαγαγών·
2977 1671 3232 1743 καθάπερ
3273 1672 3365 1726 ἐπὶ
3405 1673 3513 1726 τῶν
3562 1673 3708 1744 βοῶν

2117 1753 2301 1807 πολλοὶ
2347 1755 2446 1817 τὰς
2483 1754 2744 1826 δαμάλεις
2784 1755 3191 1820 ἀποκλείοντες,
3234 1756 3314 1826 τῷ
3367 1757 3543 1828 χρόνῳ
3579 1759 3708 1812 πεί-

2115 1836 2300 1906 θουσιν
2345 1838 2652 1909 ἀποστῆναι
2695 1839 2797 1909 τῆς
2846 1839 3085 1903 παλαιᾶς
3131 1839 3226 1892 τοῦ
3272 1841 3543 1909 γάλακτος
3572 1860 3706 1895 συν-

2114 1921 2322 1990 ηθείας.
2356 1922 2420 1976 Εἰ
2456 1921 2511 1974 δὲ
2542 1920 2638 1975 τοῦ
2674 1921 2924 1976 διαϐόλου
2952 1917 3021 1992 ῆν
3049 1924 3082 1992 ἡ
3114 1923 3348 1989 Παλαιὰ,
3381 1925 3480 1978 οὐκ
3512 1925 3575 1978 ἂν
3603 1925 3708 1995 τῆς

2115 2005 2558 2077 εἰδωλολατρείας
2605 2005 2918 2076 ἀπήγαγεν,
2963 2005 3099 2060 ἀλλά
3148 2007 3464 2061 τούναντίον
3507 2008 3709 2078 ἐνῆγεν

2112 2088 2179 2141 ἂν
2211 2089 2290 2152 είς
2320 2087 2488 2160 αὐτὴν
2521 2089 2615 2142 καὶ
2651 2088 2901 2142 ἐνέϐαλλε
2936 2089 3014 2122 ³³⁸
3059 2088 3219 2143 τοῦτο
3249 2091 3359 2162 γάρ
3391 2093 3419 2145 6
3449 2091 3708 2155 διάϐολος

2113 2170 2291 2240 ἤθελε.
2325 2171 2439 2224 Νῦν
2481 2171 2538 2224 δέ
2576 2171 2888 2226 τούναντίον
2922 2173 3140 2244 ὁρῶμεν
3175 2174 3283 2227 ὑπὸ
3330 2177 3431 2244 τῆς
3462 2176 3707 2241 Παλαιᾶς

2113 2255 2416 2325 γινόμενον.
2447 2255 2558 2308 Καὶ
2611 2255 2744 2309 αὐτὸ
2781 2254 2838 2308 δὲ
2878 2256 3058 2317 τοῦτο,
3090 2259 3119 2310 6
3166 2257 3347 2328 ὅρκος,
3379 2259 3441 2312 τὸ
3475 2259 3707 2312 παλαιὴν

2111 2337 2200 2391 διὰ
2233 2337 2391 2390 τοῦτο
2442 2336 2828 2409 ἐνομοθετήθη,
2873 2339 2960 2391 ἵνα
3002 2338 3076 2411 μὴ
3127 2341 3269 2394 κατά
3313 2343 3420 2396 τῶν
3466 2343 3706 2396 εἰδώλων

2111 2419 2406 2491 ὀμνύωσιν.
2442 2419 2702 2488 Ὀμεῖσθε
2733 2422 2862 2491 γὰρ,
2905 2423 3063 2492 φησὶ,
3098 2423 3207 2476 τὸν
3235 2427 3383 2478 Θεὸν
3411 2426 3519 2479 τὸν
3546 2427 3702 2492 (λίη-

2113 2505 2302 2558 θινόν.
2349 2503 2423 2556 Ού
2477 2503 2656 2557 τοίνυν
2693 2506 2865 2574 μικρά
2903 2505 3266 2577 κατώρθωσεν
3296 2510 3324 2560 6
3355 2509 3535 2580 νόμος,
3563 2510 3704 2564 ἀλλά

2113 2589 2208 2642 καὶ
2235 2589 2438 2659 σφόδρα
2470 2589 2700 2658 μεγάλα.
2734 2589 2806 2642 Τὸ
2837 2589 2945 2661 γὰρ
2977 2591 3069 2644 ἐπὶ
3111 2591 3208 2662 τὴν
3241 2593 3470 2665 στερεὰν
3504 2597 3702 2659 αὐτοὺς

2113 2672 2318 2743 τροφὴν
2362 2671 2558 2736 ἐλθεῖν,
2597 2671 2698 2740 τῆς
2741 2673 2950 2726 ἐκείνου
2986 2674 3224 2746 σπουδῆς
3269 2677 3492 2744 γέγονεν
3518 2679 3700 2748 ἔργον.

2116 2755 2180 2809 Τί
2213 2750 2340 2820 06v;
2372 2756 2494 2826 οὐχὶ
2525 2755 2619 2809 τοῦ
2652 2757 2920 2828 Πονηροῦ,
2955 2760 3139 2829 φησὶν,
3179 2759 3298 2813 ἐστὶ
3327 2760 3390 2813 τὸ
3429 2761 3700 2831 ὀμνύναις

2116 2840 2228 2894 Καὶ
2259 2840 2466 2910 σφόδρα
2519 2838 2620 2909 μὲν
2652 2835 2746 2892 οὖν
2787 2841 2880 2894 τοῦ
2938 2842 3175 2913 πονηροῦ
3197 2859 3210 2872 ⁸
3255 2843 3390 2898 ἀλλά
3416 2843 3532 2910 νῦν,
3565 2847 3706 2915 μετά

2116 2922 2214 2993 τὴν
2243 2921 2514 2993 τοσαύτην
2544 2922 2886 2992 φιλοσοφίαν,
2916 2927 3038 2978 τότε
3066 2927 3122 2980 δὲ
3151 2926 3234 2981 οὔ.
3275 2927 3378 2981 Καὶ
3408 2929 3522 2994 πῶς
3551 2929 3617 2982 ἂν
3644 2931 3706 2983 τὸ

2116 3005 2249 3059 αὐτὸ
2274 3005 2504 3072 γένοιτο,
2535 3005 2687 3075 φησὶ,
2721 3006 2814 3058 νῦν
2844 3006 2944 3077 μὲν
2979 3009 3163 3074 καλὸν,
3199 3010 3293 3064 νῦν
3325 3010 3380 3064 δὲ
3408 3013 3468 3064 οὗ
3503 3011 3702 3076 καλόν;

2129 3087 2268 3157 Ἐγὼ
2293 3089 2349 3141 δὲ.
2377 3089 2690 3142 τούναντίον
2713 3088 2875 3158 λέγω·
2911 3092 3028 3154 πῶς
3055 3091 3111 3145 δὲ
3143 3094 3242 3147 οὐκ
3266 3093 3332 3147 ἂν
3363 3096 3570 3164 γένοιτο
3606 3114 3705 3150 κα-

2114 3169 2204 3223 λὸν
2253 3173 2348 3224 καὶ⁵
2393 3172 2455 3224 06
2502 3172 2684 3235 καλὸν,
2713 3173 2822 3226 τῶν
2863 3175 3207 3246 πραγμάτων
3255 3179 3509 3232 ἁπάντων
3563 3181 3704 3233 αὐτὰ

2116 3253 2386 3324 βοώντων,
2411 3255 2522 3309 τῶν
2542 3255 2768 3328 τεχνῶν,
2793 3257 2902 3311 τῶν
2927 3260 3174 3330 καρπῶν,
3204 3262 3312 3315 τῶν
3335 3263 3510 3318 ἄλλων
3531 3265 3704 3319 ἀπάν-

2112 3355 2254 3403 των;
2281 3340 2424 3410 Ὅρα
2451 3339 2584 3407 γοῦν
2617 3342 2709 3393 ἐπὶ
2738 3341 2837 3412 τῆς
2880 3344 3095 3410 φύσεως
3122 3345 3220 3416 τῆς
3247 3347 3539 3420 ’ἡμετέρας
3567 3349 3704 3402 αὐτὸ

2113 3425 2334 3496 πρῶτον
2367 3426 2686 3495 συμϐαῖνον.
2731 3427 2805 3480 Τὸ
2841 3427 2951 3500 γὰρ
2999 3429 3362 3498 βαστάζεσθαι
3407 3434 3464 3485 ἐν
3505 3434 3604 3504 μὲν
3633 3437 3700 3504 τῇ

2120 3508 2306 3581 πρώτῃ
2335 3510 2522 3583 ἡλικίᾳ
2555 3510 2737 3574 καλὸν,
2770 3512 2906 3582 μετά
2933 3513 2989 3565 δὲ
3020 3512 3191 3574 ταῦτα
3221 3513 3483 3587 ὀλέθριον·
3516 3517 3577 3570 τὸ
3612 3535 3703 3588 με·

2117 3593 2442 3666 μασημένην
2482 3592 2689 3665 τροφὴν
2735 3594 2957 3658 ἐσθίειν,
2996 3597 3054 3649 ἐν
3106 3597 3205 3668 μέν
3252 3599 3557 3670 προοιμίοις
3598 3601 3702 3670 τῆς

2113 3676 2260 3747 ζωῆς
2284 3677 2443 3748 ἡμῶν
2477 3677 2661 3743 καλὸν,
2702 3679 2840 3748 μετά
2870 3679 2926 3731 δὲ
2951 3679 3128 3735 ταῦτα
3165 3681 3493 3754 βδελυγμίάς
3517 3685 3698 3755 γέμειο

2111 3760 2172 3812 τὸ
2197 3760 2761 3832 γαλακτοτροφεῖσθαι
2803 3763 2898 3815 καὶ
2937 3764 3073 3833 πρὸς
3119 3765 3220 3836 τὴν
3250 3765 3418 3836 θηλὴν
3456 3766 3697 3836 φεύγειν,

2111 3843 2171 3897 ἐν
2195 3845 2336 3916 ἀρχῇ
2385 3845 2485 3914 μὲν
2527 3847 2796 3918 χρήσιμον
2820 3847 2915 3900 καὶ
2947 3848 3236 3920 σωτήριον,
3280 3850 3427 3923 [251]
3464 3851 3601 3921 μετά
3641 3852 3700 3906 δέ

2111 3927 2284 3981 ταῦτα
2325 3926 2570 4000 ὀλέθριον
2623 3930 2718 3983 καὶ
2768 3929 3052 4002 βλαϐερόν.
3087 3935 3249 4006 Ὁρᾷς
3294 3935 3409 3999 πῶς
3443 3935 3513 3989 τά
3557 3937 3699 3991 αύτά

2112 4011 2414 4082 πράγματα
2460 4012 2564 4066 ὑπὸ
2611 4012 2720 4065 τῶν
2757 4015 2966 4084 καιρῶν
3015 4017 3175 4081 καλά,
3228 4019 3321 4071 καὶ
3365 4019 3425 4072 06
3473 4019 3696 4075 τοιαῦτα

2111 4094 2358 4164 φαίνεται
2389 4096 2586 4160 πάλιν;
2624 4097 2733 4150 Καὶ
2765 4097 2877 4168 γὰρ
2906 4097 2968 4151 τὸ
2997 4099 3208 4170 ἱμάτιον
3239 4104 3423 4173 φορεῖν
3447 4103 3698 4156 παιδικὸν

2114 4180 2384 4251 μειρακίῳ
2421 4181 2519 4251 μὲν
2561 4181 2674 4233 δντι
2717 4182 2899 4248 καλὸν,
2931 4185 3087 4254 ἀνδρὶ
3127 4184 3184 4238 δὲ
3216 4187 3494 4257 γενομένῳ
3529 4187 3696 4241 πάλιν

2109 4265 2356 4336 αἰσχρόν.
2394 4266 2583 4318 Βούλει
2627 4267 2722 4320 καὶ
2781 4268 2846 4320 ἐκ
2881 4267 2990 4321 τῶν
3028 4269 3285 4323 ἐναντίων
3333 4271 3543 4341 μαθεῖν,
3577 4272 3697 4336 πῶς

2107 4349 2187 4418 τῷ
2221 4351 2374 4403 παιδὶ
2400 4350 2468 4404 τὰ
2495 4350 2590 4404 τοῦ
2634 4351 2829 4421 ἀνδρὸς
2880 4353 3203 4424 ἀνάρμοστα
3249 4355 3440 4422 πάλιν;
3489 4357 3587 4422 Δὸς
3615 4358 3698 4429 τῷ

2110 4432 2262 4485 παιδὶ
2295 4433 2508 4501 ἱμάτιον
2541 4433 2814 4503 ἀνδρικὸν,
2841 4437 2936 4488 καὶ
2962 4437 3130 4501 πολὺς
3158 4438 3308 4492 ἔσται
3333 4441 3362 4492 6
3386 4439 3575 4508 γέλως,
3601 4442 3695 4495 καὶ

2111 4515 2368 4585 μείζωνό
2407 4517 2671 4582 κίνδυνος,
2703 4520 2762 4574 ἐν
2802 4520 2880 4591 τῷ
2921 4520 3158 4592 βαδίζειν
3190 4523 3332 4577 οῦτω
3365 4541 3694 4596 περιτρεπο-

2111 4599 2273 4668 μένου
2301 4600 2579 4664 πολλάκις.
2604 4603 2703 4666 Δὸς
2740 4604 2890 4676 αύτῷ
2937 4607 3342 4678 μεταχειρίζειν
3391 4609 3693 4680 πράγματα

2109 4683 2380 4748 πολιτικὰ,
2408 4687 2502 4737 καὶ
2530 4687 2958 4756 ἐμπορεύεσθαι,
2993 4693 3088 4744 καὶ
3115 4692 3386 4763 σπείρειν,
3418 4695 3512 4746 καὶ
3547 4695 3696 4764 ἁμᾶ-

2109 4767 2252 4831 σθαι,
2288 4769 2382 4821 καὶ
2420 4770 2584 4823 πάλιν
2615 4770 2785 4835 πολὺς
2833 4772 2988 4827 ἔσται
3019 4775 3048 4826 6
3098 4774 3290 4840 γέλως.
3332 4777 3442 4829 Καὶ
3467 4777 3518 4830 τί
3547 4777 3694 4845 λέγω

2106 4849 2306 4914 ταῦτα;
2353 4853 2412 4904 Ὀ
2443 4853 2551 4922 γάρ
2599 4853 2759 4921 φόνος
2803 4856 2830 4908 6
2882 4855 3035 4928 παρά
3074 4859 3238 4911 πᾶσιν
3272 4858 3692 4930 ὡμολογημένος

2105 4935 2313 5007 εὕρεμα
2344 4932 2482 4989 εἶναι
2509 4936 2603 4990 τοῦ
2629 4938 2888 5011 πονηροῦ,
2916 4935 3070 5005 οὗτος
3091 4942 3479 5014 ἐπιλαϐόμενος
3498 4946 3690 5016 καιροῦ

2103 5021 2196 5074 τοῦ
2229 5025 2614 5092 προσήκοντος,
2633 5021 2722 5074 τὸν
2744 5024 3120 5095 ἐργασάμενον
3150 5025 3315 5079 αὐτὸν
3342 5027 3522 5090 Φινεὲς
3542 5027 3692 5099 ἱερω-

2105 5104 2238 5174 σύνῃ
2273 5104 2572 5174 τιμηθῆναι
2619 5105 2894 5176 ἐποίησεν.
2921 5108 3044 5162 ’Ότι
3097 5109 3206 5180 γάρ
3253 5111 3280 5162 6
3329 5109 3485 5178 φόνος
3529 5110 3691 5182 ἔργον

2103 5190 2332 5249 ἐκείνου,
2372 5189 2602 5242 ἄκουσον
2624 5189 2677 5242 τί
2711 5208 2894 5260 φησιν·
2941 5193 3128 5262 Ὑμεῖς
3158 5194 3231 5248 τὰ
3271 5193 3415 5264 ἔργα
3442 5195 3548 5249 τοῦ
3577 5212 3692 5250 πα-

2102 5272 2240 5337 τρὸς
2270 5271 2437 5340 ὑμῶν
2464 5272 2667 5326 θέλετε
2697 5275 2910 5328 ποιεῖν*
2941 5276 3170 5344 ἐκεῖνος
3195 5278 3692 5347 ἀνθρωποκτόνος

2101 5353 2180 5425 ἦν
2211 5357 2310 5410 ἀπ’
2335 5355 2548 5426 ἀρχῆς.
2569 5356 2708 5410 Ἀλλ’
2731 5359 2946 5426 ἐγένετο
2967 5359 3411 5432 ἀνθρωποκτόνος
3431 5364 3459 5416 ὁ
3477 5362 3689 5428 Φινεὲς,

2101 5441 2210 5494 Καὶ
2246 5441 2533 5511 ἐλογίσθη
2563 5442 2723 5507 αὐτῷ
2754 5445 2841 5508 είς
2864 5443 3281 5513 δικαιοσύνην,
3308 5445 3492 5516 φησίν.
3535 5447 3592 5501 '0
3626 5447 3688 5500 δὲ

482 5543 530 5575 ’⁸
554 5542 716 5612 φιλῶ]
751 5542 924 5616 δίο-Ε.
953 5543 1048 5616 Ep.
1079 5544 1361 5616 60.7mm.
1384 5546 1548 5616 vulgo
1577 5544 1776 5615 ἀφελῶ.
1800 5545 2008 5616 ἐάννάφε

2131 5544 2314 5616 αύτὸν,
2346 5545 2701 5614 δεδικαίωμαι
2729 5548 2790 5599 Α.
2821 5545 2883 5602 C.
2945 5549 2988 5578 ³⁷
3017 5546 3290 5603 Eilehalur
3310 5549 3362 5603 τί
3383 5543 3497 5613 οὖν,
3525 5550 3686 5604 δύνα-

415 5633 510 5698 μαι
548 5615 622 5685 μὴ
649 5617 816 5698 όρᾷνς
848 5614 973 5698 ιιι)ςί
1004 5614 1798 5698 inle‘grilag‘iisdenj‘syli§i6iis
1827 5615 2008 5698 (ibet

2149 5615 2610 5698 ιε’προδάλλεισθαι
2631 5617 2695 5670 Α.

414 5681 622 5770 ᾕυεφιέ
670 5681 883 5770 όκλόγος
917 5683 1070 5770 ύμώὶν
1110 5684 1237 5770 ξαν.
1263 5683 1421 5770 gen;
1484 5683 1799 5770 "ﬁﬂﬂéﬂ:

2108 5701 2151 5756 p.
2186 5681 2268 5770 ἦν’
2281 5702 2368 5739 om
2381 5729 2392 5740 .
2423 5688 2604 5770 iidem:

413 5753 810 5818 Μολέύκόλως
853 5753 965 5809 om;
1010 5753 1069 5807 Β.
1108 5753 1169 5808 F.
1263 5756 1310 5786 ”
1361 5755 1456 5810 νῦν
1497 5753 1681 5812 addidi
1720 5773 1786 5811 ex

1820 5758 1886 5810 Α.
1921 5757 1983 5810 C.
2027 5774 2078 5826 ρ.
2127 5772 2211 5826 μή
2235 5757 2324 5809 ὅτε
2375 5767 2498 5826 pos:
2533 5758 2653 5810 τότε
2686 5759 2885 5813 excidi:
2930 5761 2982 5813 in
3028 5759 3088 5814 D.
3123 5759 3258 5814 Mor.
3293 5757 3424 5816 Ben;

2899 5620 2944 5690 εξ
2979 5619 3128 5690 ὑμῖν]
3161 5620 3314 5690 ὑμῶν
3350 5619 3592 5690 3.0.12.
3625 5621 3681 5677 ε.

2715 5688 2755 5718 ³³
2783 5688 3026 5744 τοσοῦτοι
3056 5688 3126 5743 Δί
3167 5688 3228 5743 C.
3264 5689 3590 5762 κατώρθωσε
3618 5691 3680 5745 Ι).

2721 5759 2885 5813 xcidit
2930 5761 2982 5813 in
3028 5759 3088 5814 D.
3123 5759 3258 5814 Mor.
3293 5761 3424 5816 Ben.
3501 5761 3547 5792 ³³
3592 5762 3686 5818 Sic

413 5827 472 5882 l'l.
518 5826 612 5878 hoc
647 5827 762 5894 ipso
811 5841 1015 5896 quoque
1034 5841 1137 5895 quo
1178 5827 1407 5880 maxime
1448 5838 1733 5882 accusatur
1774 5845 1806 5881 ιι
1838 5826 1989 5881 nobis

415 5896 750 5932 Runﬂa’v‘ilcovno
811 5911 907 5932 nam
930 5896 1086 5932 qlilnr
1118 5895 1240 5932 Ann
1297 5897 1398 5932 nini
1422 5899 1566 5932 ιιιιηιΙ
1596 5897 1750 5932 ιεηητιιι
1778 5914 1875 5932 παθη
1906 5898 2004 5932 αι’.-

2108 5843 2135 5881 ι.
2176 5825 2345 5896 Vulgo
2380 5825 2574 5896 legitur
2601 5830 2694 5880 καὶ
2736 5828 2826 5881 διὰ
2862 5831 3019 5885 τοῦτο
3059 5830 3297 5932 μάλιστα
3343 5831 3472 5902 παρ’
3499 5833 3684 5886 αὐτῶν

2118 5898 2269 5932 ΙμιΙιηΙ
2371 5899 2413 5930 as
2445 5899 2779 5932 wennunt’nurn
2809 5899 2844 5932 Ω
2901 5899 2936 5932 l.‘
3036 5902 3056 5932 ι
3101 5902 3315 5932 μηλέαι..
3357 5903 3385 5932 Α
3440 5900 3476 5932 n
3537 5901 3576 5932 ιι
3615 5903 3655 5932 l.‘

349 5897 352 5900 ’
415 5896 775 5963 διαϐάλλεται,
811 5893 908 5953 {nec
929 5893 1086 5952 sum
1111 5895 1264 5952 Anu.
1296 5897 1399 5954 nisi
1422 5899 1568 5969 quod
1595 5897 1750 5969 ὑμῶν
1777 5914 1875 5970 pro
1905 5898 2004 5950 αύτ

2115 5893 2303 5954 habet
2371 5893 2784 5969 ³1’περιχρίουσι
2808 5899 2863 5953 Β.
2900 5899 2957 5955 F.
3036 5902 3056 5933 ³

3100 5902 3316 5956 ἐνέϐαλε
3348 5903 3413 5955 Δ.
3426 5900 3496 5956 Β.
3536 5901 3594 5959 D.
3614 5903 3678 5957 Ε.
