3856 6180
149 284 236 340 Ξϐί

148 396 268 453 illud
311 394 534 450 thronus
563 400 666 457 est,
711 388 825 443 lure
859 385 1170 451 scabellum,
1213 384 1447 456 undique
1475 384 1622 456 ipsos
1657 384 1726 440 ad

153 490 423 544 Dominum
453 483 804 554 compellens.
835 481 923 538 56.
957 478 1133 548 Neque
1162 494 1250 548 per
1265 487 1424 546 caput
1452 486 1613 545 tuum,
1643 478 1729 532 in-

146 582 269 652 quit,
313 581 435 650 quia
458 595 563 632 non
600 584 740 647 potes
769 589 927 628 unum
945 572 1190 643 capillum
1229 569 1399 624 album
1427 572 1613 641 facere,
1644 577 1731 623 aut

146 674 354 743 nigrum.
401 670 611 724 Rursus
651 682 756 720 non
786 665 1054 720 hominem
1097 661 1390 726 admirans,
1418 660 1726 729 subjunxit,

145 777 304 831 neque
344 776 442 830 per
477 767 638 829 caput
668 756 784 826 ejus
816 769 936 810 esse
958 751 1265 822 jurandum,
1312 750 1546 820 alioquin
1587 748 1728 804 enim

145 856 248 924 ipse
267 853 432 906 homo
458 850 710 906 adoratus
735 846 920 900 luisset
939 861 953 908 ;
975 843 1067 898 sed
1085 841 1306 912 gloriam
1333 841 1442 896 Deo
1467 840 1724 905 referens,

146 957 194 1002 et
210 944 523 1008 ostendens,
561 950 614 996 te
645 956 715 995 ne
751 938 964 1009 quidem
993 935 1066 989 tui
1101 934 1379 989 dominum
1418 947 1559 996 esse,
1601 947 1728 1000 ergo

149 1055 304 1108 neque
328 1039 760 1108 juratnentorum
804 1047 898 1100 per
937 1026 1458 1097 caputemissorum.
1501 1024 1555 1079 Si
1586 1023 1728 1078 enim

147 1144 286 1185 nemo
319 1129 486 1181 lilium
527 1140 680 1180 suum
711 1122 866 1177 alteri
904 1119 1126 1183 dederit,
1176 1117 1342 1172 multo
1380 1116 1555 1170 minus
1590 1115 1728 1168 Deus

146 1237 260 1290 Opus
289 1233 452 1272 suum
497 1215 590 1270 tibi
616 1212 896 1269 concedet.
940 1210 1158 1265 Etiamsi
1187 1209 1331 1263 enim
1370 1215 1530 1276 caput
1579 1216 1724 1287 tuum

146 1315 222 1379 sit,
254 1311 349 1366 sed
382 1309 606 1362 alterius
641 1313 724 1360 est
764 1303 1030 1374 possessio
1063 1320 1075 1354 :
1111 1308 1420 1368 tantumque
1457 1299 1610 1352 abest
1657 1311 1725 1352 ne

148 1405 380 1460 dominus
409 1401 530 1469 ejus
574 1399 668 1462 sis,
710 1405 864 1451 utne
908 1393 1186 1448 minimum
1214 1391 1428 1460 quidem
1461 1388 1631 1455 νομεῖς
1674 1389 1724 1442 in

146 1498 226 1550 illo
252 1493 491 1564 operari.
522 1490 635 1544 Non
666 1489 808 1543 enim
829 1485 979 1550 dixit,
1005 1484 1118 1538 Non
1143 1491 1292 1552 potes
1319 1480 1614 1551 producere
1637 1496 1728 1534 ca-

146 1588 347 1656 pillum;
398 1582 520 1646 sed,
570 1580 754 1650 Neque
802 1577 918 1649 ejus
963 1576 1270 1646 qualitatem
1311 1583 1537 1628 mutare.
1589 1572 1724 1640 Quid

146 1681 307 1748 igitur,
335 1676 382 1729 si
417 1675 558 1742 quis,
593 1671 820 1741 inquies,
848 1670 1206 1740 juramentum
1234 1666 1427 1735 exigat,
1463 1673 1516 1718 et
1543 1678 1726 1753 nec-es-

144 1772 339 1824 sitatcm
365 1764 625 1820 inducat?
666 1762 758 1818 Dei
789 1763 947 1817 timor
987 1758 1304 1815 necessitate
1332 1757 1402 1810 sit
1437 1757 1722 1826 potentior.

145 1861 259 1914 Nam
297 1859 343 1914 si
377 1857 518 1912 velis
564 1851 870 1924 hujusmodi
896 1865 1082 1907 causas
1127 1849 1381 1918 objicere,
1428 1847 1629 1901 nullum
1661 1861 1727 1901 ex

146 1949 413 2021 praeceptis
459 1946 724 2004 servabis.
767 1944 897 2000 Nam
928 1954 977 1997 et
1023 1942 1089 1997 de
1139 1955 1304 1996 uxore
1349 1939 1587 1994 dicturus
1624 1954 1724 1994 es:

145 2042 268 2110 Quid
293 2041 480 2111 igitur,
511 2038 556 2093 si
586 2037 814 2108 litigiosa
841 2043 894 2088 et
931 2042 1238 2103 sumptuosa
1268 2032 1374 2086 sit?
1405 2030 1473 2086 Et
1495 2030 1562 2085 de
1595 2045 1727 2086 ocu-

147 2137 190 2188 lo
207 2134 394 2188 dextro
429 2148 441 2183 :
472 2128 609 2196 Quid
633 2127 812 2198 igitur,
835 2122 1353 2193 sidiligameum,et
1381 2118 1536 2174 urar?
1569 2119 1631 2173 Et
1661 2119 1728 2174 de

147 2225 403 2293 impudico
431 2230 651 2292 aSpectu
677 2236 691 2272 :
724 2219 864 2286 Quid
892 2218 1068 2288 igitur,
1103 2230 1170 2269 an
1202 2228 1417 2285 possum
1442 2229 1546 2267 non
1572 2212 1722 2268 vitle-

147 2317 229 2371 re?
257 2316 322 2370 Et
344 2314 418 2370 de
441 2315 519 2367 ira
548 2313 598 2366 in
624 2311 840 2366 fratrem
867 2327 879 2362 :
907 2307 1043 2376 Quid
1073 2306 1251 2376 igitur,
1280 2304 1324 2359 si
1347 2319 1584 2374 praeceps
1605 2305 1727 2370 sim,

145 2422 189 2463 et
217 2410 450 2477 linguam
481 2416 666 2461 tenere
699 2417 804 2457 non
827 2400 1066 2471 possim?
1101 2400 1166 2454 Et
1193 2398 1271 2454 sic
1302 2412 1519 2468 prorsus
1550 2397 1728 2451 omnia

145 2516 286 2570 supra
315 2500 462 2554 dicta
507 2496 758 2551 calcabis.
803 2495 958 2564 Atqui
1002 2492 1054 2546 in
1087 2491 1288 2561 legibus
1331 2490 1576 2544 humanis
1618 2491 1732 2542 haec

145 2589 430 2645 obtendere
474 2602 579 2641 non
624 2584 789 2651 ausis,
834 2598 1006 2653 neque
1051 2583 1252 2649 dicere,
1298 2581 1436 2648 Quid
1467 2581 1640 2651 igitur,
1686 2579 1731 2633 si

146 2687 253 2750 hoc,
294 2683 380 2738 vel
431 2681 602 2735 illud?
637 2679 731 2734 sed
780 2693 873 2732 seu
912 2685 1100 2746 sponte
1125 2689 1222 2730 seu
1270 2675 1465 2729 invitus
1505 2688 1567 2730 ea
1613 2687 1732 2743 qua:

145 2777 323 2846 scripta
368 2783 500 2829 sunt
537 2772 754 2842 accipis.
801 2769 1048 2838 Alioquin
1086 2776 1264 2822 autem
1311 2781 1598 2838 numquam
1625 2767 1730 2820 vim

147 2868 579 2924 necessitatemve
627 2862 863 2932 patieris.
916 2860 1051 2915 Nam
1081 2860 1168 2930 qui
1207 2859 1560 2914 beatitudines
1582 2857 1732 2928 prius

143 2962 437 3015 eiiuntiatas
462 2956 681 3020 audivit,
708 2971 772 3010 ac
791 2955 1022 3024 seipsum
1056 2954 1123 3006 ita
1153 2952 1470 3022 composuit,
1502 2958 1560 3006 ut
1579 2949 1732 3004 Chri-

144 3053 446 3123 ttusjussit,
477 3050 676 3104 nullam
703 3063 733 3102 a
763 3047 951 3118 quovis
980 3044 1196 3099 homine
1217 3041 1522 3112 hujusmodi
1545 3057 1733 3098 neces-

143 3145 338 3199 sitatem
367 3142 628 3212 patietur,
663 3153 783 3193 cum
812 3137 883 3192 sit
910 3135 1048 3206 apud
1076 3148 1264 3189 omnes
1293 3131 1638 3188 admirandus
1678 3141 1734 3187 et

143 3233 481 3289 honorabilis.
507 3232 598 3287 57.
628 3229 710 3285 Sit
731 3237 895 3282 autem
916 3242 1078 3281 sermo
1103 3235 1279 3292 vester,
1303 3233 1395 3290 est,
1423 3233 1513 3289 est,
1541 3233 1730 3292 etnon,

141 3342 226 3380 non
258 3341 276 3379 :
305 3323 450 3394 quod
487 3330 655 3376 autem
694 3320 831 3374 ultra
864 3318 1183 3389 adjunqitur,
1216 3334 1279 3371 ea:
1305 3317 1438 3371 man
1475 3315 1566 3371 est.
1595 3315 1732 3383 Quid

140 3416 283 3486 igitur
303 3426 764 3484 supervacaneum
788 3409 913 3466 illud
935 3419 1032 3475 est,
1055 3405 1212 3474 ultra,
1236 3407 1324 3463 Est
1345 3418 1390 3462 et
1416 3425 1516 3463 non
1535 3409 1560 3462 ?
1579 3407 1736 3464 Jura-

143 3518 393 3573 mentum,
425 3522 532 3562 non
555 3514 733 3561 autem
761 3503 1073 3574 perjurium.
1103 3502 1215 3557 Hoc
1233 3503 1376 3558 enim
1402 3502 1455 3556 in
1483 3501 1731 3557 confesso

140 3610 228 3668 est,
259 3611 316 3656 et
341 3612 509 3654 nemo
535 3606 618 3654 est
640 3597 764 3666 quin
809 3596 1074 3658 didicerit,
1104 3609 1132 3648 a
1161 3594 1302 3648 malo
1327 3609 1465 3660 esse,
1496 3609 1596 3649 nec
1637 3608 1732 3650 su-

142 3704 525 3760 pervacaneum
570 3703 709 3753 esse,
751 3687 842 3742 sed
873 3687 1197 3741 contrarium
1232 3704 1245 3739 :
1279 3700 1732 3756 supervacaneum

141 3793 305 3836 autem
347 3790 457 3843 est,
485 3778 630 3850 quod
673 3777 812 3832 ultra
840 3785 894 3832 et
921 3791 1042 3832 cum
1081 3775 1433 3830 redundantia
1461 3775 1730 3845 adjicitur,

141 3875 340 3945 taleque
375 3882 462 3929 est
487 3873 869 3943 juramentum.
910 3869 1173 3938 Quidnam
1203 3884 1332 3924 vero
1357 3869 1485 3924 dicit
1520 3885 1551 3924 a
1593 3861 1735 3948 malo

141 3972 286 4023 csse?
308 3978 366 4023 et
394 3967 442 4022 si
473 3982 500 4020 a
547 3965 686 4020 malo
713 3973 851 4031 erat,
874 3979 970 4019 cur
1008 3963 1294 4032 jubebatur
1322 3963 1374 4016 in
1404 3962 1560 4032 lege?
1588 3962 1732 4033 ldip-

142 4075 249 4115 sum
278 4061 445 4114 etiam
469 4059 539 4114 de
578 4073 744 4113 uxore
764 4043 914 4113 dices
939 4074 952 4111 :
984 4055 1093 4110 Cur
1109 4055 1219 4126 jam
1262 4055 1541 4112 fornicatio
1570 4071 1733 4126 repu-

145 4164 274 4207 tatur
318 4153 370 4207 id
414 4151 560 4220 quod
599 4151 726 4204 olim
753 4147 1200 4218 permittebatur?
1236 4147 1373 4216 Quid
1413 4147 1478 4200 ad
1506 4148 1621 4201 hanc
1650 4149 1734 4202 di-

144 4243 359 4298 cendum
377 4244 401 4296 ?
422 4243 550 4316 Hmc
569 4251 695 4295 tunc
714 4238 855 4295 diota
879 4238 1041 4293 fuisse
1061 4236 1354 4293 secundum
1374 4237 1734 4294 inlirmitatem

145 4350 320 4388 eorum
348 4334 442 4405 qui
467 4334 615 4402 leges
638 4329 1009 4400 accipiebant:
1042 4345 1162 4384 nam
1195 4340 1248 4384 et
1273 4329 1463 4385 nidore
1490 4331 1734 4386 victima-

145 4442 251 4480 rum
281 4425 386 4482 coli
417 4423 693 4494 indignum
721 4420 1007 4476 admodum
1038 4421 1148 4476 Deo
1172 4430 1272 4487 est,
1307 4422 1447 4476 sicut
1476 4421 1737 4477 balbutire

147 4518 410 4588 indignum
443 4513 784 4586 philoSOpho.
833 4512 1167 4568 Adulterium
1195 4528 1322 4583 ergo
1358 4529 1499 4569 nunc
1526 4524 1740 4584 reputa-

149 4621 226 4664 tur
248 4608 413 4674 illud;
461 4616 516 4662 et
545 4622 575 4660 a
604 4605 747 4661 malo
774 4613 858 4660 est
883 4603 1084 4673 jurare,
1108 4603 1322 4674 quando
1348 4615 1500 4659 aucta
1531 4612 1588 4658 et
1614 4620 1736 4678 per-

150 4700 274 4755 fecta
316 4700 488 4754 virtus
534 4705 634 4752 est.
665 4695 720 4751 Si
759 4711 890 4752 vero
938 4695 1021 4750 ha;
1045 4695 1112 4749 ab
1164 4695 1312 4750 initio
1350 4695 1544 4750 diaboli
1594 4697 1738 4767 leges

153 4790 384 4857 fuissent,
415 4803 524 4842 non
557 4786 736 4857 utique
765 4794 966 4840 tantum
998 4784 1367 4856 profecissent.
1392 4783 1602 4841 Etenim
1637 4788 1736 4842 nisi

154 4881 234 4936 illa
258 4881 616 4952 prmivissent,
645 4894 751 4932 non
784 4878 854 4932 ita
882 4876 1037 4931 facile
1061 4876 1175 4932 haec
1203 4893 1344 4932 nunc
1367 4888 1585 4948 accepta
1610 4879 1740 4933 fuis-

154 4982 280 5028 sent.
304 4973 426 5028 Noli
467 4971 626 5041 igitur
660 4984 846 5025 eorum
891 4969 1165 5037 requirere
1208 4969 1480 5034 virtutem,
1528 4969 1740 5038 quando

155 5079 326 5119 eorum
361 5078 496 5119 usus
538 5061 830 5132 prazterivit
861 5077 875 5114 :
917 5068 1046 5115 tunc
1073 5060 1215 5116 enim
1263 5070 1468 5131 tempus
1499 5061 1549 5116 id
1592 5071 1742 5134 pete-

157 5155 265 5222 bat;
294 5157 404 5210 imo
433 5169 584 5220 vero,
615 5154 660 5208 si
685 5154 786 5218 vis,
819 5153 979 5208 etiam
1009 5168 1169 5207 nunc.
1203 5151 1337 5207 Nam
1359 5169 1543 5215 eorum
1574 5156 1741 5210 virtus

83 5283 96 5298 .
158 5247 444 5302 ostenditur
493 5260 563 5300 ex
608 5259 675 5299 eo
722 5243 840 5313 ipso
884 5257 990 5312 quo
1031 5243 1199 5314 magis
1245 5255 1547 5300 accusatur.
1587 5245 1737 5312 Quod

158 5340 287 5393 enim
315 5339 430 5394 haec
475 5338 599 5393 talia
630 5351 772 5392 nunc
811 5315 1112 5398 videantur,
1144 5351 1328 5390 eorum
1368 5338 1598 5391 maxima
1629 5340 1741 5393 laus

159 5439 249 5482 est.
275 5429 384 5488 Nisi
429 5430 574 5485 enim
607 5444 704 5484 nos
748 5427 971 5498 pulchre
1003 5427 1332 5493 nutrivisset,
1362 5436 1417 5483 et
1444 5428 1510 5482 ad
1540 5429 1740 5499 majora

164 5521 457 5590 recipienda
491 5519 712 5575 idoneos
752 5516 1093 5580 reddidisset,
1133 5533 1236 5572 non
1267 5517 1389 5572 talia
1433 5519 1735 5575 viderentur

161 5625 290 5667 esse.
337 5610 798 5681 Quemadmodum
848 5609 1256 5673 mamilla,cum
1303 5625 1455 5664 suum
1506 5610 1743 5680 implevit

161 5704 402 5772 ofﬁcium,
433 5714 488 5762 et
513 5703 581 5760 ad
620 5701 993 5776 perfectiorem
1042 5715 1280 5757 mensam
1328 5717 1458 5772 puer
1493 5702 1737 5771 mittitur,
1767 5745 1772 5749 .

1297 271 1360 327 IN
1399 269 1806 328 ΜΑΤΤΗᾹΞΠΜ
1843 271 2074 330 HOMIL.
2115 273 2279 333 XVII.

3320 286 3423 342 26‘}

1841 383 2056 444 demum
2078 389 2281 446 inutilis
2309 388 2540 458 videtur;
2568 402 2814 463 parentes
2840 398 3078 468 vero,qui
3105 397 3251 457 illam
3281 402 3419 472 prius

1833 491 2003 553 puero
2034 483 2390 549 necessariam
2418 497 2541 538 esse
2565 485 2848 552 putabant,
2883 487 3028 544 mille
3053 500 3236 553 postea
3280 495 3421 549 illam

1824 551 2170 612 irrisionibus
2197 551 2824 630 prosequ’uutuﬁmulti
2881 551 3066 620 autem
3121 584 3228 622 non
3285 587 3406 624 ver-

1824 645 1909 702 bis
1946 644 2124 703 solum
2176 649 2322 706 illam
2360 655 2674 721 traducunt,
2707 657 2801 712 sed
2830 658 2991 712 etiam
3023 660 3227 716 amaris
3259 661 3404 716 illam

1824 737 2426 813 oblinuntunguentis;
2466 756 2524 801 ut
2547 747 2592 801 si
2625 764 2731 803 non
2773 749 2985 818 possint
3015 751 3171 806 verba
3206 752 3408 822 impor-

1823 837 2014 884 tunum
2083 826 2405 890 huiusmodi
2456 839 2612 907 pueri
2660 839 2909 895 atl‘ectum
2960 858 3258 909 removere,
3318 862 3405 901 res

1820 916 1951 986 ipsae
1991 917 2320 976 desiderium
2371 935 2641 982 avertant.
2686 930 2702 960 ¹
2748 932 2840 984 Sic
2893 931 3146 986 Christus
3185 949 3214 987 a
3259 935 3404 989 malo

1818 1006 1933 1060 haec
1960 1022 2078 1061 esse
2109 1008 2270 1074 dixit,
2319 1025 2422 1064 non
2455 1021 2512 1064 ut
2559 1013 2868 1068 ostenderet
2907 1026 3142 1071 veterem
3169 1016 3339 1088 legem
3370 1033 3401 1072 a

1817 1098 2028 1161 diabolo
2056 1100 2335 1168 prodiisse,
2367 1101 2458 1156 sed
2488 1111 2544 1156 ut
2573 1104 2938 1160 vehementius
2959 1122 2990 1161 a
3011 1107 3177 1162 veteri
3203 1108 3405 1164 vilitate

1816 1201 2114 1247 revocaret.
2149 1192 2214 1246 Et
2248 1192 2520 1264 discipulis
2549 1195 2763 1265 quidem
2813 1197 2928 1254 hmc
2956 1200 3124 1265 dicit;
3180 1201 3273 1256 sed
3313 1201 3405 1256 Ju-

1817 1281 1945 1336 daeis
1964 1283 2192 1352 stupidis
2215 1293 2268 1338 et
2308 1285 2361 1339 in
2392 1285 2578 1340 iisdem
2612 1290 3103 1356 perseverantibus,
3138 1307 3236 1346 ceu
3269 1309 3405 1362 qua-

1817 1375 1936 1429 dam
1959 1377 2332 1443 amaritudine,
2359 1379 2681 1449 captivitatis
2722 1390 2866 1436 metu
2899 1383 3084 1438 urbem
3135 1385 3407 1440 circumli-

1818 1465 1980 1520 nitatn
2035 1466 2363 1522 inaccessam
2407 1470 2658 1526 reddidit.
2691 1473 2822 1539 Quia
2852 1489 2977 1528 vero
3005 1491 3069 1528 ne
3097 1474 3147 1529 id
3183 1476 3398 1544 quidem

1819 1561 1988 1628 potuit
2015 1560 2158 1629 ipsos
2185 1562 2415 1616 retinere
2440 1603 2454 1626 ,
2482 1562 2573 1616 sed
2597 1578 2713 1617 eam
2739 1579 2924 1619 rursus
2950 1565 3130 1620 videre
3152 1567 3408 1635 Optabaut

1817 1651 1967 1718 quasi
1992 1652 2140 1720 pueri
2172 1650 2238 1705 ad
2267 1652 2552 1706 mamillam
2598 1664 2972 1722 aceurrentes,
3018 1657 3230 1711 demum
3260 1657 3407 1712 illam

1819 1740 2122 1807 occultavit,
2155 1741 2240 1795 illa
2269 1742 2380 1811 ipsa
2409 1742 2605 1808 diruta,
2637 1753 2684 1798 et
2718 1746 2982 1816 plerisque
3005 1750 3192 1802 eorum
3225 1750 3406 1817 procul

1821 1830 2063 1885 abductis
2102 1849 2114 1884 :
2149 1832 2595 1901 quemadmodum
2648 1835 2856 1902 plurimi
2904 1837 3131 1901 vitulos,
3161 1853 3190 1890 a
3236 1839 3411 1894 vaccis

1783 1929 1788 1933 '
1820 1921 2078 1977 abductos
2104 1922 2442 1992 inclusosque
2463 1967 2477 1989 ,
2514 1933 2753 1993 tempore
2778 1925 3164 1994 assuefaciunt;
3196 1937 3252 1982 ut
3280 1943 3306 1981 a
3334 1930 3412 1982 la-

1819 2014 1919 2069 ctis
1941 2016 2324 2070 consuetudine
2351 2016 2658 2070 abscedant.
2688 2016 2818 2071 Nam
2844 2019 2887 2071 si
2919 2017 3115 2074 diaboli
3145 2031 3295 2075 vetus
3326 2021 3412 2077 lex

1821 2115 1995 2174 esset,
2041 2121 2145 2160 non
2193 2108 2260 2161 ah
2305 2105 2604 2164 idololatria
2633 2109 2974 2176 abduxisset,
3011 2112 3118 2166 imo
3145 2123 3328 2168 contra
3358 2115 3410 2166 in

1821 2197 1963 2252 illam
1991 2195 2311 2267 conjecisset
2344 2218 2356 2253 :
2392 2199 2442 2253 id
2492 2200 2634 2255 enim
2677 2201 2894 2255 volebat
2947 2201 3212 2258 diabolus.
3259 2204 3413 2260 Nunc
3492 2272 3498 2278 _

1821 2296 1998 2344 autem
2020 2290 2348 2344 contrarium
2379 2304 2594 2357 prorsus
2617 2289 2858 2345 videmus
2880 2307 2909 2345 a
2931 2293 3100 2348 veteri
3118 2295 3233 2364 lege
3250 2294 3410 2350 el‘lici.

1825 2381 1891 2435 Et
1913 2381 2085 2452 ipsum
2115 2398 2326 2453 quoque
2353 2383 2709 2453 juramentum
2734 2384 2856 2440 ideo
2882 2385 2934 2440 in
2961 2387 3125 2442 veteri
3155 2395 3411 2443 statutum

1822 2473 1939 2541 fuit,
1972 2489 2040 2528 ne
2069 2489 2164 2543 per
2193 2474 2333 2528 idola
2359 2474 2623 2544 jurarent.
2664 2474 2878 2544 Jurale,
2910 2475 3099 2546 inquit,
3129 2494 3218 2549 per
3247 2478 3415 2533 Deum

1822 2582 1990 2621 verum
2019 2568 2158 2638 (Jer.
2182 2569 2236 2622 4.
2261 2567 2297 2621 2
2318 2570 2356 2637 ).
2383 2566 2497 2622 Non
2526 2568 2684 2637 igitur
2711 2581 2870 2638 parva
2898 2569 3139 2637 quaedam
3166 2571 3254 2626 lex
3284 2572 3415 2627 elle-

1822 2657 1914 2724 cit,
1944 2657 2039 2713 sed
2064 2671 2253 2728 magna
2286 2657 2486 2728 utique.
2519 2656 2652 2711 Nam
2691 2657 2757 2712 ad
2788 2658 3015 2714 solidum
3045 2659 3225 2716 cibum
3261 2676 3415 2717 acce-

1824 2749 1986 2814 dere,
2018 2749 2069 2804 id
2114 2749 2414 2804 Ser’vatoris
2451 2748 2548 2803 fuit
2571 2763 2725 2821 epus.
2761 2748 2898 2816 Quid
2943 2749 3140 2820 igitur?
3181 2765 3358 2808 annon
3381 2769 3414 2807 τι

1825 2842 1967 2896 malo
1987 2850 2069 2897 est
2093 2840 2308 2910 jurare?
2335 2841 2377 2894 Α
2406 2840 2550 2894 malo
2592 2847 2675 2895 est
2698 2840 2912 2911 utique;
2956 2841 3052 2897 sed
3098 2857 3240 2898 nunc
3293 2854 3417 2915 post

1826 2940 2024 2987 tantam
2055 2931 2479 3002 philosophiam;
2528 2938 2656 2986 tunc
2703 2941 2883 2988 autem
2925 2932 3163 2989 minime.
3195 2934 3261 2989 Et
3285 2950 3418 3004 quo-

1825 3023 2022 3091 modo,
2080 3023 2316 3094 inquies,
2364 3022 2593 3093 idipsum
2639 3025 2809 3093 pessit
2854 3037 2975 3079 esse
3015 3038 3157 3078 nunc
3181 3024 3414 3093 bonum,

1826 3130 1970 3171 nunc
2006 3114 2227 3169 minime
2281 3114 2514 3170 bonum?
2560 3114 2674 3186 Ego
2703 3123 2880 3170 autem
2904 3131 2934 3172 e
2961 3118 3231 3172 contrario
3258 3117 3379 3173 dico
3398 3159 3415 3185 ,

1825 3207 2094 3278 quomodo
2140 3221 2244 3260 non
2292 3207 2361 3260 sit
2400 3215 2455 3262 et
2497 3205 2692 3262 bonum
2738 3217 2794 3262 et
2835 3223 2943 3263 non
2989 3207 3223 3275 bonum,
3256 3210 3419 3266 rebus

1826 3299 2072 3354 omnibus
2099 3298 2175 3352 sic
2195 3298 2570 3363 clamantibus,
2602 3299 2804 3355 artibus
2823 3342 2838 3368 ,
2870 3300 3129 3358 fructibus
3153 3345 3166 3368 ,
3194 3304 3421 3374 aliisque

1828 3392 2121 3448 omnibus?
2143 3392 2378 3446 Primum
2408 3392 2459 3446 id
2490 3392 2670 3447 videas
2692 3393 2744 3446 in
2776 3402 2963 3448 natura
2997 3405 3179 3458 nostra
3204 3397 3421 3452 contin-

1827 3499 1972 3555 gere.
2003 3483 2211 3538 Gestari
2238 3484 2380 3538 enim
2408 3486 2459 3538 in
2490 3483 2659 3554 prima
2687 3494 2843 3538 aetate
2868 3485 3064 3541 bonum
3087 3498 3199 3555 est,
3231 3499 3420 3558 postea

1830 3590 1962 3632 vero
1989 3576 2348 3646 perniciosum
2372 3592 2387 3642 ;
2424 3576 2738 3646 prmmansis
2762 3577 2834 3632 uti
2861 3578 2994 3633 cibis
3024 3579 3074 3633 in
3100 3579 3274 3651 primo
3298 3583 3421 3637 vitae

1831 3677 2074 3739 tempore
2102 3668 2322 3734 bonum,
2374 3678 2557 3738 postea
2605 3682 2732 3724 vero
2761 3667 2983 3725 horrore
3014 3671 3261 3741 plenum;
3285 3673 3422 3730 lacte

1830 3764 1899 3818 ali
1927 3773 1982 3818 et
2025 3762 2091 3816 ad
2119 3776 2406 3817 mammam
2446 3763 2733 3832 confugere
2755 3763 2906 3818 initio
2934 3765 3061 3819 utile
3087 3774 3170 3820 est
3195 3774 3250 3821 et
3274 3767 3420 3820 salu-

1832 3864 1983 3919 tare,
2038 3861 2222 3924 postea
2271 3867 2397 3908 vero
2452 3854 2809 3924 perniciosum
2857 3862 2912 3909 et
2951 3856 3188 3911 noxium.
3233 3857 3425 3913 Viden‘

1831 3944 2102 4014 quomodo
2142 3943 2343 4000 eaedem
2387 3959 2474 3999 res
2506 3945 2799 4000 secundum
2830 3955 3069 4017 tempora
3097 3947 3252 4003 bonae
3281 3950 3423 4014 sint,
3451 3997 3461 4003 .

1833 4045 1887 4092 et
1913 4045 2098 4108 postea
2128 4052 2233 4092 non
2258 4036 2391 4092 tales
2431 4036 2756 4108 appareant?
2779 4037 2911 4092 Nam
2953 4040 3157 4108 puerile
3205 4041 3424 4110 pallium

1833 4137 2046 4199 gestare
2076 4143 2241 4198 puero
2269 4127 2481 4198 quidem
2520 4128 2824 4194 honestum,
2877 4131 2996 4185 viro
3042 4140 3219 4186 autem
3249 4141 3425 4202 turpe.

1840 4219 1997 4275 Visne
2022 4220 2182 4274 etiam
2232 4235 2298 4273 ex
2328 4218 2611 4272 contrariis
2639 4219 2864 4284 idipsum
2891 4220 3098 4275 discere
3121 4263 3137 4288 ,
3161 4223 3429 4291 quomodo

1839 4324 1958 4380 qua:
1987 4310 2103 4363 viro
2131 4316 2442 4378 competunt
2466 4349 2480 4375 ,
2507 4323 2673 4377 puero
2703 4317 2825 4378 apta
2853 4323 2956 4363 non
2991 4310 3136 4365 sint?
3161 4311 3236 4365 Da
3263 4325 3430 4380 puero

1838 4399 2053 4468 pallium
2076 4398 2248 4464 virile,
2273 4397 2396 4451 hinc
2419 4398 2676 4466 plurimus
2698 4407 2950 4467 sequetur
2968 4399 3128 4467 risus,
3152 4401 3433 4471 majusque

1838 4492 1892 4545 in
1943 4488 2236 4543 incedendo
2262 4487 2580 4558 periculum,
2613 4489 2684 4542 ita
2716 4503 2856 4558 saepe
2885 4491 2986 4544 huc
3015 4491 3142 4546 illuc
3171 4501 3429 4548 vertetur.

1838 4575 1913 4636 Da
1935 4582 2092 4636 etiam
2117 4580 2189 4634 illi
2208 4579 2386 4634 civilia
2411 4579 2616 4649 negotia
2636 4580 2929 4647 tractanda,
2947 4581 3029 4637 vel
3053 4592 3433 4650 mercaturam,

1840 4675 1924 4730 vel
1954 4673 2166 4730 serendi
2198 4672 2538 4740 metendique
2559 4681 2750 4738 artem,
2774 4682 2828 4728 et
2847 4673 3130 4728 ridiculum
3154 4674 3255 4730 hoc
3283 4675 3432 4731 vide-

1843 4770 2003 4824 bitur.
2035 4767 2100 4821 Et
2129 4781 2224 4820 cur
2255 4765 2368 4820 hanc
2397 4765 2557 4819 dico?
2585 4764 2718 4819 Nam
2749 4765 2946 4832 cmdes,
2975 4782 3134 4837 quam
3162 4767 3437 4823 inventum

1841 4873 1960 4914 esse
1978 4857 2172 4913 diaboli
2192 4857 2243 4910 in
2261 4854 2503 4913 confesso
2521 4854 2656 4924 apud
2665 4868 2854 4910 omnes
2868 4864 2971 4923 est,
2985 4866 3287 4926 opportuno
3307 4866 3442 4912 tem-

1844 4965 1972 5020 pore
2001 4948 2137 5004 facta
2155 4989 2171 5015 ,
2205 4946 2605 5002 interfectorem
2637 4945 2896 5001 Phinecm
2925 4947 3208 5004 sacerdotii
3237 4947 3442 5003 honore

1843 5040 2115 5096 decoravit
2163 5036 2362 5111 (Nam.
2415 5037 2541 5108 25).
2581 5037 2733 5103 Quod
2779 5039 2919 5092 enim
2973 5037 3147 5092 cmdes
3193 5039 3261 5092 sit
3308 5053 3440 5109 Opus

1846 5133 2076 5196 diaboli,
2121 5131 2244 5186 audi
2283 5129 2552 5202 quomodo
2595 5128 2738 5184 dicat
2789 5130 2944 5196 ipse:
2987 5127 3084 5182 Vos
3111 5145 3265 5197 opera
3286 5130 3446 5199 patri:

1848 5226 1994 5281 vestri
2013 5224 2162 5279 vultis
2185 5224 2350 5291 facere
2370 5239 2386 5275 :
2403 5223 2490 5276 ille
2515 5221 2769 5275 homicida
2789 5229 2892 5274 erat
2918 5237 2949 5274 a
2977 5219 3224 5290 principio
3250 5218 3444 5291 (Joan.

1843 5320 1902 5372 .8.
1926 5317 2014 5371 4t.
2043 5315 2112 5370 44
2134 5317 2172 5383 ).
2205 5314 2312 5369 Sed
2339 5311 2600 5368 homicida
2629 5311 2726 5365 l'uit
2753 5311 2912 5365 etiam
2938 5310 3188 5378 Phinces,
3211 5308 3277 5363 Et
3293 5326 3446 5380 repu-

1922 5515 1936 5545 ί
1972 5511 2066 5562 His
2093 5509 2262 5560 verbis
2302 5516 2464 5560 notam
2509 5509 2872 5560 arithmeticam
2915 5507 2946 5556 6
2981 5506 3264 5569 praeflxerat.
3306 5503 3446 5552 Mon-

1862 5572 2175 5638 tefaleonius,
2206 5573 2320 5638 hinc
2343 5584 2601 5638 perperam
2635 5583 2813 5638 novum
2834 5570 3043 5638 ordiens,
3064 5570 3443 5638 paragrapnpm.

1863 5635 1975 5686 Non
2047 5632 2362 5684 tolerandum
2408 5632 2502 5685 hoc
2542 5632 2813 5696 apodoseos
2858 5648 2885 5684 a
2935 5632 3121 5696 κυνοωεὶ
3175 5632 3444 5681 divortium

1862 5710 2040 5748 cori-ex
2051 5696 2367 5762 ἱῐιιιιε.,Ευιτ.
