3856 6180
419 313 528 371 265

416 438 577 485 talum
627 435 698 482 est
751 424 799 481 ei
827 424 895 478 ad
943 417 1191 489 iustitiam
1245 410 1431 487 (Psal.
1481 405 1604 463 105.
1645 397 2006 474 3i),inquit.

421 519 690 576 Abraham
716 522 847 572 vero
877 486 985 569 non
1006 504 1275 566 homicida
1302 500 1477 559 solum
1496 540 1512 567 ,
1561 494 1657 553 sed
1704 492 1866 550 etiam
1917 486 2010 543 ﬁlii

424 702 643 777 placuit.
674 701 866 757 Petrus
892 710 1020 752 vero
1068 688 1333 760 duplicem
1361 680 1563 739 caedem
1594 675 1715 733 fecit
1734 714 1750 742 ,
1779 679 2013 727 attamen

423 761 699 866 spirituale
742 798 856 846 erat
906 786 960 842 id
990 780 1132 855 quod
1170 778 1366 834 factum
1394 770 1520 843 est(
1547 768 1659 824 Act.
1679 766 1771 836 5).
1801 761 1879 818 Ne
1910 762 2011 816 ita-

422 902 529 959 que
557 882 873 956 simpliciter
900 894 990 936 res
1020 872 1410 935 examinemus,
1459 863 1553 921 sed
1605 864 1763 917 etiam
1807 864 2017 925 tempus

433 946 490 1035 et
517 946 733 1033 causam
763 982 819 1030 et
835 970 1165 1028 voluntatem
1191 969 1247 1019 et
1266 968 1617 1033 personarum
1642 946 2016 1013 differentiam,

423 1082 479 1128 et
510 1071 598 1127 illa
644 1066 824 1125 omnia
863 1078 983 1135 quae
1028 1072 1132 1115 una
1174 1056 1504 1112 concurrunt
1544 1051 1792 1102 accurate
1831 1037 2018 1109 explo-

424 1176 608 1218 remus
663 1176 679 1215 :
734 1129 911 1228 neque
977 1150 1121 1209 enim
1182 1152 1359 1217 potest
1403 1140 1604 1197 veritas
1652 1134 1760 1191 alio
1831 1129 2019 1200 attingi

425 1250 1095 1316 modozstudeamusque,
1146 1241 1192 1297 si
1234 1237 1460 1295 velimus
1510 1243 1735 1302 regnum
1783 1222 2019 1295 assequi,

425 1361 586 1418 supra
616 1354 799 1401 vetera
824 1344 1089 1412 praecepta
1109 1329 1307 1403 aliquid
1336 1325 1567 1399 operari,
1610 1322 1733 1393 quia
1758 1332 1865 1374 non
1896 1330 2015 1387 pos-

427 1450 614 1493 sumus
644 1434 799 1490 aliter
817 1428 1050 1487 cazlestia
1093 1423 1362 1481 obtinere.
1388 1417 1521 1474 Nam
1550 1412 1597 1471 si
1624 1412 1691 1468 ad
1718 1421 2020 1466 mensuram

428 1536 630 1584 tantum
653 1533 893 1580 veterum
925 1515 1332 1591 perveniamus,
1360 1517 1511 1565 extra
1532 1503 1717 1562 limina
1742 1500 2021 1557 stabimus.

429 1619 549 1674 Nisi
562 1618 695 1673 enim
714 1588 1039 1670 abundauerit
1060 1604 1265 1681 justitia
1292 1609 1453 1657 uestra
1483 1597 1599 1669 plus
1640 1609 1793 1665 quam
1836 1588 2026 1645 scriba-

428 1726 539 1765 rum
566 1717 613 1763 et
638 1704 1043 1767 Pharisaeorum,
1066 1714 1168 1753 non
1190 1692 1443 1751 intrabitis
1470 1690 1522 1744 in
1550 1700 1764 1759 regnum
1783 1682 2025 1737 caelorum

428 1799 642 1874 (Matth.
666 1798 722 1855 5.
753 1795 883 1867 20).
914 1794 1163 1849 Attamen
1193 1792 1314 1858 post
1339 1776 1811 1839 comminationem
1840 1770 2026 1841 hujus-

428 1863 579 1950 modi
606 1888 826 1963 quidam
840 1863 989 1943 sunt
1008 1881 1097 1953 qui
1125 1894 1233 1935 non
1263 1874 1423 1933 modo
1448 1869 1710 1945 justitiam
1744 1863 1886 1920 illam
1919 1876 2026 1916 non

433 2348 613 2405 omnia
655 2342 921 2417 prohibita
945 2340 1162 2409 impune
1208 2331 1634 2389 audent:unum
1676 2329 1881 2377 tantum
1935 2331 2032 2372 ex--

432 2408 738 2513 spectantes
764 2431 1008 2505 supplicii
1026 2408 1177 2486 diem
1195 2468 1211 2494 ,
1235 2421 1449 2497 quando
1479 2433 1576 2492 pro
1600 2412 1893 2474 sceleribus
1920 2408 2031 2465 suis

434 2545 710 2593 extremas
736 2530 939 2587 dabunt
978 2537 1166 2596 ptenas
1196 2537 1213 2576 :
1243 2515 1386 2590 quod
1432 2526 1595 2569 unum
1624 2506 1918 2579 repositum
1950 2509 2033 2558 cst

434 2631 499 2686 iis
518 2628 608 2700 qui
628 2627 681 2683 in
703 2620 938 2695 nequitia
957 2618 1117 2673 vitam
1138 2612 1359 2670 obeunt.
1388 2608 1463 2664 De
1486 2604 1592 2661 illis
1615 2602 1809 2674 quippe
1832 2597 2030 2667 despe-

434 2696 658 2777 randum
683 2723 788 2785 est,
816 2722 873 2770 et
900 2709 1031 2767 nihil
1056 2704 1200 2763 aliud
1230 2696 1679 2785 exspectandum,
1721 2705 1884 2764 quam
1907 2702 2036 2758 sup-

435 2811 672 2883 plicium.
694 2784 794 2876 Qui
819 2802 965 2861 enim
983 2800 1071 2855 hic
1088 2797 1264 2854 adhuc
1288 2796 1598 2863 supersunt,
1632 2784 1789 2842 facile
1811 2786 2036 2853 possunt

439 2882 495 2960 et
513 2912 771 2977 pugnare,
800 2903 856 2951 et
883 2893 1121 2956 vincere,
1153 2896 1206 2944 et
1240 2882 1508 2941 coronari.

505 2964 561 3047 ἦ.
588 2964 810 3045 iteratis
832 2981 1115 3040 exhortatio
1158 2977 1220 3032 de
1242 2971 1526 3043 abteganda
1562 2964 1919 3023 consuetudine
1949 2966 2037 3034 iu-

436 3084 606 3140 randi.
631 3080 816 3136 Praua
831 3071 1207 3132 consuetudinis
1232 3064 1552 3125 etiminandte
1574 3054 1925 3116 modus.—Ne
1941 3056 2038 3111 ita-

437 3191 543 3249 que
555 3172 825 3237 concidas,
838 3168 913 3225 mi
930 3168 1112 3232 homo,
1127 3175 1300 3234 neque
1317 3159 1509 3215 bonam
1539 3155 1682 3211 illam
1707 3151 2036 3208 alacritatem

438 3234 672 3317 amittas.
716 3234 898 3327 Neque
920 3252 1064 3308 enim
1086 3260 1314 3303 onerosa
1352 3249 1478 3298 sunt
1514 3255 1576 3297 ea
1607 3253 1727 3309 quze
1757 3234 2035 3307 jubentnr.

438 3345 591 3415 Quis,
635 3322 839 3415 quaeso,
870 3338 1021 3394 labor
1046 3336 1099 3390 in
1123 3330 1336 3389 vitando
1358 3322 1698 3399 juramento?
1724 3334 1850 3376 num
1878 3332 2039 3389 pecu.

439 3410 668 3496 uiarum.
684 3436 923 3505 impensa
951 3427 1077 3487 est?
1103 3441 1229 3482 num
1258 3421 1422 3479 sudor
1441 3428 1497 3477 et
1526 3414 1807 3473 aerumna?
1835 3410 2042 3469 Sufﬁcit

440 3543 647 3590 tantum
676 3528 840 3595 velle,
868 3532 925 3582 et
951 3530 1123 3580 totum
1151 3518 1342 3575 factum
1362 3522 1465 3572 est.
1494 3511 1552 3569 Si
1592 3523 1723 3565 vero
1749 3515 2039 3564 consuetu-

440 3627 625 3683 dinem
660 3621 798 3681 mihi
828 3618 1074 3691 objicias,
1103 3613 1175 3670 ob
1212 3611 1319 3667 hoc
1344 3609 1516 3680 ipsum
1557 3602 1791 3659 maxime
1816 3599 1938 3656 dico
1966 3597 2042 3652 fa-

438 3719 597 3776 cilem
645 3729 768 3772 esse
792 3706 1257 3769 emendationem.
1288 3700 1422 3757 Nam
1462 3696 1589 3752 siin
1631 3693 1789 3748 aliam
1817 3698 1872 3748 te
1909 3703 2043 3745 con-

442 3805 778 3867 suetudinem
820 3797 1133 3860 transferas,
1174 3793 1288 3864 jam
1312 3798 1481 3846 totum
1512 3781 1805 3857 perfecisti.
1857 3778 2040 3850 Cogita

444 3900 588 3960 enim
619 3895 817 3954 multos
840 3890 983 3966 apud
1002 3885 1226 3962 gentiles
1247 3896 1392 3950 esse,
1413 3878 1503 3951 qui
1526 3875 1666 3933 balbi
1691 3887 1813 3931 cum
1838 3878 2040 3938 essent,

418 3994 423 3997 ’
446 3993 617 4054 multo
642 3987 821 4047 studio
849 3961 1207 4042 o—tl'endentem
1228 3975 1466 4045 linguam
1493 3972 1879 4029 correxerunt;
1910 3961 2045 4017 alios

445 4088 539 4161 qui
573 4099 697 4143 cum
744 4082 1002 4138 humeros
1027 4073 1341 4144 frequenter
1368 4074 1424 4123 et
1451 4062 1761 4120 indecenter
1783 4056 2047 4128 agitarent

450 4146 839 4246 moverentque
861 4210 877 4237 ,
904 4166 1148 4240 apposito
1176 4159 1356 4235 gladio
1373 4199 1389 4227 ,
1417 4154 1613 4213 dehinc
1637 4152 1706 4208 ab
1754 4150 1856 4205 hoc
1878 4146 2045 4204 absti-

450 4278 701 4331 nuerunt.
723 4237 860 4337 Quia
891 4237 1035 4320 enim
1064 4251 1354 4326 Scripturis
1381 4264 1489 4306 non
1515 4239 1895 4314 obtemperatis
1918 4280 1935 4306 ,
1978 4237 2047 4294 ab

450 4374 796 4421 externorum
825 4351 1085 4423 exemplis
1108 4362 1205 4405 vos
1228 4344 1518 4401 admonere
1541 4351 1725 4408 cogor.
1748 4332 1863 4390 Hoc
1882 4330 2043 4388 etiam

450 4458 595 4513 Deus
620 4450 821 4510 ludatis
845 4445 1075 4504 faciebat
1101 4441 1187 4497 his
1204 4437 1382 4495 verbis
1410 4453 1423 4489 :
1450 4432 1596 4488 Abite
1634 4430 1688 4484 in
1714 4427 1907 4483 insulas
1927 4424 2048 4480 Clie-

455 4549 585 4615 tiim,
614 4554 661 4601 et
686 4544 742 4598 in
779 4540 942 4597 Cedar
962 4534 1179 4591 mittite:
1208 4540 1255 4586 et
1282 4527 1456 4584 discite
1480 4525 1523 4579 si
1555 4519 1852 4576 mutaverint
1878 4525 2047 4588 gentes

456 4606 583 4697 deos
604 4652 722 4693 suos
752 4651 771 4689 :
798 4642 841 4688 et
867 4629 966 4701 ipsi
990 4643 1091 4682 non
1132 4633 1250 4680 sunt
1295 4619 1366 4675 dii
1396 4615 1544 4688 (Jer.
1572 4615 1627 4668 2.
1659 4611 1747 4668 10.
1774 4610 1834 4665 ll
1862 4607 1902 4678 ).
1933 4606 2048 4660 lmo

457 4732 526 4790 ad
552 4698 936 4787 irrationabilia
962 4733 1106 4789 saepe
1130 4713 1328 4779 mittit,
1361 4710 1546 4766 dicens
1578 4723 1602 4770 ε,
1635 4702 1775 4757 Vade
1825 4699 1893 4754 ad
1937 4698 2047 4768 {or-

459 4823 666 4885 micam,
695 4817 859 4889 piger,
885 4820 935 4867 et
971 4805 1214 4865 demutare
1252 4802 1360 4857 vias
1387 4800 1518 4871 ejus,
1546 4804 1593 4849 et
1634 4791 1760 4847 vade
1796 4790 1864 4843 ad
1901 4802 2049 4857 apem

457 4878 800 4986 (Provitifﬁ
817 4878 859 4976 )i
912 4901 1025 4957 Hoc
1070 4897 1249 4967 itaque
1273 4899 1329 4947 et
1374 4903 1474 4961 ego
1500 4899 1643 4942 nunc
1685 4881 1837 4937 vobis
1881 4878 2047 4933 dico:

458 4968 1158 5062 bonsiderate'Grmcorum
1201 4978 1569 5057 philosOphos,
1611 4983 1666 5031 et
1713 4983 1838 5029 tunc
1869 4968 2051 5027 scietis

460 5104 662 5170 quanto
699 5091 809 5147 sint
832 5084 979 5157 digni
1006 5076 1272 5152 supplicio
1299 5073 1334 5130 ii
1356 5070 1444 5144 qui
1475 5068 1683 5126 divinas
1707 5065 1853 5136 leges
1878 5071 2051 5117 trans-

462 5152 778 5259 grediuntur
806 5198 821 5236 :
851 5152 973 5235 cum
1016 5173 1093 5230 illi
1144 5182 1242 5241 pro
1269 5166 1500 5221 humana
1529 5159 1630 5215 hac
1666 5157 1946 5212 honestate
1970 5152 2052 5206 la-

463 5279 625 5334 bores
651 5275 959 5329 innumcros
985 5260 1323 5337 pertulerint,
1353 5271 1452 5311 vos
1475 5267 1604 5308 vero
1624 5263 1692 5305 ne
1714 5261 1809 5317 pro
1829 5242 2055 5300 etelesti-

592 5364 807 5436 quidem
825 5332 1016 5415 bouis1
1038 5368 1218 5426 parem
1232 5348 1489 5407 exhibere
1508 5338 1835 5429 diligentiam
1856 5332 2051 5390 velitis.

466 5459 525 5515 Si
579 5468 739 5527 porro
784 5458 906 5522 post
967 5424 1081 5503 lucc
1119 5442 1355 5506 dixeris,
1408 5424 1568 5509 posse
1614 5425 2055 5488 consuetudinem

464 5516 974 5618 intercipere-etiam
1000 5540 1121 5595 illos
1144 5537 1234 5608 qui
1277 5531 1566 5591 admodum
1614 5524 1716 5582 sibi
1755 5528 1972 5586 cavent,
2004 5516 2055 5573 id

467 5645 628 5702 etiam
656 5608 756 5711 ego
783 5637 987 5700 fateor;
1018 5647 1182 5686 unum
1205 5628 1259 5683 id
1290 5626 1481 5699 adjicio
1510 5642 1524 5679 :
1548 5630 1606 5679 ut
1634 5618 1789 5676 facile
1813 5608 2061 5680 intercipi

540 5821 555 5851 ³
592 5814 707 5879 Alii,
728 5828 785 5867 ne
804 5827 899 5879 pro
921 5810 1055 5869 curtis
1072 5803 1282 5870 quidem.

1169 301 1226 358 S.
1265 291 1543 354 JOANNIS
1579 277 2052 347 CHRYSOSTOMI
2090 270 2408 333 ARCHIEP.
2451 260 2988 330 CONSTANTINOP.

3602 253 3707 317 εδι

2119 399 2272 464 potes
2295 430 2311 455 ,
2345 388 2417 443 ita
2455 383 2612 441 facile
2634 389 2789 455 potes
2818 387 2871 435 te
2894 373 3207 435 emendare.
3244 372 3301 431 Si
3342 372 3489 429 enim
3516 368 3713 426 multos

2121 483 2215 539 tibi
2237 480 2382 537 domi
2402 476 2653 536 custodes
2681 482 2907 541 statuas,
2938 483 3155 527 servum
3173 466 3442 531 videlicet,
3464 476 3713 525 uxorem,

2118 576 2371 643 amicum,
2400 572 2469 630 ab
2496 568 2745 627 omnibus
2774 566 2961 640 pulsus
2988 570 3149 635 atque
3194 561 3457 634 agitatus,
3503 556 3659 613 facile
3684 570 3714 610 a

2122 680 2289 739 prava
2338 658 2723 721 consuetudine
2750 657 3001 715 absistes.
3046 653 3103 711 Si
3132 666 3230 725 per
3272 651 3459 708 decem
3502 648 3621 705 dies
3645 646 3719 702 ita

2120 755 2327 830 agendo
2372 765 2685 826 perseveres
2705 791 2720 818 ,
2768 761 2873 804 non
2925 746 3031 803 erit
3081 742 3419 800 diuturniore
3471 747 3722 809 tempore

2122 828 2409 921 opus;sed
2438 843 2531 901 tibi
2558 856 2645 900 res
2684 840 2739 897 in
2785 845 2898 895 tuto
2928 836 3099 909 posita
3128 834 3270 901 erit,
3312 828 3722 889 consuetudinis

2123 937 2339 1009 Optimae
2361 935 2611 992 ﬁrmitate
2630 931 2740 1003 jam
2762 928 2970 985 radices
2999 926 3270 982 mittente.
3296 923 3428 979 Cum
3455 935 3585 992 ergo
3605 933 3724 976 ca:-

2124 1030 2271 1101 peris
2296 1026 2348 1084 id
2378 1025 2671 1098 corrigere,
2701 1020 2911 1078 etiamsi
2942 1016 3110 1075 semel
3136 1024 3228 1072 aut
3245 1013 3329 1071 bis
3345 1013 3516 1084 legem
3544 1022 3724 1067 trans-

2130 1119 2411 1194 grediaris,
2442 1115 2654 1175 etiamsi
2683 1122 2766 1170 ter
2790 1112 3125 1183 vigesiesque
3142 1148 3157 1173 ,
3185 1120 3256 1162 ne
3298 1105 3556 1175 desperes
3584 1121 3602 1158 :
3626 1101 3723 1158 sed

2126 1228 2365 1286 resurge,
2409 1209 2762 1279 eamdemque
2784 1220 2969 1263 curam
2995 1201 3228 1273 suscipe,
3259 1199 3521 1272 planeque
3548 1210 3717 1266 snpe-

2126 1308 2291 1366 rabis.
2322 1306 2505 1377 Neque
2527 1302 2672 1360 enim
2698 1300 2816 1357 leve
2832 1298 3032 1355 malum
3051 1304 3133 1353 est
3152 1293 3468 1368 perjurium.
3488 1289 3543 1348 Si
3573 1291 3723 1346 enim

2125 1401 2307 1474 jurare
2332 1415 2362 1454 a
2403 1397 2547 1454 malo
2575 1404 2679 1459 est,
2709 1393 2953 1465 pejerare
2980 1398 3182 1461 quanto
3208 1385 3469 1456 supplicio
3492 1383 3596 1439 erit
3622 1381 3725 1436 ob-

2129 1491 2382 1551 noxium?
2407 1489 2534 1546 Haec
2561 1487 2699 1544 dicta
2733 1481 3022 1539 laudastis?
3046 1479 3152 1536 Sed
3175 1476 3471 1549 plausibus,
3494 1474 3725 1529 tumultu

2129 1594 2184 1643 et
2208 1585 2387 1642 sonitu
2412 1596 2519 1637 non
2546 1594 2683 1650 opus
2711 1584 2792 1632 est
2834 1573 2987 1629 mihi.
3021 1571 3193 1629 Unum
3246 1568 3369 1622 volo
3406 1574 3638 1629 tantum,
3670 1572 3728 1617 ut

2129 1690 2253 1733 cum
2278 1673 2457 1746 quiete
2485 1680 2539 1727 et
2562 1666 2738 1741 sagaci
2761 1663 3056 1722 attentione
3085 1675 3204 1731 quae
3232 1657 3482 1714 dicuntur
3505 1655 3727 1710 audien-

2131 1775 2245 1834 tes,
2293 1745 2434 1821 dicta
2464 1756 2854 1831 exsequamini.
2902 1754 3014 1810 lloc
3057 1750 3186 1807 mihi
3218 1750 3434 1821 plausus
3471 1757 3527 1803 et
3554 1745 3729 1801 laudis

2131 1859 2252 1917 loco
2273 1867 2375 1915 est.
2398 1855 2457 1914 Si
2479 1868 2609 1912 vero
2628 1867 2692 1909 ea
2717 1865 2836 1922 qua:
2852 1847 3103 1904 dicuntur
3121 1843 3329 1911 audias,
3355 1850 3411 1897 et
3435 1855 3542 1896 non
3564 1839 3729 1895 facias

2131 1966 2195 2008 ea
2224 1965 2344 2022 qua:
2367 1947 2573 2013 laudas,
2604 1942 2777 2015 majus
2805 1939 2908 1997 erit
2950 1936 3290 2009 supplicium,
3335 1932 3547 2004 gravior
3565 1944 3730 1986 accu-

2133 2045 2271 2101 satio
2292 2084 2309 2111 ,
2336 2041 2595 2112 nobisque
2619 2036 2792 2109 pudor
2816 2042 2872 2090 et
2897 2032 3096 2090 irrisio.
3130 2027 3249 2085 Non
3290 2027 3431 2082 enim
3460 2025 3729 2080 theatrum

2133 2148 2259 2195 sunt
2285 2136 2571 2201 bmc,non
2606 2125 2875 2200 tragoedos
2926 2136 3068 2180 nunc
3122 2120 3398 2191 spectatis,
3450 2125 3509 2171 ut
3552 2114 3731 2171 solum

2135 2226 2418 2300 plaudatis.
2459 2219 2819 2293 Magistcrium
2846 2224 2927 2271 est
2952 2213 3041 2269 hic
3064 2209 3359 2283 spirituale.
3385 2206 3728 2278 Quapropter

2136 2334 2302 2376 unum
2330 2315 2564 2374 studium
2589 2320 2694 2380 est,
2723 2318 2779 2365 ut
2802 2321 2920 2381 qua:
2939 2305 3191 2361 dicuntur
3210 2314 3372 2372 opere
3391 2296 3731 2368 compleatis,

2139 2421 2193 2469 et
2247 2406 2615 2467 obedientiam
2662 2401 2828 2474 gestis
2875 2392 3327 2456 commonstretis.
3389 2391 3541 2445 Tunc
3586 2389 3734 2444 enim

2137 2504 2316 2562 omnia
2341 2497 2615 2569 assequuti
2634 2496 2835 2553 erimus
2864 2508 2879 2547 :
2919 2498 2975 2545 at
2997 2501 3139 2544 nunc
3165 2499 3302 2557 pene
3326 2482 3623 2552 desperare
3642 2494 3735 2534 cn-

2137 2613 2253 2671 gor.
2281 2594 2415 2652 Nam
2435 2602 2489 2648 et
2514 2590 2760 2663 privatim
2787 2600 2882 2644 eus
2904 2624 2918 2651 ,
2949 2581 3038 2654 qui
3069 2594 3157 2635 me
3178 2580 3570 2639 convenerunt,
3618 2570 3735 2626 iure

2139 2702 2362 2746 monere
2391 2699 2497 2741 non
2540 2678 2769 2745 cessavi,
2798 2685 2852 2733 et
2881 2674 3031 2729 vobis
3067 2671 3121 2727 in
3150 2680 3433 2725 commune
3455 2664 3732 2735 loquutus,

2139 2781 2275 2839 nihil
2303 2792 2480 2835 tamen
2509 2773 2634 2830 hinc
2671 2771 2874 2828 fructus
2901 2767 3160 2821 hactenus
3191 2766 3499 2832 perceptum
3527 2755 3689 2810 video
3718 2769 3731 2806 :

2141 2873 2239 2933 sed
2259 2887 2353 2929 vos
2380 2869 2566 2942 primis
2578 2864 2753 2921 adhuc
2768 2856 3052 2918 elementis
3076 2855 3344 2909 haerentes
3363 2863 3526 2905 cerno
3549 2863 3566 2905 :
3587 2846 3734 2919 quod

2142 2978 2273 3020 sane
2299 2960 2590 3018 maximum
2642 2960 2823 3025 potest
2873 2946 3085 3006 docenti
3134 2942 3402 2999 fastidium
3450 2951 3734 3010 generare.

2141 3054 2279 3113 Vide
2298 3052 2457 3126 igitur
2476 3060 2528 3106 et
2542 3048 2765 3105 Paulum
2789 3042 2840 3099 id
2864 3041 3089 3097 moleste
3113 3037 3392 3119 ferentem,
3413 3030 3556 3102 quod
3582 3028 3738 3085 audi-

2146 3162 2289 3208 tores
2314 3116 2479 3203 multo
2500 3153 2741 3213 tempore
2766 3138 2818 3193 in
2842 3134 3021 3206 priore
3040 3116 3335 3200 disciplinae
3361 3123 3525 3197 gradu
3547 3136 3736 3178 mane-

2143 3250 2284 3299 rent.
2317 3238 2455 3294 Nam
2480 3251 2592 3290 cum
2613 3228 2854 3286 deberetis
2871 3268 2886 3293 ,
2914 3224 3112 3295 inquit,
3139 3218 3368 3291 magistri
3400 3231 3507 3272 esse
3530 3222 3739 3287 propter

2145 3343 2371 3404 tempus,
2416 3340 2620 3384 rursum
2664 3319 2900 3393 indigetis
2928 3327 2983 3372 ut
3004 3313 3285 3370 doreumini
3307 3312 3349 3379 ¹,
3371 3324 3607 3380 quanam
3634 3306 3737 3362 ete-

2144 3397 2315 3481 menta
2329 3397 2428 3476 sint
2446 3413 2683 3491 principii
2707 3408 2951 3467 sermonis
2978 3406 3070 3460 Dei
3092 3402 3279 3475 (Hebr.
3307 3400 3361 3457 5.
3390 3399 3505 3469 is).
3529 3397 3659 3453 ldeo
3679 3406 3733 3452 et

2145 3533 2247 3576 nos
2260 3489 2503 3587 lugemus
2518 3519 2572 3566 et
2585 3505 2903 3582 plangimus.
2931 3501 3010 3556 Ac
3030 3498 3074 3554 si
3098 3502 3505 3568 perseverantes
3535 3504 3636 3545 vos
3657 3489 3737 3545 vi-

2145 3612 2300 3680 dero,
2320 3622 2416 3664 vos
2432 3604 2649 3662 demum
2664 3610 2940 3655 sacrorum
2962 3591 3204 3647 liminum
3225 3586 3369 3641 aditu
3392 3582 3731 3647 interdicam,

2148 3717 2248 3761 nec
2285 3674 2403 3757 non
2444 3689 2849 3768 participatione
2885 3681 3264 3742 immortalium
3320 3674 3700 3749 mysteriorum
3722 3712 3740 3741 ,

2146 3765 2598 3868 quemadmodum
2620 3780 2995 3845 fornicatores,
3025 3772 3319 3837 adulteros,
3346 3778 3399 3824 et
3429 3780 3523 3823 eos
3552 3768 3645 3837 qui
3673 3765 3739 3819 de

2148 3857 2384 3943 cmdibus
2406 3884 2743 3936 accusantur.
2786 3869 2974 3927 Melius
2997 3877 3226 3935 namque
3255 3870 3336 3917 est
3366 3874 3486 3915 cum
3532 3857 3743 3913 duobus

2149 3978 2234 4035 vel
2265 3974 2435 4031 tribus
2472 3970 2619 4040 leges
2665 3963 2760 4021 Dei
2804 3955 3212 4017 observantibus
3232 3958 3517 4009 consuetas
3547 3948 3742 4003 afferre

2150 4082 2361 4144 preces,
2406 4038 2566 4135 quam
2602 4067 2801 4115 castum
2844 4061 3171 4122 congregare
3201 4041 3605 4115 improborum,
3651 4038 3741 4109 qui

2149 4132 2374 4222 caeteros
2397 4132 2769 4224 corrumpunt.
2807 4146 2887 4203 Ne
2911 4143 3031 4216 quis
3051 4140 3223 4204 dives,
3249 4152 3317 4193 ue
3344 4134 3464 4206 quis
3487 4147 3519 4188 e
3543 4132 3743 4204 primo.

2151 4256 2300 4313 ribus
2321 4251 2555 4312 infletur,
2583 4221 2665 4300 vel
2696 4236 2981 4311 supercilia
3005 4231 3235 4288 attollat.
3262 4227 3386 4283 Haec
3405 4224 3587 4280 omnia
3615 4221 3745 4278 mihi

2153 4347 2328 4406 fabula
2357 4350 2502 4407 sunt,
2533 4336 2721 4394 umbra
2746 4341 2803 4390 et
2828 4326 3120 4387 somnium.
3144 4321 3333 4379 Nullus
3359 4317 3503 4374 enim
3529 4329 3742 4380 eorum,

2152 4439 2243 4511 qui
2272 4448 2414 4493 nunc
2439 4425 2802 4503 opulentiores
2823 4430 2968 4487 sunt,
2988 4416 3119 4473 mihi
3142 4423 3269 4471 tunc
3293 4406 3737 4482 patrocinabitur,

2152 4546 2274 4587 cum
2300 4500 2594 4584 accusabor
2619 4529 2675 4577 et
2694 4516 2930 4573 rationes
2954 4510 3084 4567 dare
3102 4520 3286 4578 cogar,
3316 4500 3459 4575 quod
3490 4516 3599 4557 non
3626 4514 3745 4555 utin

2153 4623 2334 4682 debita
2359 4614 2698 4677 vehementia
2725 4612 2870 4683 leges
2890 4605 2987 4663 Dei
3013 4598 3415 4659 vindieaverim.
3439 4595 3556 4651 Hoc
3578 4593 3745 4660 enim,

2154 4718 2258 4774 hoc
2285 4723 2433 4771 certe
2454 4704 2825 4768 admirandum
2856 4700 3004 4755 illum
3035 4708 3217 4752 senem
3243 4734 3259 4761 ,
3288 4688 3408 4747 Heli
3436 4687 3583 4755 dico,
3624 4702 3745 4758 per.

2155 4809 2311 4877 didit,
2336 4806 2437 4864 etsi
2465 4794 2991 4873 irreprehensibilem
3016 4787 3241 4844 duxerat
3267 4784 3430 4839 vitam
3460 4800 3473 4837 :
3508 4788 3746 4835 attamen

2155 4869 2309 4978 quia,
2329 4914 2452 4957 cum
2480 4869 2819 4952 conculcatus
2861 4883 2958 4940 Dei
2986 4881 3132 4951 leges
3152 4875 3380 4943 videret,
3406 4871 3461 4929 id
3488 4869 3746 4943 neglexit,

2157 4960 2430 5053 dum'ﬁliis
2449 4986 2668 5061 punitus
2697 4988 2802 5046 est,
2850 4986 2905 5032 et
2940 4985 3103 5046 grave
3129 4966 3451 5039 supplicium
3478 4963 3665 5019 subiit.
3694 4960 3747 5015 Si

2157 5098 2335 5147 autem
2361 5055 2630 5141 ubi-tanta
2665 5081 2872 5131 natura)
2914 5063 3159 5139 tyrannis
3184 5068 3339 5126 erat,
3387 5058 3463 5121 is,
3503 5055 3595 5127 qui
3645 5068 3748 5108 non

2158 5181 2334 5239 debita
2384 5170 2670 5232 severitate
2704 5178 2825 5222 cum
2858 5160 2980 5215 ﬁliis
3019 5155 3131 5211 suis
3174 5161 3257 5208 est
3282 5163 3430 5216 usus,
3464 5148 3535 5202 ita
3560 5158 3750 5217 graves

2158 5273 2305 5331 dedit
2328 5280 2537 5341 pinnas,
2567 5275 2669 5334 qua
2698 5269 2798 5312 nos
2822 5250 2976 5309 venia
3018 5244 3338 5304 donabimur
3362 5241 3429 5297 ab
3456 5239 3546 5295 illa
3573 5249 3751 5310 tyran-

2160 5366 2284 5423 nide
2311 5331 2540 5423 liberati,
2570 5331 2660 5425 qui
2702 5359 2880 5405 tamen
2905 5342 3084 5400 omnia
3110 5337 3419 5395 adulatione
3447 5331 3748 5401 corrumpi-

2162 5456 2315 5515 mus?
2341 5454 2421 5510 Ne
2456 5451 2637 5519 itaque
2664 5454 2720 5501 et
2763 5454 2863 5497 nos
2886 5446 2942 5494 et
2960 5449 3057 5490 vos
3082 5434 3227 5503 ipsos
3254 5426 3511 5499 perdatis,
3539 5426 3749 5480 obtem-

2162 5558 2375 5625 perate,
2403 5518 2632 5601 obsecro
2660 5577 2674 5601 ,
2706 5543 2764 5590 ut
2788 5534 3097 5588 innumeros
3126 5521 3279 5578 vobis
3303 5518 3676 5589 exploratores
3702 5523 3750 5569 et

2163 5642 2457 5702 monitores
2498 5630 2901 5690 constituentes,
2954 5619 3432 5690 ajuramentorum
3463 5616 3753 5667 consuetu-

2231 5776 2247 5804 ⁸
2286 5765 2401 5830 Alli,
2425 5770 2622 5814 rursum
2645 5749 2869 5818 indigetis
2893 5755 3123 5811 tempore,
3138 5746 3192 5801 ut
3214 5733 3499 5791 doceamini.
