3868 6182
212 236 309 293 265

209 356 330 409 dine
379 354 701 421 liberemini,
747 364 804 410 ut
849 355 974 411 hinc
1025 365 1329 427 pergentes,
1381 359 1539 413 aliam
1580 374 1792 428 quoque

208 450 601 501 virtutcmcum
624 447 876 504 facilitate
903 463 1091 518 magna
1137 450 1436 518 impleatis,
1496 458 1551 504 et
1600 449 1791 505 futuris

206 539 453 592 fruznnini
486 538 641 594 bonis
670 556 684 592 :
709 555 829 609 qua:
883 555 981 596 nos
1012 555 1198 595 omnes
1238 542 1450 612 assequi
1481 544 1789 613 contingat,

1326 238 1392 293 IN
1431 237 1834 295 ΜΑΤΤΗᾸΞΗΜ
1872 239 2097 295 HOMIL.
2144 243 2327 300 XVIII.

3402 256 3507 312 266

1899 359 2068 433 gratia
2099 370 2153 417 ct
2179 361 2548 418 misericordia
2575 364 2785 423 Domini
2812 371 2977 425 nostri
3005 370 3130 428 Jesu
3159 374 3375 443 Christi,
3413 384 3497 437 cui

1900 451 2071 521 gloria
2093 460 2148 508 et
2174 452 2456 522 imperium
2478 470 2621 511 nunc
2641 465 2695 512 et
2722 471 2935 529 semper
2954 502 2968 527 ,
3002 472 3056 517 et
3087 465 3138 517 in
3166 469 3360 523 sascula
3399 489 3501 528 sa:-

1900 543 2163 599 culorum.
2202 544 2392 600 Amen.

3397 697 3474 707 -η

1554 747 1902 810 HOMILIA
1942 748 2177 812 XVIII.

200 897 319 949 tlte.
351 897 408 952 5.
450 913 505 951 ν.
528 896 617 952 38.
660 896 887 951 Audistis
925 895 1046 968 quia
1088 895 1278 949 dictum
1315 906 1387 949 est
1411 911 1429 949 :
1454 893 1670 949 Oculum
1696 910 1789 965 pro

262 988 446 1055 oculo,
472 996 520 1042 et
545 987 744 1041 dentem
770 1003 864 1058 pro
891 986 1061 1041 dente.
1092 986 1178 1042 39.
1222 984 1335 1057 Ego
1368 995 1539 1039 autem
1564 985 1678 1039 dico
1698 1001 1788 1039 vo-

261 1079 370 1143 bis,
415 1096 519 1133 non
558 1079 791 1134 resistere
839 1077 973 1133 malo
998 1076 1124 1133 :sed
1143 1080 1187 1133 si
1213 1078 1326 1150 quis
1352 1078 1649 1146 percusserit
1671 1079 1787 1132 tein

261 1172 529 1225 dexteram
565 1171 830 1225 maxillam
848 1212 864 1236 ,
898 1170 1066 1240 prtebe
1086 1171 1136 1224 ei
1155 1179 1201 1224 et
1229 1172 1465 1224 alteram.
1488 1171 1578 1226 40.
1607 1169 1673 1225 Et
1698 1186 1788 1224 vo-

262 1263 390 1316 lenti
427 1271 592 1317 tecum
629 1263 684 1316 in
714 1263 915 1333 judicio
940 1262 1270 1329 contendere,
1310 1270 1356 1316 et
1397 1262 1618 1317 tunicam
1646 1272 1785 1317 tuam

259 1354 471 1419 tollere,
497 1352 693 1406 dimitte
721 1353 768 1406 ei
794 1362 843 1407 et
870 1353 1102 1422 pallium.

264 1448 309 1499 I.
361 1445 500 1511 Quid
512 1444 760 1515 signiﬁcet
783 1445 960 1498 oculus
979 1444 1331 1498 scandalizans
1349 1485 1364 1513 ,
1386 1461 1533 1515 quem
1555 1444 1782 1500 Christus

191 1540 326 1607 jubet
354 1538 488 1591 erui.
531 1536 634 1592 Cur
656 1546 909 1607 praecepta
935 1537 1057 1607 legis
1085 1538 1261 1591 veteris
1296 1553 1397 1591 non
1437 1538 1509 1591 ita
1546 1536 1781 1593 sublimia

194 1639 370 1683 essent.
400 1659 471 1670 -—
496 1628 660 1685 Vides
694 1644 818 1684 eum
850 1644 956 1683 non
1006 1628 1073 1684 de
1119 1629 1277 1685 oculo
1326 1630 1502 1699 priora
1543 1630 1776 1699 dixisse,

189 1736 305 1774 cum
350 1720 571 1790 juberet
610 1721 828 1775 oculum
882 1736 1074 1776 eruere
1121 1722 1210 1791 qui
1262 1722 1416 1777 nobis
1459 1720 1779 1778 oliendiculo

189 1823 349 1878 esset,
384 1813 480 1868 sed
501 1812 568 1868 de
592 1828 657 1868 eo
678 1813 767 1884 qui
794 1827 891 1883 per
908 1812 1195 1867 amicitiam
1234 1827 1331 1868 nos
1359 1812 1580 1868 laederet
1597 1854 1612 1879 ,
1645 1822 1698 1869 et
1725 1814 1777 1868 in

190 1892 444 1974 perniciei
489 1903 798 1959 barathrum
838 1903 1164 1973 conjiceret?
1194 1903 1327 1957 Nam
1371 1903 1461 1975 qui
1514 1912 1657 1959 tanta
1689 1903 1777 1958 hic

193 1996 485 2069 hyperbole
512 1997 699 2063 utitur,
729 2012 903 2068 neque
941 1997 1181 2063 alterius,
1228 1996 1315 2067 qui
1366 1997 1519 2053 nobis
1559 1997 1774 2052 oculum

186 2091 446 2156 eruisset,
497 2089 714 2145 oculum
754 2105 944 2145 eruere
997 2090 1268 2160 permitti,
1318 2090 1587 2161 quomodo
1616 2106 1773 2147 suum

184 2196 374 2237 eruere
422 2181 538 2252 lege
578 2182 884 2238 sanxisset?
919 2182 1073 2251 Quod
1103 2183 1148 2239 si
1179 2183 1297 2253 quis
1322 2195 1557 2239 veterem
1594 2174 1774 2239 redar-

186 2285 306 2344 gnat
340 2276 551 2346 legem,
600 2293 719 2348 qua:
757 2276 942 2347 jubeat
982 2293 1042 2334 se
1065 2278 1137 2333 ita
1164 2278 1383 2344 ulcisci,
1416 2278 1461 2334 is
1485 2278 1772 2334 admodum

185 2369 307 2422 mihi
354 2369 571 2424 videtur
624 2370 974 2440 sapientiam,
1016 2385 1137 2440 qua:
1181 2370 1536 2442 legislatorem
1581 2371 1768 2437 decet,

186 2460 432 2528 ignorare
456 2502 472 2528 ,
510 2476 720 2516 necnon
769 2470 1066 2531 temporum
1105 2463 1371 2518 rationem
1404 2472 1458 2518 ct
1488 2463 1768 2534 indulgen-

185 2552 267 2606 tia:
294 2553 610 2608 utilitatem.
644 2553 699 2609 Si
735 2554 1054 2625 cogitaveris
1094 2557 1237 2611 enim
1259 2598 1275 2625 ,
1325 2558 1542 2628 quinam
1590 2566 1772 2614 essent

183 2644 214 2698 ii
239 2645 327 2715 qui
358 2644 485 2700 talia
512 2644 796 2712 audirent,
823 2646 1091 2716 quomodo
1116 2648 1322 2714 affecti,
1346 2657 1399 2704 et
1424 2648 1640 2719 quando
1674 2650 1769 2705 bas

183 2737 323 2808 leges
357 2739 686 2808 acceperint,
729 2738 1046 2809 legislatoris
1067 2740 1379 2809 sapientiam
1410 2741 1631 2795 multum
1657 2741 1771 2795 lau-

182 2830 356 2897 dabis,
408 2829 724 2901 videbisque
768 2847 931 2887 unum
972 2842 1026 2887 ct
1062 2833 1307 2889 eumdem
1352 2848 1471 2891 csse
1512 2835 1601 2904 qui
1654 2834 1770 2890 hinc

183 2932 234 2979 et
276 2924 368 2979 illa
412 2924 693 2991 statuerit,
743 2934 800 2979 et
842 2924 998 2995 valde
1025 2924 1228 2980 utiliter
1256 2934 1515 2996 utraque,
1548 2940 1610 2980 ac
1639 2940 1769 2981 con-

180 3016 385 3085 grucnti
435 3025 679 3086 tempore
719 3016 1012 3087 scripserit.
1044 3016 1177 3071 Nam
1201 3017 1245 3072 si
1275 3018 1342 3073 ab
1370 3018 1522 3073 initio
1553 3018 1667 3074 hinc
1690 3018 1769 3074 sic

180 3108 278 3162 alta
308 3117 365 3163 et
391 3108 643 3163 sublimia
675 3118 942 3179 praecepta
988 3110 1289 3180 intulisset,
1331 3126 1506 3181 neque
1534 3111 1648 3169 haec
1674 3128 1766 3167 ne-

179 3215 274 3270 que
299 3201 391 3255 illa
422 3202 785 3272 recepissent;
822 3194 933 3273 jam
963 3219 1091 3258 vero
1117 3219 1239 3258 cum
1270 3213 1575 3274 opportuno
1612 3212 1759 3258 utra-

180 3312 274 3367 que
316 3306 570 3365 tempore
614 3295 898 3362 statuerit,
948 3310 1042 3365 per
1083 3304 1306 3366 utraque
1358 3304 1526 3350 totum
1579 3295 1762 3350 orbem

181 3389 436 3445 correxit.
479 3387 730 3459 Alioquin
771 3396 951 3447 autem
999 3386 1112 3443 lucc
1137 3388 1332 3456 jussit,
1365 3402 1470 3442 non
1498 3395 1557 3442 ut
1580 3394 1766 3443 mutuo

182 3482 330 3535 nobis
377 3480 573 3535 oculos
614 3494 899 3545 eruamus,
931 3479 1022 3534 scd
1056 3489 1110 3534 ut
1140 3480 1315 3550 potius
1337 3495 1528 3535 manus
1554 3489 1765 3536 nostras

176 3573 567 3629 contineamus.
596 3572 727 3627 Nam
752 3572 1112 3643 rependendae
1139 3573 1271 3627 vicis
1297 3572 1643 3627 comminatio
1664 3572 1766 3627 im-

178 3677 350 3735 petum
396 3664 695 3721 infercndac
727 3664 937 3736 injuria:
965 3665 1225 3721 coercuit.
1257 3666 1432 3735 Atque
1463 3665 1534 3720 ita
1562 3665 1764 3720 sensim
1822 3734 1835 3738 ν,

177 3762 393 3815 multam
445 3759 764 3814 disseminat
812 3759 1201 3829 philosophiam
1248 3778 1262 3815 :
1314 3759 1528 3830 quando
1578 3760 1764 3815 laesum

177 3866 351 3922 parem
396 3851 698 3921 rependere
742 3851 913 3907 vicem
958 3852 1151 3922 jubet;
1206 3866 1527 3922 quamquam
1557 3852 1764 3923 majore

178 3944 360 4015 dignus
392 3953 512 4000 erat
552 3944 813 4015 supplicio
852 3945 897 3999 is
940 3961 970 3999 a
1010 3959 1115 4016 quo
1154 3944 1407 4015 iniquitas
1458 3944 1764 4015 hujusmodi

179 4037 402 4110 cepisset
426 4035 705 4091 exordium
736 4054 750 4091 :
780 4034 911 4090 illud
937 4036 1080 4090 enim
1114 4036 1383 4106 aequitatis
1412 4035 1549 4091 ratio
1574 4045 1762 4106 postu-

182 4127 335 4182 labat.
367 4127 476 4183 Sed
508 4127 629 4197 quia
654 4126 1039 4199 benignitatem
1077 4127 1292 4182 volebat
1321 4126 1530 4197 justitia
1556 4136 1765 4198 tempe-

181 4237 326 4288 rare,
361 4237 521 4284 cum,
567 4221 659 4292 qui
689 4221 921 4292 iniquius
950 4237 1007 4277 se
1030 4229 1306 4292 gesserat,
1334 4222 1560 4289 minori,
1603 4237 1762 4293 quam

182 4313 501 4376 merebatur,
534 4311 754 4367 damnat
781 4312 1077 4382 supplicio,
1114 4311 1315 4368 docens
1340 4321 1396 4367 ut
1426 4313 1478 4367 in
1510 4313 1764 4384 patiendo

184 4422 421 4478 magnam
446 4420 725 4461 servemus
750 4406 1196 4463 moderationem.
1221 4404 1352 4462 Cum
1378 4421 1508 4477 ergo
1528 4407 1762 4476 priorem

182 4498 342 4569 legem
375 4498 721 4570 pretulisset,
756 4497 1008 4568 illamque
1049 4506 1214 4551 totam
1250 4497 1495 4567 legisset,
1530 4497 1765 4552 ostendit

182 4601 359 4661 postea
404 4606 515 4645 non
558 4589 779 4644 fratrem
805 4604 925 4645 esse
964 4590 1054 4659 qui
1094 4588 1217 4643 talia
1264 4588 1626 4658 perpetravit,
1666 4588 1764 4645 sed

186 4683 466 4752 malignum
482 4724 497 4747 ,
524 4681 753 4751 ideoque
778 4679 1050 4751 subjunxit
1073 4696 1088 4734 :
1118 4679 1229 4749 Ego
1250 4689 1421 4733 autem
1448 4679 1561 4734 dico
1589 4680 1725 4735 vobis
1745 4721 1760 4746 ,

186 4792 278 4828 non
307 4775 543 4829 resistere
581 4772 738 4826 malo.
778 4770 898 4826 Non
942 4770 1109 4836 dixit,
1140 4770 1255 4826 Non
1287 4770 1541 4826 resistere
1572 4770 1720 4825 fratri
1747 4788 1760 4823 :

189 4867 295 4933 sed,
328 4864 473 4919 Malo
494 4906 510 4932 ,
544 4862 836 4918 ostendens
864 4861 954 4917 illo
980 4862 1267 4933 instigante
1288 4861 1412 4916 talia
1442 4861 1760 4932 perpetrari,

190 4971 337 5031 atque
360 4959 440 5015 sic
470 4972 717 5029 magnam
742 4957 834 5011 ira:
864 4964 1063 5026 partem
1087 4954 1348 5011 adversus
1365 4970 1486 5011 eum
1512 4955 1601 5025 qui
1628 4956 1764 5024 inju-

190 5055 311 5108 riam
361 5050 540 5106 intulit
582 5056 897 5119 conceptam
937 5046 1131 5103 sedans
1177 5055 1232 5102 ct
1273 5045 1587 5114 succidens,
1644 5060 1764 5101 cum

191 5162 395 5203 musam
428 5146 482 5199 in
513 5142 741 5198 alterum
773 5138 1045 5195 transfert.
1072 5138 1208 5207 Quid
1234 5138 1430 5210 igitur?
1459 5152 1635 5194 annon
1666 5136 1765 5193 de-

188 5240 398 5305 bemus,
450 5234 690 5307 inquies,
736 5231 988 5288 resistere
1025 5230 1200 5286 malo?
1244 5230 1496 5296 Debetis,
1533 5229 1629 5285 sed
1659 5244 1768 5286 non

191 5332 284 5388 hoc
310 5331 471 5387 modo
496 5349 512 5389 :
535 5344 720 5383 verum
747 5335 805 5381 ut
825 5327 941 5396 ipse
970 5325 1224 5396 prmcepit
1247 5341 1260 5379 :
1287 5332 1347 5379 ut
1369 5321 1574 5380 scilicet
1595 5324 1766 5394 parati

192 5426 348 5482 simus
375 5424 443 5481 ad
484 5420 823 5493 recipiendas
852 5419 1105 5490 injurias;
1131 5418 1210 5475 sic
1244 5419 1390 5475 enim
1418 5418 1568 5474 illum
1611 5432 1770 5489 supe-

192 5519 342 5574 rabis.
366 5518 554 5588 Neque
593 5515 738 5572 enim
766 5515 890 5585 igne
916 5512 1051 5583 ignis
1086 5512 1463 5583 exstinguitur,
1488 5512 1581 5568 sed
1609 5527 1767 5583 aqua.

194 5610 256 5667 Ut
275 5620 448 5667 autem
470 5610 670 5673 discas,
695 5607 857 5663 etiam
889 5606 941 5660 in
970 5606 1138 5661 veteri
1164 5607 1279 5676 lege
1298 5621 1418 5661 cum
1446 5605 1535 5676 qui
1562 5615 1771 5675 patere-

191 5711 267 5765 tur
316 5704 540 5773 vicisse,
571 5708 995 5769 coronatumque
1037 5698 1197 5754 fuisse
1220 5740 1233 5766 ,
1278 5698 1329 5754 id
1368 5697 1649 5768 diligenter
1675 5712 1769 5753 cx-

1900 892 2051 964 plora
2069 935 2083 961 ,
2113 902 2168 950 et
2191 894 2399 952 videbis
2422 910 2543 951 eum
2575 896 2733 967 longe
2759 897 3034 954 anteferri.
3064 899 3195 955 Nam
3222 903 3313 972 qui
3345 902 3487 973 prior

1898 1001 2088 1041 manus
2130 988 2341 1059 iniquas
2380 990 2596 1058 intulit,
2642 990 2776 1045 duos
2805 992 2920 1061 ipse
2947 994 3133 1049 oculos
3158 996 3363 1051 eruisse
3388 997 3485 1051 de-

1900 1077 2273 1147 prehenditur,
2302 1089 2355 1135 et
2377 1082 2606 1150 proximi
2624 1082 2715 1136 sui
2744 1092 2797 1139 et
2819 1100 2995 1139 suum.
3025 1085 3257 1157 Ideoque
3276 1087 3397 1157 jure
3418 1090 3488 1144 ab

1894 1172 2143 1227 omnibus
2182 1172 2308 1228 odio
2346 1173 2594 1245 habetur,
2625 1187 2680 1230 et
2705 1177 2851 1232 mille
2877 1178 3342 1237 criminationibus
3380 1184 3484 1237 im-

1892 1263 2115 1331 petitur.
2145 1264 2247 1331 Qui
2268 1280 2398 1321 vero
2428 1266 2588 1322 laesus
2629 1276 2746 1335 est,
2793 1279 3146 1340 prmtcrquam
3182 1273 3322 1342 quod
3366 1275 3481 1343 pari

1893 1368 2050 1423 ptena
2085 1355 2407 1424 vindicatur,
2456 1356 2592 1412 nihil
2630 1358 2759 1413 mali
2794 1359 2991 1415 intulit.
3024 1361 3255 1433 Ideoque
3282 1366 3481 1419 multos

1890 1442 2054 1500 habet
2097 1459 2190 1501 seu
2233 1448 2706 1505 commiseratione
2749 1451 3016 1520 dolentes,
3048 1463 3231 1524 utpote
3264 1472 3431 1524 purus
3458 1500 3475 1523 ,
3568 1450 3573 1455 ’

1888 1537 2099 1592 etiamsi
2138 1538 2269 1594 ultio
2301 1539 2438 1595 facta
2471 1541 2653 1597 fuerit.
2697 1541 2987 1600 Calamitas
3018 1561 3114 1616 par
3132 1556 3213 1602 est
3236 1548 3287 1602 in
3313 1550 3475 1604 utrise

1886 1642 2030 1696 que,
2082 1628 2251 1698 gloria
2290 1645 2420 1686 vero
2462 1646 2569 1687 non
2614 1648 2709 1703 par
2745 1634 2886 1704 apud
2930 1635 3095 1691 Deum
3127 1646 3179 1692 et
3206 1638 3475 1696 homines.

1885 1719 2223 1792 Quapropter
2262 1739 2436 1793 neque
2470 1726 2749 1782 calamitas
2776 1727 3027 1799 deinceps
3056 1745 3155 1800 par
3180 1739 3281 1786 est.
3316 1733 3475 1787 Prin-

1883 1814 2024 1885 cipio
2066 1816 2245 1886 itaque
2272 1817 2440 1882 dixit,
2473 1819 2572 1885 Qui
2597 1820 2834 1874 irascitur
2856 1823 3007 1892 fratri
3033 1839 3125 1877 suo
3156 1825 3264 1879 sine
3284 1842 3470 1893 causa,

1882 1917 1929 1961 et
1949 1908 2037 1977 qui
2059 1909 2206 1963 illum
2231 1910 2432 1979 fatuum
2463 1913 2715 1983 appellat,
2755 1930 2871 1969 reus
2913 1916 3008 1969 erit
3039 1917 3280 1987 gehennae
3304 1920 3470 1990 ignis,

1882 2000 1970 2057 hic
1997 2018 2126 2058 vero
2154 2003 2413 2074 majorem
2440 2005 2601 2061 etiam
2642 2007 2869 2078 requirit
2894 2007 3325 2080 philosophiam,
3363 2028 3470 2068 non

1884 2095 2046 2150 modo
2071 2096 2351 2166 quiescere
2376 2097 2572 2167 jubens
2597 2113 2724 2153 eum
2756 2100 2846 2171 qui
2877 2100 3001 2155 talia
3034 2116 3221 2171 passus
3247 2103 3345 2167 sit,
3376 2105 3471 2159 sed

1881 2187 2043 2243 etiam
2068 2203 2188 2243 cum
2218 2189 2459 2246 candente
2496 2190 2675 2247 officio
2712 2200 2954 2260 certare,
3004 2192 3211 2264 ipsique
3244 2196 3467 2252 alteram

1886 2282 2159 2337 maxillam
2201 2283 2462 2352 praebere.
2494 2283 2617 2339 Hoc
2661 2294 2841 2341 autem
2881 2285 3042 2351 dicit,
3092 2302 3198 2342 non
3241 2303 3339 2359 pro
3379 2290 3474 2344 illo

1880 2375 2086 2445 injuria:
2114 2392 2313 2448 genere
2342 2386 2546 2433 tantum
2577 2380 2749 2451 legem
2792 2380 2971 2438 ferens
2992 2422 3005 2442 .
3053 2383 3148 2438 sed
3187 2384 3254 2439 ad
3305 2384 3466 2440 talem

1879 2466 1933 2523 in
1963 2470 2081 2524 aliis
2108 2472 2358 2527 omnibus
2380 2472 2719 2527 tolerantiam
2748 2488 2846 2529 nos
2874 2474 3179 2531 instituens.

1947 2559 2003 2614 2.
2045 2560 2273 2616 Christus
2297 2563 2433 2631 quod
2453 2563 2516 2617 de
2541 2562 2759 2634 colapho
2795 2565 2919 2619 dicit
2958 2565 3026 2619 ad
3061 2583 3259 2621 omnem
3282 2578 3464 2622 contu.

1877 2651 2081 2706 meliam
2110 2651 2351 2707 extendit.
2378 2652 2630 2708 Patiendo
2656 2657 2854 2709 vincere
2872 2666 3085 2726 oportet.
3110 2686 3180 2697 -—
3200 2658 3466 2726 Quemad-

1878 2743 2094 2798 modum
2118 2744 2259 2799 cnim
2288 2759 2409 2800 cum
2450 2745 2611 2812 dicit,
2660 2746 2760 2813 Qui
2797 2756 2939 2801 vocat
2977 2751 3185 2818 fratrem
3210 2767 3357 2805 suum
3377 2756 3463 2823 [a-

1876 2844 2015 2887 tuum
2036 2875 2051 2900 ,
2080 2848 2194 2889 reus
2218 2836 2310 2889 erit
2339 2836 2580 2907 gehenna:
2601 2838 2734 2908 ignis
2752 2877 2769 2903 ,
2800 2852 2905 2891 non
2933 2837 3003 2893 de
3034 2838 3137 2905 hoc
3166 2855 3271 2895 uno
3296 2841 3464 2898 verbo

1875 2925 1978 2980 hoc
2001 2925 2161 2993 dicit,
2190 2925 2287 2981 sed
2306 2926 2375 2982 de
2395 2927 2634 2997 qualibet
2654 2928 2975 2984 contumelia
3002 2944 3017 2987 :
3047 2930 3117 2984 ita
3140 2929 3227 2986 hic
3252 2946 3463 3004 quoque

1875 3018 2050 3089 legem
2094 3020 2318 3089 statuit,
2352 3034 2457 3075 non
2488 3028 2693 3076 tantum
2722 3029 2780 3077 ut
2804 3021 3048 3092 colaphis
3072 3025 3233 3092 caesi,
3266 3025 3317 3080 id
3349 3025 3461 3082 for-

1876 3111 1998 3166 titer
2024 3110 2280 3178 feramus,
2312 3111 2409 3168 sed
2434 3120 2491 3167 ut
2512 3113 2725 3184 quidvis
2753 3112 2899 3168 aliud
2925 3115 3220 3183 patientes,
3253 3131 3321 3172 ne
3351 3125 3462 3172 tur-

1872 3202 2079 3258 bemur.
2122 3202 2411 3274 Propterea
2449 3214 2504 3260 et
2538 3205 2611 3261 ibi
2641 3212 2939 3261 extremam
2964 3206 3155 3278 selegit
3181 3208 3457 3279 injuriam,

1872 3304 1926 3350 et
1965 3294 2051 3349 hic
2091 3311 2244 3364 eam,
2290 3312 2410 3367 qua:
2451 3298 2710 3365 probrosa
2740 3307 2794 3354 et
2818 3300 3201 3356 contumeliosa
3231 3303 3461 3359 maxime

1871 3385 2175 3455 videbatur,
2219 3390 2451 3445 maxillae
2482 3390 2907 3460 percussionem.
2936 3389 2992 3445 ld
3022 3406 3152 3447 vero
3172 3392 3365 3461 jussit,
3407 3404 3461 3449 ct

1872 3481 2221 3551 percutientis
2260 3493 2315 3537 et
2354 3483 2593 3552 percussi
2629 3483 2890 3538 rationem
2931 3482 3152 3540 habens.
3188 3484 3322 3540 Nam
3368 3486 3471 3556 qui

1871 3572 2064 3643 injuria
2093 3572 2343 3641 afficitur,
2377 3573 2510 3629 nihil
2539 3589 2599 3629 se
2629 3589 2791 3645 grave
2825 3590 3042 3645 passum
3080 3578 3451 3645 arbitrabitur,

1858 3665 1948 3720 ‘sic
1976 3664 2311 3736 philosophia
2355 3666 2707 3736 prmmunitus
2734 3685 2747 3721 :
2777 3682 2952 3738 neque
2990 3669 3133 3723 enim
3178 3678 3454 3726 contume-

1873 3757 1957 3811 lia:
1979 3773 2195 3813 sensum
2217 3758 2383 3814 ullum
2410 3758 2649 3825 habebit,
2681 3767 2740 3815 ut
2766 3762 2858 3831 qui
2889 3770 3062 3817 certet
3090 3764 3268 3833 potius
3296 3780 3475 3834 quam

1871 3850 2235 3919 percutiatur;
2267 3851 2359 3922 qui
2389 3865 2519 3907 vero
2546 3851 2793 3922 injuriam
2836 3852 3029 3922 infert,
3058 3854 3267 3927 pudore
3293 3856 3457 3912 sulfu-

1873 3956 1965 3998 sus
1992 3957 2099 3997 non
2130 3943 2425 3999 secundum
2452 3944 2736 4015 colaphum
2771 3945 3065 4017 impinget,
3104 3948 3314 4003 etiamsi
3344 3947 3456 4005 fera

1872 4035 2059 4106 quavis
2088 4034 2319 4092 ferocior
2347 4036 2453 4102 sit;
2478 4037 2586 4090 imo
2612 4036 2774 4092 etiam
2800 4036 2868 4092 de
2896 4038 3077 4107 priore
3099 4052 3218 4094 sese
3242 4038 3456 4094 damna-

1870 4127 1966 4183 bit.
2012 4127 2151 4183 Nihil
2176 4128 2319 4183 enim
2346 4128 2418 4183 ita
2448 4128 2706 4184 laedentes
2726 4128 2974 4196 cohibet,
3007 4138 3065 4184 ut
3087 4144 3209 4185 cum
3235 4130 3343 4186 laesi
3373 4132 3457 4186 in-

1866 4218 2063 4289 juriam
2094 4219 2335 4275 modeste
2361 4219 2574 4285 ferunt;
2621 4235 2794 4290 neque
2836 4219 2996 4274 modo
3042 4222 3238 4277 retinet
3282 4222 3456 4293 impe-

1875 4321 1983 4368 tum
2008 4354 2024 4379 ,
2067 4327 2137 4368 ne
2164 4313 2386 4367 ulterius
2425 4312 2769 4383 procedatur,
2819 4311 2914 4367 sed
2954 4312 3118 4367 etiam
3163 4313 3217 4369 id
3256 4313 3451 4381 efficit,

1872 4412 1931 4459 ut
1956 4404 2023 4459 de
2055 4404 2194 4459 facto
2217 4419 2276 4459 se
2300 4404 2559 4473 paeniteat
2577 4413 2675 4471 ,‘et
2699 4404 2789 4458 alii
2824 4402 3249 4460 moderationem
3278 4406 3453 4462 admi-
3478 4452 3481 4455 .

1870 4505 2052 4552 rantes
2073 4494 2362 4559 secedant;
2393 4495 2533 4561 imo,
2562 4509 2736 4560 neque
2764 4494 2947 4549 solum
2963 4494 3166 4552 amicos
3192 4512 3259 4552 ex
3289 4498 3458 4553 inimi-

1870 4592 1984 4655 cis,
2033 4590 2127 4647 sed
2176 4589 2467 4644 familiares
2512 4588 2688 4644 reddit
2726 4597 2781 4643 et
2820 4603 3040 4645 servos:
3071 4590 3228 4657 sicut,
3270 4607 3302 4648 e
3331 4607 3457 4647 con.

1870 4697 2064 4750 verso,
2096 4682 2229 4737 ultio
2254 4691 2469 4752 sumpta
2510 4680 2780 4736 contraria
2823 4680 3003 4736 omnia
3043 4682 3211 4752 parit,
3252 4692 3460 4737 utrum-

1872 4790 1974 4845 que
2027 4774 2348 4837 dedecorat.
2402 4783 2459 4830 et
2510 4774 2748 4845 pejorem
2799 4772 2997 4841 efficit,
3059 4774 3318 4844 majorem
3365 4776 3459 4830 ira:

1873 4865 2143 4921 ﬂammam
2172 4863 2407 4931 excitat,
2437 4880 2501 4920 ac
2532 4879 2679 4935 saepe
2706 4863 2855 4920 ctede
2899 4862 3218 4920 terminatur
3255 4865 3456 4921 malum

1874 4957 1939 5013 ad
1995 4957 2250 5013 ulteriora
2300 4970 2666 5027 progressum.
2725 4955 2929 5013 Idcirco
2986 4970 3301 5026 percussum
3350 4973 3457 5011 non

1874 5048 2206 5120 modojubet
2235 5062 2341 5103 non
2382 5047 2580 5114 irasci,
2625 5046 2719 5103 sed
2758 5048 2922 5102 etiam
2962 5048 3315 5117 percutientis
3359 5048 3459 5103 im-

1876 5141 2025 5208 plere
2069 5138 2409 5210 cupiditatem
2460 5138 2731 5209 praecipit,
2779 5146 2838 5193 ut
2877 5152 2946 5193 ne
2966 5137 3197 5193 videaris
3224 5139 3459 5208 priorem

1875 5232 2085 5302 plagam
2132 5230 2328 5285 invitus
2363 5229 2657 5299 accepisse.
2681 5227 2771 5284 Sic
2799 5228 2942 5282 enim
2973 5227 3337 5299 impudentem
3367 5249 3459 5303 ομ-

1876 5323 2186 5393 portuniore
2221 5321 2375 5392 plaga
2403 5329 2690 5392 percutere
2732 5319 2968 5389 poteris,
3015 5335 3175 5391 quam
3214 5322 3262 5378 si
3299 5338 3461 5379 manu

1879 5414 2241 5486 percussisses
2259 5454 2275 5480 ,
2307 5420 2364 5469 et
2389 5412 2755 5483 impudentem
2784 5414 3204 5469 mansuetiorem
3234 5412 3458 5471 efﬁcies.

1880 5507 1981 5573 Qui
2009 5504 2221 5561 voluerit
2247 5513 2408 5559 tecum
2427 5503 2625 5574 judicio
2646 5502 2948 5558 contendere
2965 5544 2980 5571 ,
3011 5513 3058 5559 et
3080 5506 3303 5559 tunicam
3323 5516 3459 5560 tuam

1879 5598 2086 5665 tollere,
2126 5596 2321 5651 dimitte
2352 5594 2430 5649 illi
2470 5603 2516 5648 et
2563 5594 2795 5664 pallium.
2827 5595 3012 5667 Neque
3039 5596 3183 5653 enim
3211 5600 3264 5652 in
3294 5597 3461 5668 plagis

1882 5690 2278 5762 tantummodo,
2328 5687 2422 5745 sed
2460 5686 2621 5744 etiam
2652 5687 2704 5745 in
2732 5690 2971 5760 pecuniis
3000 5689 3113 5746 vult
3138 5689 3301 5748 talem
3329 5689 3462 5747 tole-
