3868 6182
400 207 500 264 167

397 322 626 378 rautiam
653 322 916 381 exhiberi.
961 324 1088 381 ideo
1130 341 1343 382 rursum
1380 326 1543 382 simili
1585 326 1753 381 utitur
1789 325 1986 395 hyper—

395 415 544 471 bole.
586 414 735 472 Sicut
771 416 917 475 enim
952 418 1061 472 illic
1083 417 1236 487 jubet
1274 418 1525 489 patiendo
1556 418 1805 480 vincere,
1835 416 1907 471 ita
1933 423 1988 470 et

398 503 485 559 hic
511 505 565 560 in
587 506 933 563 concedendo
959 508 1107 577 plura
1131 548 1149 574 ,
1190 525 1350 579 quam
1391 517 1576 579 raptor
1617 508 1981 581 exSpectabat.

402 593 594 652 Verum
622 597 724 655 hoc
764 614 870 655 non
908 599 1222 669 simpliciter
1261 603 1438 671 posuit
1461 643 1475 667 ,
1507 602 1602 658 sed
1632 617 1753 657 cum
1780 599 1985 655 addita-

394 696 601 744 mento.
641 689 758 744 Non
800 692 943 747 enim
991 691 1158 757 dixit,
1206 693 1282 747 Da
1314 695 1518 764 petenti
1559 694 1815 765 pallium,
1854 692 1982 759 sed,

351 824 371 843 ο
396 780 466 835 Ei
484 782 572 850 qui
591 783 803 837 uoluerit
824 794 986 838 tecum
997 785 1199 855 judicio
1220 786 1558 851 contendere;
1586 788 1689 842 hoc
1708 796 1826 853 est,
1858 788 1904 842 si
1934 797 1985 842 te

390 871 461 926 ad
480 872 740 942 judicium
768 877 1018 943 traxerit,
1048 892 1111 931 ac
1140 879 1349 949 negotia
1373 879 1466 935 tibi
1485 880 1755 937 exhibeat.
1787 883 1986 955 Quem-

391 963 683 1020 admodum
713 982 843 1023 vero
868 982 993 1024 cum
1030 969 1287 1039 dixisset,
1326 970 1407 1029 Ne
1442 988 1603 1030 voces
1646 974 1879 1042 fatuum,
1928 984 1985 1032 et

395 1071 467 1112 ne
489 1056 744 1115 irascaris
775 1060 893 1117 sine
920 1076 1083 1118 causa
1105 1104 1123 1131 ,
1147 1063 1403 1137 deinceps
1426 1067 1577 1137 plura
1600 1069 1818 1140 exegit,
1858 1086 1981 1127 cum

390 1145 553 1216 jussit
579 1148 742 1208 etiam
770 1148 1050 1214 dexteram
1079 1155 1352 1213 maxillam
1388 1157 1634 1229 praebere
1662 1178 1677 1215 :
1709 1162 1781 1217 ita
1807 1170 1863 1218 et
1890 1162 1981 1220 hic

392 1255 519 1296 cum
547 1241 795 1311 dixisset,
823 1245 957 1302 Esto
991 1250 1334 1306 consentiens
1358 1266 1479 1308 cum
1514 1254 1822 1314 adversario
1852 1267 1976 1325 tuo,

390 1346 607 1393 rursum
631 1337 844 1406 gravius
881 1353 1209 1410 praeceptum
1248 1343 1416 1400 addit.
1458 1345 1577 1404 Non
1624 1350 1768 1405 enim
1819 1352 1981 1408 modo

388 1423 545 1494 jubet
571 1426 664 1483 illa
692 1428 823 1486 dare
860 1446 980 1502 qua:
1027 1433 1117 1491 ille
1145 1436 1260 1496 vult
1295 1438 1544 1509 auferre,
1592 1443 1690 1498 sed
1718 1444 1976 1514 majorem

389 1517 554 1574 etiam
595 1520 973 1580 liberalitatem
1001 1528 1276 1586 exhibere.
1323 1531 1463 1601 Quid
1505 1535 1706 1606 igitur?
1734 1538 1975 1611 inquies,

387 1609 639 1668 nudusne
658 1614 980 1673 circuiturus
1012 1622 1178 1675 sum?
1205 1621 1485 1696 Nunquam
1527 1643 1772 1686 essemus
1812 1631 1974 1700 nudi,

388 1699 435 1755 si
452 1700 538 1756 his
552 1706 835 1775 praeceptis
854 1706 1142 1780 diligenter
1155 1712 1675 1787 obtemperaremus;
1699 1723 1791 1779 sed
1810 1724 1979 1781 multo

387 1792 632 1863 pluribus
659 1813 819 1868 quam
861 1801 952 1855 alii
995 1819 1187 1860 omnes
1222 1808 1460 1865 vestibus
1501 1810 1670 1868 induti
1712 1829 1975 1872 essemus.

386 1884 572 1943 Primo
608 1892 752 1946 enim
801 1910 959 1951 nemo
1000 1897 1089 1952 tali
1140 1899 1320 1956 animo
1360 1903 1616 1973 praeditus
1662 1906 1977 1968 invaderet:

386 1978 661 2047 secundo,
711 1982 757 2037 si
809 1985 1071 2056 quispiam
1114 2003 1423 2049 occurreret
1445 1995 1517 2050 ita
1540 1995 1689 2054 ferox
1730 2009 1784 2055 et
1822 2002 1980 2059 inhu-

387 2081 606 2137 manus,
645 2081 706 2127 ut
742 2089 811 2131 eo
858 2091 1025 2147 usque
1075 2082 1421 2152 procederet,
1470 2089 1637 2145 multo
1666 2091 1850 2161 plures
1886 2110 1977 2151 re-

387 2160 697 2228 perirentur
750 2166 841 2236 qui
898 2177 1059 2225 tanta:
1111 2172 1464 2245 philosophia:
1506 2160 1682 2236 virum
1732 2198 1839 2240 non
1878 2201 1977 2243 ve-

386 2250 559 2308 stibus
574 2253 753 2323 modo,
772 2257 866 2312 sed
883 2268 937 2313 et
957 2274 1119 2319 carne
1134 2277 1250 2331 sua,
1269 2266 1319 2321 si
1332 2265 1446 2323 ﬁeri
1465 2283 1667 2341 posset,
1683 2275 1975 2345 aperirent.

457 2344 513 2399 5.
541 2343 599 2399 Si
626 2356 807 2402 autem
836 2352 1000 2406 etiam
1030 2365 1247 2425 propter
1276 2359 1434 2415 talem
1466 2343 1860 2438 philosophiam
1887 2387 1980 2427 nu-

386 2430 514 2487 dum
542 2434 793 2493 incedere
814 2449 1121 2512 oporteret,
1148 2461 1324 2518 neque
1353 2450 1409 2506 id
1435 2430 1596 2510 etiam
1626 2430 1784 2531 turpe
1809 2470 1976 2521 esset.

384 2522 519 2579 Nam
539 2534 594 2581 et
617 2527 787 2583 Adam
820 2531 995 2589 nudus
1022 2544 1139 2592 erat
1163 2537 1215 2593 in
1247 2543 1497 2610 paradiso
1515 2588 1533 2614 ,
1564 2563 1664 2607 nec
1688 2522 1977 2614 erubesce-

382 2617 478 2677 bat
503 2619 658 2691 (Gen.
689 2622 745 2676 2.
776 2623 903 2696 25);
926 2626 1091 2685 Isaias
1119 2632 1280 2688 etiam
1310 2637 1487 2695 nudus
1518 2651 1570 2696 et
1600 2642 1974 2720 discalceatus,

384 2708 694 2771 Judaiorum
722 2718 961 2776 omnium
991 2722 1456 2793 splendidissimus
1478 2742 1597 2791 erat
1613 2734 1764 2809 (Isai.
1785 2740 1875 2799 20.
1893 2708 1975 2816 3);

384 2803 584 2876 Ioseph
622 2824 753 2865 vero
788 2826 913 2868 cum
944 2824 1143 2874 exutus
1181 2831 1300 2886 est,
1335 2832 1460 2880 tunc
1488 2830 1721 2887 maxime
1762 2834 1973 2894 claruit.

384 2895 572 2969 Neque
596 2901 739 2957 enim
770 2905 971 2960 malum
998 2918 1081 2963 est
1111 2909 1183 2965 ita
1218 2912 1446 2983 nudari,
1476 2919 1571 2974 sed
1600 2921 1670 2975 ita
1700 2923 1881 2992 indui,
1922 2939 1978 2984 ut

384 3002 527 3044 nunc
552 3004 651 3045 nos
680 2991 952 3050 induimur
978 2998 1310 3057 vestimentis
1333 3008 1608 3076 pretiosis.
1640 3011 1751 3069 Hoc
1777 3025 1830 3070 et
1861 3026 1972 3073 tur-

383 3091 454 3147 pe
480 3088 535 3135 et
555 3080 837 3140 ridiculum
866 3096 966 3142 est.
1004 3088 1129 3146 Ideo
1156 3091 1277 3149 illos
1306 3097 1521 3167 quidem
1550 3101 1694 3158 Deus
1720 3105 1973 3177 laudavit;

384 3169 486 3226 hos
513 3187 644 3229 vero
672 3189 768 3245 per
793 3178 1078 3248 prophetas
1100 3192 1155 3238 et
1173 3200 1273 3256 per
1288 3191 1558 3259 apostolos
1578 3208 1722 3268 sirpe
1746 3169 1975 3257 incusat.

384 3258 463 3315 Ne
490 3261 667 3333 itaque
694 3279 957 3338 praecepta
996 3258 1345 3342 impossibilia
1375 3295 1497 3338 esse
1540 3258 1809 3355 putemus.
1847 3292 1978 3360 Quae

385 3354 569 3425 utique
595 3367 650 3412 et
679 3359 825 3414 utilia
853 3361 1007 3419 nobis
1033 3375 1188 3437 sunt,
1215 3378 1270 3426 et
1300 3374 1453 3430 valde
1482 3354 1655 3435 facilia
1676 3422 1694 3449 ,
1723 3383 1767 3439 si
1793 3354 1977 3458 vigile-

384 3459 506 3503 mus
535 3463 548 3501 :
581 3456 893 3524 tantumque
919 3455 1393 3531 all‘eruntlucrum,
1426 3477 1483 3523 ut
1508 3486 1614 3527 non
1652 3490 1750 3532 nos
1778 3455 1973 3549 solum,

382 3538 479 3596 sed
506 3539 667 3597 etiam
696 3558 808 3612 eos,
835 3547 925 3618 qui
955 3564 1055 3606 nos
1073 3551 1288 3622 laedunt,
1318 3560 1550 3620 maxime
1566 3565 1773 3635 juvent.
1792 3572 1859 3627 Et
1874 3538 1977 3631 hoc

384 3639 468 3688 est
486 3631 541 3688 in
568 3635 647 3691 eis
667 3638 945 3707 eximitun,
967 3644 1109 3714 quod
1139 3647 1266 3703 dum
1294 3653 1520 3711 suadent
1548 3631 1724 3728 nobis,
1755 3673 1810 3719 ut
1835 3668 1974 3724 mala

383 3725 672 3796 patiamur,
701 3730 888 3788 eadem
919 3749 1081 3805 opera
1111 3754 1239 3809 eos,
1270 3746 1357 3814 qui
1385 3762 1486 3803 nos
1514 3725 1747 3821 laedunt,
1779 3757 1977 3817 docent

382 3813 771 3888 philosophari.
831 3824 966 3880 Dum
1020 3830 1163 3885 enim
1206 3813 1297 3890 ille
1353 3847 1503 3906 putat
1550 3813 1801 3916 magnum

383 3907 559 3963 aliena
586 3910 817 3981 auferre,
852 3923 905 3970 tu
936 3933 1064 3974 vero
1088 3924 1327 3982 ostendis
1357 3927 1477 3997 ipsi,
1513 3931 1606 3988 tibi
1641 3907 1693 3991 in
1722 3907 1973 4013 promptu

383 4012 507 4055 esse
536 4000 623 4056 illa
651 4004 811 4059 etiam
851 4005 982 4065 dare
1010 4028 1130 4081 qua:
1172 4014 1287 4085 ipse
1330 4034 1437 4076 non
1476 4025 1640 4093 petit,
1668 4000 1973 4101 et-pronlam

382 4091 714 4150 alacritatem
753 4097 870 4168 ejus
901 4101 1094 4172 inopia:
1125 4091 1630 4187 philosophiamque
1661 4091 1777 4192 ejus
1818 4140 1976 4197 rapa-

378 4372 867 4443 parvipendendam
885 4382 1195 4452 nequitiam,
1219 4396 1275 4443 et
1290 4389 1538 4449 virtutem
1558 4402 1968 4471 assequendam.

378 4461 497 4518 Non
536 4467 680 4529 enim
722 4472 834 4525 vult
882 4472 1022 4531 Deus
1068 4486 1128 4532 ut
1162 4480 1316 4537 nobis
1341 4492 1549 4543 tantum
1594 4461 1751 4549 utiles
1778 4495 1965 4565 simus,

377 4552 479 4615 sed
496 4558 744 4615 omnibus
769 4564 1045 4656 proximis.
1066 4568 1122 4625 Si
1141 4569 1299 4640 igitur
1314 4573 1549 4644 dederis,
1573 4590 1627 4637 et
1644 4599 1751 4640 non
1767 4552 1971 4656 judicio

376 4647 756 4717 contenderis,
785 4655 928 4722 quod
966 4657 1060 4713 tibi
1086 4662 1216 4718 utile
1255 4676 1369 4720 erat
1401 4676 1602 4727 tantum
1633 4647 1966 4749 queis-ivisti;

375 4737 423 4793 si
454 4753 584 4797 vero
602 4742 747 4799 aliud
772 4745 915 4802 dono
937 4749 1228 4818 addideris,
1252 4755 1399 4812 illum
1423 4737 1702 4822 meliorem
1721 4737 1969 4829 effectum

375 4831 622 4891 dimittis.
646 4835 962 4908 Hujusmodi
991 4853 1075 4898 est
1100 4846 1199 4913 sal,
1228 4858 1286 4903 ut
1313 4852 1425 4906 vult
1450 4853 1705 4915 Dominus
1733 4861 1969 4937 discipu-

373 4922 458 4985 los
496 4941 618 4983 esse
647 4946 661 4982 :
690 4930 832 5000 quod
866 4941 923 4995 et
958 4935 1193 5005 seipsum
1234 4951 1452 5009 servat,
1491 4956 1546 5002 et
1584 4949 1688 5005 alia
1713 4922 1963 5027 corpora,

373 5019 691 5088 quibuscum
725 5023 952 5079 mixtum
977 5037 1084 5095 est,
1113 5028 1296 5086 firmat
1320 5052 1333 5087 :
1363 5035 1483 5091 talis
1517 5048 1601 5094 est
1628 5019 1849 5115 oculus,
1874 5019 1965 5120 qui

342 5136 358 5198 uti
373 5112 479 5168 sibi
507 5114 607 5184 ipsi
634 5116 777 5172 lucet
801 5126 858 5173 et
891 5119 1032 5176 aliis.
1062 5121 1197 5189 Quia
1224 5124 1385 5196 igitur
1406 5145 1593 5194 eorum
1617 5145 1668 5192 te
1689 5138 1806 5196 vice
1831 5112 1966 5198 es..-

375 5162 479 5168 —-~-
507 5162 607 5184 -τν-
634 5162 777 5172 --ην-
803 5162 858 5173 ν-
891 5162 1032 5176 υ--ηυ-
1066 5162 1197 5189 xu"-
1224 5162 1375 5196 ιδιιυι
1406 5162 1593 5194 cuium
1617 5162 1668 5192 lt:
1691 5162 1806 5196 vrce
1831 5162 1965 5198 con-

348 5162 577 5270 istituit,
611 5206 849 5269 illumina
875 5210 996 5267 cum
1021 5254 1037 5280 ,
1063 5215 1154 5285 qui
1187 5217 1240 5272 in
1271 5221 1506 5279 tenebris
1537 5226 1721 5297 sedet,
1751 5240 1807 5289 et
1829 5234 1965 5293 doce

371 5291 524 5348 illum
544 5334 561 5360 ,
588 5310 689 5353 nec
713 5300 941 5368 primum
968 5305 1182 5374 quidem
1210 5311 1452 5381 rapuisse
1477 5291 1755 5389 violenter,
1788 5339 1888 5381 nec
1914 5335 1965 5383 te

372 5383 576 5442 liesisse
590 5388 829 5447 omnino.
845 5392 936 5451 Sic
962 5398 1104 5453 enim
1121 5411 1178 5456 et
1197 5410 1252 5458 tu
1282 5409 1640 5467 venerabilior
1663 5414 1963 5491 clariorque

372 5476 482 5532 eris
501 5518 516 5542 ,
547 5478 594 5534 si
632 5483 885 5539 ostendas
906 5526 923 5551 ,
950 5487 1164 5548 dedisse
1194 5501 1281 5562 te,
1314 5513 1418 5554 non
1456 5512 1661 5573 raptum
1691 5476 1957 5567 amisisse.

372 5567 477 5624 Fac
494 5570 653 5638 igitur
674 5590 768 5643 per
793 5583 1255 5643 mansuetudinem
1279 5598 1443 5660 tuam,
1468 5567 1532 5650 ut
1545 5594 1658 5667 ejus
1681 5609 1957 5670 peccatum

369 5660 653 5730 liberalitas
681 5675 768 5724 tua
802 5671 889 5732 sit.

1172 210 1231 269 S.
1272 210 1550 269 JOANNIS
1584 208 2063 269 CHRYSOSTOMI
2108 212 2427 275 ARCHIEP.
2469 219 3005 283 CONSTANTINOP.

3580 238 3688 299 268

2169 329 2428 397 Quantam
2472 339 2829 407 perfectionem
2869 356 2964 395 nos
3007 340 3233 398 docuerit
3268 344 3517 404 Christus.
3551 350 3684 407 Per-

2094 422 2211 491 fecti
2236 423 2331 477 viri
2353 428 2594 481 arumnis
2621 430 2855 499 fortiores
2878 432 3190 487 evadunt.—
3205 435 3262 491 Si
3285 453 3412 493 vero
3438 438 3539 496 hoc
3560 458 3685 499 esse

2094 526 2343 582 magnum
2370 524 2547 584 putas,
2568 528 2841 588 exspecta,
2859 531 2914 576 et
2941 524 3086 581 clare
3111 525 3335 596 videbis,
3364 538 3415 584 te
3444 532 3684 588 nondum

2092 601 2158 655 ad
2187 604 2568 672 perfectionem
2593 610 2825 665 venisse.
2860 610 2979 668 Non
3005 616 3149 671 enim
3172 615 3259 673 hic
3286 620 3508 690 gradum
3538 624 3684 681 sistit

2091 693 2138 748 is
2161 695 2250 765 qui
2284 697 2553 766 patientize
2574 700 2718 772 leges
2743 702 2910 770 dedit,
2940 706 3033 763 sed
3064 710 3286 767 ulterius
3314 716 3573 783 procedit,
3606 719 3683 774 ita

2091 788 2277 845 dicens
2306 807 2320 844 :
2349 792 2440 847 M.
2474 794 2538 849 Si
2568 796 2683 867 quis
2722 806 2771 852 te
2803 800 3145 870 angariaverit
3180 805 3476 862 milliarium
3498 826 3681 881 unum,

2090 880 2218 934 vade
2252 897 2367 935 cum
2405 884 2499 940 illo
2532 895 2578 940 et
2604 886 2728 942 duo.
2764 889 3010 946 Vidistin’
3029 891 3383 966 philosophia:
3408 900 3684 958 excellen-

2092 971 2260 1027 tiam?
2286 973 2415 1030 Post
2442 976 2622 1033 datam
2651 980 2885 1038 tunicam
2904 993 2967 1055 et
2994 985 3237 1055 pallium,
3265 989 3309 1045 si
3337 990 3513 1049 adhuc
3535 995 3687 1051 nudo

2088 1076 2318 1134 corpore
2346 1066 2421 1122 uti
2448 1069 2575 1125 velit
2603 1053 2941 1131 adversarius
2965 1076 3033 1132 ad
3063 1078 3303 1139 laborem
3327 1091 3382 1138 et
3407 1086 3683 1145 miseriam

2090 1154 2364 1214 ferendam
2384 1201 2400 1226 ,
2431 1176 2502 1218 ne
2529 1162 2607 1219 sic
2629 1165 2843 1236 quidem
2871 1169 3020 1226 illum
3043 1187 3301 1232 coercere
3326 1189 3557 1250 oportet,
3590 1183 3682 1239 in-

2087 1249 2223 1319 quit.
2263 1251 2453 1309 Omnia
2500 1256 2645 1313 enim
2686 1273 2789 1316 nos
2827 1265 3188 1323 communiter
3219 1269 3333 1325 vult
3370 1249 3679 1344 possidere,

2087 1355 2312 1411 corpora
2332 1385 2349 1412 ,
2380 1348 2669 1416 pecunias,
2698 1360 2754 1435 et
2773 1353 2956 1423 egenis
2985 1358 3187 1426 pariter
3210 1359 3565 1437 injuriamque
3592 1370 3680 1423 in—

2088 1432 2383 1493 ferentibus
2413 1439 2500 1495 illa
2531 1430 2771 1513 praebere
2800 1464 2813 1500 :
2845 1446 2948 1503 hoc
2982 1449 3125 1506 enim
3168 1430 3522 1524 fortitudinis,
3549 1460 3685 1515 illud

2086 1526 2428 1599 benignitatis
2455 1540 2558 1589 est.
2593 1533 2719 1590 ideo
2746 1534 2957 1595 dicebat
2989 1559 3005 1596 :
3036 1541 3100 1598 Si
3121 1545 3234 1613 quis
3260 1555 3307 1601 te
3334 1552 3683 1620 angariaverit

2086 1622 2382 1677 milliarium
2411 1640 2599 1693 unum,
2630 1629 2758 1685 vade
2789 1647 2905 1686 cum
2938 1634 3030 1689 illo
3055 1645 3104 1691 et
3140 1637 3245 1694 duo
3264 1681 3280 1708 ,
3310 1642 3597 1702 sublimius
3627 1656 3685 1703 te

2086 1734 2299 1775 rursum
2333 1720 2579 1794 erigens,
2608 1734 2767 1797 atque
2794 1729 3039 1786 eamdem
3089 1731 3257 1803 ipsam
3303 1735 3684 1797 liberalitatem

2084 1813 2371 1870 ostendere
2400 1814 2619 1885 iubens.
2650 1818 2706 1875 Si
2741 1821 2886 1877 enim
2914 1821 3037 1889 illa,
3069 1840 3189 1895 qua:
3218 1826 3274 1883 in
3310 1829 3573 1903 principio
3597 1833 3684 1888 di-

2085 1904 2248 1960 cebat
2268 1946 2286 1975 ,
2314 1904 2398 1963 his
2423 1908 2582 1981 longe
2610 1911 2816 1968 minora
2834 1954 2850 1977 ,
2883 1922 2961 1970 tot
2985 1924 3162 1973 tamen
3192 1918 3552 1980 beatitudines
3578 1925 3680 1980 has

2084 1994 2281 2065 beant,
2307 1999 2480 2071 cogita
2511 2011 2709 2071 quanta
2733 2018 2854 2060 sors
2884 2005 3002 2063 hsce
3026 2009 3231 2079 majora
3264 2024 3552 2083 operantes
3575 2032 3679 2072 ex-

2084 2098 2330 2161 spectet,
2378 2101 2540 2163 atqne
2592 2094 2752 2151 etiam
2800 2098 2987 2168 quales
3037 2099 3115 2156 illi
3162 2103 3246 2159 vel
3287 2115 3412 2162 ante
3456 2110 3682 2178 praemia

2084 2180 2348 2250 evadant,
2382 2184 2434 2239 in
2459 2186 2693 2243 humano
2721 2197 2776 2245 et
2807 2191 3047 2260 passibili
3076 2209 3303 2266 corpore
3333 2199 3681 2271 impassibili-

2084 2280 2251 2330 tatem
2294 2289 2509 2331 omnem
2537 2277 2874 2339 exhibentes.
2903 2282 3035 2339 Cum
3066 2287 3210 2341 enim
3250 2304 3426 2361 neque
3467 2295 3680 2349 calum-

2084 2364 2225 2432 niis,
2270 2382 2443 2439 neque
2486 2370 2654 2443 plagis
2677 2412 2700 2447 ,j
2742 2389 2917 2446 neque
2968 2380 3313 2448 pecuniarum
3368 2385 3678 2458 direptione

2083 2453 2453 2529 mordéantur,
2488 2477 2661 2534 neque
2701 2465 2797 2520 ulli
2837 2468 2914 2523 rei
2954 2470 3116 2527 simili
3162 2490 3413 2546 umquam
3458 2453 3678 2545 cedant.

2084 2545 2192 2603 imo
2211 2550 2387 2619 potius
2406 2554 2659 2611 zerumnis
2686 2554 2935 2614 fortiores
2958 2562 3205 2631 evadant,
3236 2545 3513 2626 censidera
3536 2590 3677 2644 qua-

2084 2640 2151 2696 lis
2177 2642 2354 2698 anima
2379 2658 2566 2702 eorum
2598 2647 2878 2707 efficiatur.
2908 2653 3203 2726 Propterea
3232 2663 3373 2732 quod
3404 2666 3456 2719 in
3480 2640 3675 2740 plagis,

2082 2732 2224 2804 quod
2249 2734 2301 2791 in
2328 2739 2567 2808 pecuniis
2589 2739 2759 2812 jubet,
2780 2742 2884 2803 hoc
2901 2746 3028 2806 etin
3056 2749 3155 2806 hac
3182 2767 3241 2807 re
3261 2732 3679 2826 quoque-faccre

2083 2832 2359 2899 praecepit.
2404 2831 2542 2899 Quid
2589 2836 2800 2909 loquor,
2841 2839 3034 2912 inquit,
3082 2845 3151 2901 dc
3195 2852 3554 2919 contumeliis,
3604 2856 3683 2915 de

2084 2921 2367 2988 pecuniis?
2408 2922 2464 2979 Si
2495 2926 2655 2982 etiam
2695 2929 2817 3000 ipso
2859 2947 3088 3005 corpore
3148 2948 3239 2996 tuo
3288 2944 3361 2998 uti
3420 2946 3552 3003 velit
3606 2952 3677 3005 ad

2084 3008 2322 3066 laborem
2348 3022 2404 3069 et
2430 3016 2860 3090 defatigationem
2887 3066 2905 3093 ,
2936 3027 3171 3100 illudque
3212 3035 3409 3109 injuste
3428 3079 3444 3104 ,
3484 3056 3683 3098 rursus

2082 3106 2320 3176 vincito,
2366 3119 2422 3167 et
2463 3112 2605 3171 illius
2642 3116 2878 3188 iniquam
2926 3106 3276 3194 cupiditatem
3321 3146 3673 3205 exsuperato.

2083 3200 2376 3271 Angariare
2404 3204 2548 3261 enim
2569 3217 2651 3265 est
2690 3210 2869 3283 inique
2892 3215 3126 3283 trahere,
3159 3228 3213 3275 et
3236 3221 3353 3277 sine
3373 3224 3481 3279 ulla
3512 3244 3677 3297 pror-

2082 3307 2175 3349 sus
2198 3296 2405 3353 ratione
2431 3299 2538 3354 vim
2570 3300 2790 3359 inferre.
2825 3310 3072 3365 Attamen
3103 3311 3169 3367 ad
3195 3312 3295 3370 hoc
3322 3317 3480 3373 etiam
3512 3296 3641 3391 para
3662 3354 3676 3364 -

2086 3396 2167 3444 tus
2192 3400 2329 3454 esto,
2362 3403 2417 3449 ut
2443 3397 2672 3467 amplius
2702 3401 2942 3472 patiaris,
2966 3420 3129 3477 quam
3159 3408 3253 3466 ille
3279 3413 3405 3469 velit
3430 3417 3675 3489 exigere.

2080 3481 2172 3538 42.
2198 3482 2398 3541 Petenti
2422 3496 2468 3542 te
2494 3488 2577 3555 da,
2604 3499 2649 3544 et
2669 3493 2917 3550 volentem
2944 3513 2976 3551 a
3002 3508 3051 3554 te
3065 3504 3306 3570 mutuari,
3330 3523 3393 3561 ne
3405 3481 3675 3569 averseris.

2081 3573 2209 3631 Hice
2230 3578 2436 3635 minora
2460 3580 2563 3637 illis
2578 3594 2736 3652 sunt;
2768 3586 2863 3642 sed
2892 3604 2959 3645 ne
2980 3591 3191 3649 mireris
3222 3611 3237 3651 :
3265 3597 3343 3653 sic
3368 3602 3512 3657 enim
3535 3606 3678 3662 solet

2082 3681 2296 3739 semper
2324 3668 2531 3737 facere,
2571 3677 2778 3747 magnis
2818 3694 2979 3750 parva
3019 3685 3271 3743 miscens.
3302 3688 3357 3746 Si
3401 3709 3529 3749 vero
3558 3695 3677 3754 hare

2080 3760 2287 3816 minora
2317 3763 2427 3819 sint
2455 3765 2578 3835 illis,
2607 3769 2827 3825 audiant
2856 3774 2944 3844 qui
2977 3775 3150 3833 aliena
3174 3781 3409 3851 rapiunt,
3436 3786 3526 3856 qui
3554 3804 3673 3844 me-

2081 3853 2365 3910 retricibus
2402 3871 2498 3913 sua
2540 3858 2859 3932 largiuntur,
2891 3874 2946 3921 et
2982 3866 3181 3940 duplex
3222 3873 3322 3929 sibi
3368 3853 3556 3947 parant
3592 3881 3676 3934 in-

2080 3943 2328 4000 cendium
2353 3986 2369 4012 ,
2416 3958 2472 4003 et
2514 3965 2612 4019 per
2657 3952 2896 4025 iniquum
2944 3958 3145 4017 aditum
3171 4005 3184 4029 ,
3215 3973 3270 4019 et
3298 3943 3392 4036 per
3427 3982 3679 4039 sumptus

2081 4038 2428 4106 perniciosos.
2459 4041 2696 4100 Mutuum
2725 4056 2901 4104 autem
2942 4051 3027 4107 hic
3064 4069 3168 4109 non
3200 4059 3497 4115 nsurarium
3540 4064 3677 4119 illud

2079 4126 2258 4184 fumus
2283 4133 2571 4203 appellant,
2596 4137 2689 4193 sed
2717 4154 2871 4196 usum
2899 4142 3214 4215 simplicem.
3247 4150 3384 4205 Alibi
3426 4169 3555 4208 vero
3586 4156 3672 4212 id-

2079 4221 2253 4289 ipsum
2287 4224 2550 4293 intendit,
2587 4229 2792 4300 dicens,
2832 4233 2937 4291 illis
2965 4236 3200 4295 dandum
3228 4256 3348 4299 esse
3368 4286 3382 4310 ,
3413 4262 3442 4300 a
3473 4249 3675 4319 quibus

2079 4313 2212 4368 nihil
2239 4327 2554 4387 recepturos
2584 4337 2685 4378 nos
2710 4339 3010 4394 speramus.
3038 4330 3127 4386 45.
3161 4332 3388 4390 Audistis
3426 4313 3548 4409 quia
3588 4344 3671 4397 di-

2078 4414 2215 4459 ctam
2243 4418 2318 4462 est
2340 4425 2359 4462 :
2383 4408 2577 4483 Diliges
2603 4417 2890 4484 proximum
2925 4429 3066 4475 tuum
3090 4463 3106 4487 ,
3130 4433 3177 4477 et
3204 4426 3321 4481 odio
3343 4428 3544 4487 habebis
3564 4434 3671 4489 ini-

2078 4498 2265 4553 micum
2309 4512 2471 4557 tuum.
2509 4504 2599 4560 44.
2640 4504 2754 4578 Ego
2778 4520 2946 4565 autem
2974 4513 3088 4568 dico
3117 4516 3253 4573 vobis
3275 4537 3293 4573 :
3324 4518 3531 4593 Diligite
3566 4526 3673 4580 ini-

2077 4591 2234 4645 micos
2256 4602 2461 4659 vestros,
2484 4604 2529 4649 et
2552 4607 2692 4653 orate
2717 4617 2812 4668 pro
2839 4604 3262 4665 calumniantibus
3287 4621 3334 4666 et
3362 4631 3673 4687 persequen-

2076 4682 2208 4737 tibus
2233 4700 2319 4738 νος
2341 4702 2363 4752 ;
2409 4687 2684 4744 benedicite
2725 4693 3136 4752 maledicentibus
3171 4702 3309 4757 vobis
3332 4745 3345 4768 ,
3364 4682 3369 4683 ί
3391 4682 3673 4777 benefacite

2075 4774 2139 4830 iis
2162 4775 2249 4844 qui
2273 4793 2360 4832 vos
2398 4778 2646 4846 oderunt,
2680 4782 2771 4839 45.
2800 4795 2854 4839 ut
2899 4788 3008 4843 sitis
3049 4791 3238 4849 similes
3278 4794 3452 4853 Patris
3496 4774 3668 4871 uestri,

2074 4866 2163 4936 qui
2186 4876 2258 4922 cst
2282 4869 2333 4922 in
2360 4872 2499 4925 catis
2520 4913 2537 4939 ,
2566 4874 2654 4944 qui
2679 4876 2836 4930 solem
2859 4895 3006 4933 suum
3031 4884 3155 4937 oriri
3181 4887 3304 4955 facit
3330 4906 3484 4960 super
3509 4892 3673 4951 bonos

2074 4966 2122 5012 et
2170 4960 2362 5026 malos,
2411 4972 2459 5015 et
2504 4964 2634 5034 pluit
2660 4983 2813 5037 super
2843 4972 3011 5040 justas
3036 4985 3084 5028 et
3107 4976 3342 5048 injustas.
3372 4981 3507 5039 Vide
3529 5003 3670 5058 quo-

2073 5052 2233 5109 modo
2262 5054 2502 5111 ultimam
2528 5058 2790 5114 bonorum
2814 5066 3122 5122 coronidem
3152 5073 3345 5139 posuit.
3373 5074 3665 5149 Pr0pterea

2072 5145 2217 5200 enim
2254 5145 2417 5202 docet
2437 5190 2453 5214 ,
2480 5165 2586 5203 non
2617 5151 2778 5207 modo
2802 5155 3043 5226 colaphis
3067 5160 3336 5219 credentes
3366 5145 3539 5237 ferre,
3569 5175 3666 5229 sed

2072 5235 2234 5295 etiam
2250 5236 2525 5297 dexteram
2544 5241 2815 5303 maxillam
2839 5247 3078 5315 prtebere
3101 5291 3116 5315 ,
3151 5267 3327 5324 neque
3354 5235 3559 5315 tantum
3580 5272 3667 5318 tu-

2070 5328 2205 5383 nicre
2230 5330 2447 5398 pallium
2473 5330 2726 5403 adjicere,
2750 5336 2843 5391 sed
2878 5352 3000 5393 cum
3029 5343 3339 5412 angariante
3381 5350 3447 5403 ad
3494 5368 3662 5412 unum

2071 5419 2374 5475 milliarium
2420 5438 2515 5493 per
2542 5424 2649 5479 duo
2680 5426 2924 5483 milliaria
2962 5430 3247 5501 incedere,
3289 5447 3345 5493 ut
3383 5442 3529 5511 quod
3574 5446 3664 5504 his

2072 5512 2231 5581 longe
2259 5515 2430 5583 majus
2456 5526 2571 5571 erat
2610 5533 2730 5574 cum
2758 5523 2905 5578 omni
2937 5521 3188 5583 facilitate
3218 5532 3539 5603 susciperes.
3593 5539 3665 5598 Et

2068 5604 2215 5674 quid,
2242 5605 2466 5675 inquies,
2493 5608 2575 5664 his
2599 5611 2769 5682 majus
2788 5615 2913 5669 est?
2945 5614 3095 5673 Illum
3113 5620 3202 5690 qui
3226 5621 3339 5679 huic
3367 5624 3527 5683 faciat
3551 5645 3663 5687 non

2068 5699 2341 5763 inimicum
2380 5701 2577 5765 habere
2609 5721 2623 5759 :
2654 5707 2762 5764 imo
2792 5718 2846 5767 ct
2874 5709 3070 5792 aliquid
3109 5715 3255 5772 aliud
3295 5718 3489 5795 majus.
3535 5722 3661 5793 Non
