  <div class='ocr_page' id='page_1' title='image "/cluster/home/n/w/nwhite01/storage/ocr_20150623/57-58/hvd.32044012465811/198.png"; bbox 0 0 3868 6182; ppageno 0'>
   <div class='ocr_carea' id='block_1_1' title="bbox 221 251 2349 334">
    <p class='ocr_par' dir='ltr' id='par_1_1' title="bbox 221 251 2349 334">
     <span class='ocr_line' id='line_1_1' title="bbox 221 251 2349 334; baseline -0.011 1"><span class='ocrx_word' id='word_1_1' title='bbox 221 277 310 334; x_wconf 68' lang='grc'><strong>269</strong></span> <span class='ocrx_word' id='word_1_2' title='bbox 1336 259 1402 316; x_wconf 81' lang='lat' dir='ltr'>IN</span> <span class='ocrx_word' id='word_1_3' title='bbox 1440 251 1852 315; x_wconf 69' lang='lat' dir='ltr'><strong>MATTIIASUM</strong></span> <span class='ocrx_word' id='word_1_4' title='bbox 1890 251 2116 308; x_wconf 78' lang='lat' dir='ltr'><strong>II‘OMIL.</strong></span> <span class='ocrx_word' id='word_1_5' title='bbox 2162 255 2349 312; x_wconf 78' lang='lat' dir='ltr'>XVIII.</span> 
     </span>
    </p>
   </div>
   <div class='ocr_carea' id='block_1_2' title="bbox 220 370 1779 454">
    <p class='ocr_par' dir='ltr' id='par_1_2' title="bbox 220 370 1779 454">
     <span class='ocr_line' id='line_1_2' title="bbox 220 370 1779 454; baseline -0.013 -10"><span class='ocrx_word' id='word_1_6' title='bbox 220 408 340 444; x_wconf 79' lang='lat' dir='ltr'><strong>enim</strong></span> <span class='ocrx_word' id='word_1_7' title='bbox 371 391 446 446; x_wconf 91' lang='lat' dir='ltr'><strong>ait</strong></span> <span class='ocrx_word' id='word_1_8' title='bbox 469 430 486 454; x_wconf 84' lang='lat'><strong>,</strong></span> <span class='ocrx_word' id='word_1_9' title='bbox 525 388 604 444; x_wconf 81' lang='lat' dir='ltr'><strong>Ne</strong></span> <span class='ocrx_word' id='word_1_10' title='bbox 655 385 778 443; x_wconf 91' lang='lat' dir='ltr'><strong>odio</strong></span> <span class='ocrx_word' id='word_1_11' title='bbox 828 383 1047 450; x_wconf 81' lang='lat' dir='ltr'><strong>habeas,</strong></span> <span class='ocrx_word' id='word_1_12' title='bbox 1077 380 1192 447; x_wconf 90' lang='lat' dir='ltr'><strong>sed,</strong></span> <span class='ocrx_word' id='word_1_13' title='bbox 1226 378 1440 447; x_wconf 86' lang='lat' dir='ltr'><strong>Dilige:</strong></span> <span class='ocrx_word' id='word_1_14' title='bbox 1477 389 1581 429; x_wconf 87' lang='lat' dir='ltr'><strong>non</strong></span> <span class='ocrx_word' id='word_1_15' title='bbox 1612 370 1779 436; x_wconf 87' lang='lat' dir='ltr'><strong>dixit,</strong></span> 
     </span>
    </p>
   </div>
   <div class='ocr_carea' id='block_1_3' title="bbox 218 476 1442 546">
    <p class='ocr_par' dir='ltr' id='par_1_3' title="bbox 218 476 1442 546">
     <span class='ocr_line' id='line_1_3' title="bbox 218 476 1442 546; baseline -0.011 -8"><span class='ocrx_word' id='word_1_16' title='bbox 218 481 460 538; x_wconf 63' lang='lat' dir='ltr'><strong>Nolaedas</strong></span> <span class='ocrx_word' id='word_1_17' title='bbox 482 523 497 546; x_wconf 90' lang='lat'><strong>,</strong></span> <span class='ocrx_word' id='word_1_18' title='bbox 527 479 642 544; x_wconf 90' lang='lat' dir='ltr'><strong>sed,</strong></span> <span class='ocrx_word' id='word_1_19' title='bbox 671 476 994 534; x_wconf 85' lang='lat' dir='ltr'><strong>Benefacito.</strong></span> <span class='ocrx_word' id='word_1_20' title='bbox 1439 535 1442 538; x_wconf 94' lang='lat'><strong><em>_</em></strong></span> 
     </span>
    </p>
   </div>
   <div class='ocr_carea' id='block_1_4' title="bbox 279 555 1788 638">
    <p class='ocr_par' dir='ltr' id='par_1_4' title="bbox 279 555 1788 638">
     <span class='ocr_line' id='line_1_4' title="bbox 279 555 1788 638; baseline -0.015 -9"><span class='ocrx_word' id='word_1_21' title='bbox 279 575 324 629; x_wconf 69' lang='grc'><strong>4.</strong></span> <span class='ocrx_word' id='word_1_22' title='bbox 360 572 554 626; x_wconf 78' lang='lat' dir='ltr'><strong>Novem</strong></span> <span class='ocrx_word' id='word_1_23' title='bbox 581 570 852 626; x_wconf 72' lang='lat' dir='ltr'><strong>Christiani</strong></span> <span class='ocrx_word' id='word_1_24' title='bbox 897 582 1014 638; x_wconf 82' lang='lat' dir='ltr'><strong>ergo</strong></span> <span class='ocrx_word' id='word_1_25' title='bbox 1042 564 1271 618; x_wconf 85' lang='lat' dir='ltr'><strong>inimicos</strong></span> <span class='ocrx_word' id='word_1_26' title='bbox 1295 559 1454 632; x_wconf 76' lang='lat' dir='ltr'><strong>ofﬁcii</strong></span> <span class='ocrx_word' id='word_1_27' title='bbox 1479 555 1687 629; x_wconf 85' lang='lat' dir='ltr'><strong>gradus.</strong></span> <span class='ocrx_word' id='word_1_28' title='bbox 1718 584 1788 594; x_wconf 89' lang='lat'><strong>—</strong></span> 
     </span>
    </p>
   </div>
   <div class='ocr_carea' id='block_1_5' title="bbox 217 645 1789 734">
    <p class='ocr_par' dir='ltr' id='par_1_5' title="bbox 217 645 1789 734">
     <span class='ocr_line' id='line_1_5' title="bbox 217 645 1789 734; baseline -0.013 -14"><span class='ocrx_word' id='word_1_29' title='bbox 217 666 260 721; x_wconf 84' lang='lat' dir='ltr'><strong>Si</strong></span> <span class='ocrx_word' id='word_1_30' title='bbox 286 666 398 734; x_wconf 86' lang='lat' dir='ltr'><strong>quis</strong></span> <span class='ocrx_word' id='word_1_31' title='bbox 426 679 558 719; x_wconf 87' lang='lat' dir='ltr'><strong>vero</strong></span> <span class='ocrx_word' id='word_1_32' title='bbox 583 663 697 717; x_wconf 75' lang='lat' dir='ltr'><strong>hazc</strong></span> <span class='ocrx_word' id='word_1_33' title='bbox 724 668 970 716; x_wconf 90' lang='lat' dir='ltr'><strong>accurate</strong></span> <span class='ocrx_word' id='word_1_34' title='bbox 1001 653 1389 724; x_wconf 86' lang='lat' dir='ltr'><strong>exploraverit,</strong></span> <span class='ocrx_word' id='word_1_35' title='bbox 1413 649 1560 704; x_wconf 87' lang='lat' dir='ltr'><strong>aliud</strong></span> <span class='ocrx_word' id='word_1_36' title='bbox 1587 645 1789 702; x_wconf 78' lang='lat' dir='ltr'><strong>videbit</strong></span> 
     </span>
    </p>
   </div>
   <div class='ocr_carea' id='block_1_6' title="bbox 216 739 1789 822">
    <p class='ocr_par' dir='ltr' id='par_1_6' title="bbox 216 739 1789 822">
     <span class='ocr_line' id='line_1_6' title="bbox 216 739 1789 822; baseline -0.014 -8"><span class='ocrx_word' id='word_1_37' title='bbox 216 759 620 814; x_wconf 71' lang='lat' dir='ltr'><strong>additamentum</strong></span> <span class='ocrx_word' id='word_1_38' title='bbox 640 755 722 810; x_wconf 92' lang='lat' dir='ltr'><strong>his</strong></span> <span class='ocrx_word' id='word_1_39' title='bbox 741 754 898 822; x_wconf 90' lang='lat' dir='ltr'><strong>longe</strong></span> <span class='ocrx_word' id='word_1_40' title='bbox 919 749 1104 820; x_wconf 86' lang='lat' dir='ltr'><strong>majus.</strong></span> <span class='ocrx_word' id='word_1_41' title='bbox 1134 747 1248 802; x_wconf 86' lang='lat' dir='ltr'><strong>Non</strong></span> <span class='ocrx_word' id='word_1_42' title='bbox 1271 746 1414 801; x_wconf 91' lang='lat' dir='ltr'><strong>enim</strong></span> <span class='ocrx_word' id='word_1_43' title='bbox 1439 744 1608 798; x_wconf 91' lang='lat' dir='ltr'><strong>solum</strong></span> <span class='ocrx_word' id='word_1_44' title='bbox 1630 739 1789 810; x_wconf 84' lang='lat' dir='ltr'><strong>jussit</strong></span> 
     </span>
    </p>
   </div>
   <div class='ocr_carea' id='block_1_7' title="bbox 215 830 1788 921">
    <p class='ocr_par' dir='ltr' id='par_1_7' title="bbox 215 830 1788 921">
     <span class='ocr_line' id='line_1_7' title="bbox 215 830 1788 921; baseline -0.013 -17"><span class='ocrx_word' id='word_1_45' title='bbox 215 851 455 921; x_wconf 81' lang='lat' dir='ltr'><strong>diligere,</strong></span> <span class='ocrx_word' id='word_1_46' title='bbox 500 847 596 904; x_wconf 89' lang='lat' dir='ltr'><strong>sed</strong></span> <span class='ocrx_word' id='word_1_47' title='bbox 625 851 680 902; x_wconf 88' lang='lat' dir='ltr'><strong>et</strong></span> <span class='ocrx_word' id='word_1_48' title='bbox 717 860 814 914; x_wconf 89' lang='lat' dir='ltr'><strong>pro</strong></span> <span class='ocrx_word' id='word_1_49' title='bbox 845 843 910 897; x_wconf 91' lang='lat' dir='ltr'><strong>iis</strong></span> <span class='ocrx_word' id='word_1_50' title='bbox 939 856 1114 896; x_wconf 92' lang='lat' dir='ltr'><strong>orare.</strong></span> <span class='ocrx_word' id='word_1_51' title='bbox 1152 836 1344 892; x_wconf 84' lang='lat' dir='ltr'><strong>Viden‘</strong></span> <span class='ocrx_word' id='word_1_52' title='bbox 1370 849 1504 905; x_wconf 87' lang='lat' dir='ltr'><strong>quos</strong></span> <span class='ocrx_word' id='word_1_53' title='bbox 1533 830 1788 886; x_wconf 90' lang='lat' dir='ltr'><strong>ascende-</strong></span> 
     </span>
    </p>
   </div>
   <div class='ocr_carea' id='block_1_8' title="bbox 218 926 1782 1013">
    <p class='ocr_par' dir='ltr' id='par_1_8' title="bbox 218 926 1782 1013">
     <span class='ocr_line' id='line_1_8' title="bbox 218 926 1782 1013; baseline -0.013 -16"><span class='ocrx_word' id='word_1_54' title='bbox 218 945 273 997; x_wconf 85' lang='lat' dir='ltr'><strong>rit</strong></span> <span class='ocrx_word' id='word_1_55' title='bbox 297 940 510 1013; x_wconf 89' lang='lat' dir='ltr'><strong>gradus,</strong></span> <span class='ocrx_word' id='word_1_56' title='bbox 541 949 597 995; x_wconf 91' lang='lat' dir='ltr'><strong>et</strong></span> <span class='ocrx_word' id='word_1_57' title='bbox 627 936 897 1009; x_wconf 89' lang='lat' dir='ltr'><strong>quomodo</strong></span> <span class='ocrx_word' id='word_1_58' title='bbox 923 948 1020 989; x_wconf 91' lang='lat' dir='ltr'><strong>nos</strong></span> <span class='ocrx_word' id='word_1_59' title='bbox 1047 935 1097 987; x_wconf 94' lang='lat' dir='ltr'><strong>in</strong></span> <span class='ocrx_word' id='word_1_60' title='bbox 1131 932 1303 1002; x_wconf 91' lang='lat' dir='ltr'><strong>ipsum</strong></span> <span class='ocrx_word' id='word_1_61' title='bbox 1336 928 1547 983; x_wconf 90' lang='lat' dir='ltr'><strong>virtutis</strong></span> <span class='ocrx_word' id='word_1_62' title='bbox 1573 926 1782 980; x_wconf 90' lang='lat' dir='ltr'><strong>culmen</strong></span> 
     </span>
    </p>
   </div>
   <div class='ocr_carea' id='block_1_9' title="bbox 214 1018 1790 1092">
    <p class='ocr_par' dir='ltr' id='par_1_9' title="bbox 214 1018 1790 1092">
     <span class='ocr_line' id='line_1_9' title="bbox 214 1018 1790 1092; baseline -0.014 -1"><span class='ocrx_word' id='word_1_63' title='bbox 214 1033 580 1092; x_wconf 79' lang='lat' dir='ltr'><strong>constituerit?</strong></span> <span class='ocrx_word' id='word_1_64' title='bbox 609 1029 934 1086; x_wconf 80' lang='lat' dir='ltr'><strong>Consideres</strong></span> <span class='ocrx_word' id='word_1_65' title='bbox 971 1027 1131 1081; x_wconf 83' lang='lat' dir='ltr'><strong>velim</strong></span> <span class='ocrx_word' id='word_1_66' title='bbox 1163 1038 1255 1078; x_wconf 91' lang='lat' dir='ltr'><strong>eos</strong></span> <span class='ocrx_word' id='word_1_67' title='bbox 1284 1037 1314 1076; x_wconf 92' lang='lat' dir='ltr'><strong>a</strong></span> <span class='ocrx_word' id='word_1_68' title='bbox 1356 1018 1618 1091; x_wconf 90' lang='lat' dir='ltr'><strong>principio</strong></span> <span class='ocrx_word' id='word_1_69' title='bbox 1657 1033 1790 1071; x_wconf 88' lang='lat' dir='ltr'><strong>enu-</strong></span> 
     </span>
    </p>
   </div>
   <div class='ocr_carea' id='block_1_10' title="bbox 215 1112 1786 1194">
    <p class='ocr_par' dir='ltr' id='par_1_10' title="bbox 215 1112 1786 1194">
     <span class='ocr_line' id='line_1_10' title="bbox 215 1112 1786 1194; baseline -0.013 -9"><span class='ocrx_word' id='word_1_70' title='bbox 215 1143 433 1185; x_wconf 88' lang='lat' dir='ltr'><strong>merans.</strong></span> <span class='ocrx_word' id='word_1_71' title='bbox 487 1125 697 1182; x_wconf 86' lang='lat' dir='ltr'><strong>Primus</strong></span> <span class='ocrx_word' id='word_1_72' title='bbox 739 1121 937 1194; x_wconf 89' lang='lat' dir='ltr'><strong>gradus</strong></span> <span class='ocrx_word' id='word_1_73' title='bbox 976 1130 1087 1183; x_wconf 91' lang='lat' dir='ltr'><strong>est,</strong></span> <span class='ocrx_word' id='word_1_74' title='bbox 1119 1133 1225 1173; x_wconf 92' lang='lat' dir='ltr'><strong>non</strong></span> <span class='ocrx_word' id='word_1_75' title='bbox 1270 1116 1515 1185; x_wconf 89' lang='lat' dir='ltr'><strong>injuriam</strong></span> <span class='ocrx_word' id='word_1_76' title='bbox 1549 1112 1786 1177; x_wconf 90' lang='lat' dir='ltr'><strong>inferre;</strong></span> 
     </span>
    </p>
   </div>
   <div class='ocr_carea' id='block_1_11' title="bbox 214 1205 1790 1286">
    <p class='ocr_par' dir='ltr' id='par_1_11' title="bbox 214 1205 1790 1286">
     <span class='ocr_line' id='line_1_11' title="bbox 214 1205 1790 1286; baseline -0.011 -7"><span class='ocrx_word' id='word_1_77' title='bbox 214 1221 489 1286; x_wconf 87' lang='lat' dir='ltr'><strong>secundus,</strong></span> <span class='ocrx_word' id='word_1_78' title='bbox 513 1220 602 1275; x_wconf 92' lang='lat' dir='ltr'><strong>ubi</strong></span> <span class='ocrx_word' id='word_1_79' title='bbox 632 1220 837 1286; x_wconf 90' lang='lat' dir='ltr'><strong>incepta</strong></span> <span class='ocrx_word' id='word_1_80' title='bbox 865 1225 947 1271; x_wconf 89' lang='lat' dir='ltr'><strong>est</strong></span> <span class='ocrx_word' id='word_1_81' title='bbox 971 1213 1186 1282; x_wconf 79' lang='lat' dir='ltr'><strong>injuria,</strong></span> <span class='ocrx_word' id='word_1_82' title='bbox 1219 1227 1321 1264; x_wconf 92' lang='lat' dir='ltr'><strong>non</strong></span> <span class='ocrx_word' id='word_1_83' title='bbox 1357 1209 1499 1264; x_wconf 86' lang='lat' dir='ltr'><strong>illam</strong></span> <span class='ocrx_word' id='word_1_84' title='bbox 1530 1207 1643 1278; x_wconf 89' lang='lat' dir='ltr'><strong>pari</strong></span> <span class='ocrx_word' id='word_1_85' title='bbox 1673 1205 1790 1261; x_wconf 89' lang='lat' dir='ltr'><strong>vice</strong></span> 
     </span>
    </p>
   </div>
   <div class='ocr_carea' id='block_1_12' title="bbox 213 1296 1788 1381">
    <p class='ocr_par' dir='ltr' id='par_1_12' title="bbox 213 1296 1788 1381">
     <span class='ocr_line' id='line_1_12' title="bbox 213 1296 1788 1381; baseline -0.012 -11"><span class='ocrx_word' id='word_1_86' title='bbox 213 1313 416 1380; x_wconf 82' lang='lat' dir='ltr'><strong>ulcisci;</strong></span> <span class='ocrx_word' id='word_1_87' title='bbox 438 1311 648 1376; x_wconf 88' lang='lat' dir='ltr'><strong>tertius,</strong></span> <span class='ocrx_word' id='word_1_88' title='bbox 672 1324 776 1364; x_wconf 90' lang='lat' dir='ltr'><strong>non</strong></span> <span class='ocrx_word' id='word_1_89' title='bbox 801 1305 1062 1381; x_wconf 86' lang='lat' dir='ltr'><strong>inferrein</strong></span> <span class='ocrx_word' id='word_1_90' title='bbox 1087 1303 1368 1358; x_wconf 82' lang='lat' dir='ltr'><strong>laedentem</strong></span> <span class='ocrx_word' id='word_1_91' title='bbox 1395 1299 1624 1370; x_wconf 91' lang='lat' dir='ltr'><strong>idipsum</strong></span> <span class='ocrx_word' id='word_1_92' title='bbox 1649 1296 1788 1367; x_wconf 88' lang='lat' dir='ltr'><strong>quod</strong></span> 
     </span>
    </p>
   </div>
   <div class='ocr_carea' id='block_1_13' title="bbox 214 1389 1790 1478">
    <p class='ocr_par' dir='ltr' id='par_1_13' title="bbox 214 1389 1790 1478">
     <span class='ocr_line' id='line_1_13' title="bbox 214 1389 1790 1478; baseline -0.012 -16"><span class='ocrx_word' id='word_1_93' title='bbox 214 1421 386 1478; x_wconf 87' lang='lat' dir='ltr'><strong>passus</strong></span> <span class='ocrx_word' id='word_1_94' title='bbox 412 1419 474 1460; x_wconf 91' lang='lat' dir='ltr'><strong>es</strong></span> <span class='ocrx_word' id='word_1_95' title='bbox 494 1443 512 1469; x_wconf 84' lang='lat'><strong><em>.</em></strong></span> <span class='ocrx_word' id='word_1_96' title='bbox 535 1400 635 1457; x_wconf 67' lang='lat' dir='ltr'><strong>Sed</strong></span> <span class='ocrx_word' id='word_1_97' title='bbox 664 1399 941 1470; x_wconf 80' lang='lat' dir='ltr'><strong>quiescere</strong></span> <span class='ocrx_word' id='word_1_98' title='bbox 967 1413 981 1462; x_wconf 94' lang='lat'><strong>;</strong></span> <span class='ocrx_word' id='word_1_99' title='bbox 1014 1403 1235 1465; x_wconf 89' lang='lat' dir='ltr'><strong>quartus</strong></span> <span class='ocrx_word' id='word_1_100' title='bbox 1255 1433 1270 1459; x_wconf 91' lang='lat'><strong>,</strong></span> <span class='ocrx_word' id='word_1_101' title='bbox 1305 1408 1362 1446; x_wconf 88' lang='lat' dir='ltr'><strong>se</strong></span> <span class='ocrx_word' id='word_1_102' title='bbox 1394 1391 1566 1461; x_wconf 89' lang='lat' dir='ltr'><strong>ipsum</strong></span> <span class='ocrx_word' id='word_1_103' title='bbox 1594 1389 1790 1444; x_wconf 76' lang='lat' dir='ltr'><strong>offerre</strong></span> 
     </span>
    </p>
   </div>
   <div class='ocr_carea' id='block_1_14' title="bbox 211 1483 1787 1565">
    <p class='ocr_par' dir='ltr' id='par_1_14' title="bbox 211 1483 1787 1565">
     <span class='ocr_line' id='line_1_14' title="bbox 211 1483 1787 1565; baseline -0.011 -11"><span class='ocrx_word' id='word_1_104' title='bbox 211 1500 270 1554; x_wconf 88' lang='lat' dir='ltr'><strong>ad</strong></span> <span class='ocrx_word' id='word_1_105' title='bbox 310 1497 513 1552; x_wconf 91' lang='lat' dir='ltr'><strong>malum</strong></span> <span class='ocrx_word' id='word_1_106' title='bbox 557 1491 904 1565; x_wconf 89' lang='lat' dir='ltr'><strong>patiendum;</strong></span> <span class='ocrx_word' id='word_1_107' title='bbox 934 1488 1150 1559; x_wconf 82' lang='lat' dir='ltr'><strong>quintus</strong></span> <span class='ocrx_word' id='word_1_108' title='bbox 1175 1527 1189 1551; x_wconf 88' lang='lat'><strong>,</strong></span> <span class='ocrx_word' id='word_1_109' title='bbox 1237 1486 1382 1555; x_wconf 91' lang='lat' dir='ltr'><strong>plura</strong></span> <span class='ocrx_word' id='word_1_110' title='bbox 1423 1483 1496 1538; x_wconf 90' lang='lat' dir='ltr'><strong>illi</strong></span> <span class='ocrx_word' id='word_1_111' title='bbox 1527 1483 1787 1553; x_wconf 68' lang='lat' dir='ltr'><strong>pratbere,</strong></span> 
     </span>
    </p>
   </div>
   <div class='ocr_carea' id='block_1_15' title="bbox 213 1573 1793 1661">
    <p class='ocr_par' dir='ltr' id='par_1_15' title="bbox 213 1573 1793 1661">
     <span class='ocr_line' id='line_1_15' title="bbox 213 1573 1793 1661; baseline -0.011 -16"><span class='ocrx_word' id='word_1_112' title='bbox 213 1606 358 1661; x_wconf 87' lang='lat' dir='ltr'><strong>quam</strong></span> <span class='ocrx_word' id='word_1_113' title='bbox 387 1589 506 1658; x_wconf 90' lang='lat' dir='ltr'><strong>ipse</strong></span> <span class='ocrx_word' id='word_1_114' title='bbox 539 1586 669 1640; x_wconf 86' lang='lat' dir='ltr'><strong>velit</strong></span> <span class='ocrx_word' id='word_1_115' title='bbox 697 1584 786 1654; x_wconf 87' lang='lat' dir='ltr'><strong>qui</strong></span> <span class='ocrx_word' id='word_1_116' title='bbox 817 1583 1016 1636; x_wconf 89' lang='lat' dir='ltr'><strong>malum</strong></span> <span class='ocrx_word' id='word_1_117' title='bbox 1039 1579 1214 1634; x_wconf 89' lang='lat' dir='ltr'><strong>intulit</strong></span> <span class='ocrx_word' id='word_1_118' title='bbox 1241 1594 1255 1643; x_wconf 93' lang='lat'><strong>;</strong></span> <span class='ocrx_word' id='word_1_119' title='bbox 1286 1585 1469 1632; x_wconf 80' lang='lat' dir='ltr'><strong>sextus</strong></span> <span class='ocrx_word' id='word_1_120' title='bbox 1491 1616 1505 1642; x_wconf 91' lang='lat'><strong>,</strong></span> <span class='ocrx_word' id='word_1_121' title='bbox 1532 1591 1636 1630; x_wconf 93' lang='lat' dir='ltr'><strong>non</strong></span> <span class='ocrx_word' id='word_1_122' title='bbox 1668 1573 1793 1629; x_wconf 86' lang='lat' dir='ltr'><strong>odio</strong></span> 
     </span>
    </p>
   </div>
   <div class='ocr_carea' id='block_1_16' title="bbox 214 1665 1793 1749">
    <p class='ocr_par' dir='ltr' id='par_1_16' title="bbox 214 1665 1793 1749">
     <span class='ocr_line' id='line_1_16' title="bbox 214 1665 1793 1749; baseline -0.012 -12"><span class='ocrx_word' id='word_1_123' title='bbox 214 1683 401 1738; x_wconf 88' lang='lat' dir='ltr'><strong>habere</strong></span> <span class='ocrx_word' id='word_1_124' title='bbox 430 1680 583 1735; x_wconf 90' lang='lat' dir='ltr'><strong>illum</strong></span> <span class='ocrx_word' id='word_1_125' title='bbox 613 1679 702 1749; x_wconf 90' lang='lat' dir='ltr'><strong>qui</strong></span> <span class='ocrx_word' id='word_1_126' title='bbox 734 1676 856 1732; x_wconf 87' lang='lat' dir='ltr'><strong>talia</strong></span> <span class='ocrx_word' id='word_1_127' title='bbox 886 1673 1086 1745; x_wconf 85' lang='lat' dir='ltr'><strong>egerit;</strong></span> <span class='ocrx_word' id='word_1_128' title='bbox 1119 1670 1398 1740; x_wconf 90' lang='lat' dir='ltr'><strong>septimus,</strong></span> <span class='ocrx_word' id='word_1_129' title='bbox 1433 1668 1605 1737; x_wconf 90' lang='lat' dir='ltr'><strong>ipsum</strong></span> <span class='ocrx_word' id='word_1_130' title='bbox 1632 1665 1793 1720; x_wconf 90' lang='lat' dir='ltr'><strong>etiam</strong></span> 
     </span>
    </p>
   </div>
   <div class='ocr_carea' id='block_1_17' title="bbox 211 1757 1792 1847">
    <p class='ocr_par' dir='ltr' id='par_1_17' title="bbox 211 1757 1792 1847">
     <span class='ocr_line' id='line_1_17' title="bbox 211 1757 1792 1847; baseline -0.013 -15"><span class='ocrx_word' id='word_1_131' title='bbox 211 1777 456 1847; x_wconf 81' lang='lat' dir='ltr'><strong>diligere;</strong></span> <span class='ocrx_word' id='word_1_132' title='bbox 478 1781 718 1837; x_wconf 87' lang='lat' dir='ltr'><strong>octavus,</strong></span> <span class='ocrx_word' id='word_1_133' title='bbox 745 1768 847 1839; x_wconf 88' lang='lat' dir='ltr'><strong>ipsi</strong></span> <span class='ocrx_word' id='word_1_134' title='bbox 867 1765 1214 1829; x_wconf 90' lang='lat' dir='ltr'><strong>benefacere;</strong></span> <span class='ocrx_word' id='word_1_135' title='bbox 1234 1775 1422 1825; x_wconf 89' lang='lat' dir='ltr'><strong>nouus,</strong></span> <span class='ocrx_word' id='word_1_136' title='bbox 1445 1759 1610 1814; x_wconf 91' lang='lat' dir='ltr'><strong>Deum</strong></span> <span class='ocrx_word' id='word_1_137' title='bbox 1632 1757 1792 1813; x_wconf 89' lang='lat' dir='ltr'><strong>etiam</strong></span> 
     </span>
    </p>
   </div>
   <div class='ocr_carea' id='block_1_18' title="bbox 216 1852 1794 1941">
    <p class='ocr_par' dir='ltr' id='par_1_18' title="bbox 216 1852 1794 1941">
     <span class='ocr_line' id='line_1_18' title="bbox 216 1852 1794 1941; baseline -0.013 -15"><span class='ocrx_word' id='word_1_138' title='bbox 216 1887 302 1941; x_wconf 90' lang='lat' dir='ltr'><strong>pro</strong></span> <span class='ocrx_word' id='word_1_139' title='bbox 321 1869 441 1939; x_wconf 90' lang='lat' dir='ltr'><strong>ipso</strong></span> <span class='ocrx_word' id='word_1_140' title='bbox 461 1866 694 1938; x_wconf 89' lang='lat' dir='ltr'><strong>precari.</strong></span> <span class='ocrx_word' id='word_1_141' title='bbox 724 1862 972 1918; x_wconf 73' lang='lat' dir='ltr'><strong>Vidisrin‘</strong></span> <span class='ocrx_word' id='word_1_142' title='bbox 1000 1857 1352 1932; x_wconf 72' lang='lat' dir='ltr'><strong>philosophia:</strong></span> <span class='ocrx_word' id='word_1_143' title='bbox 1377 1855 1592 1911; x_wconf 89' lang='lat' dir='ltr'><strong>culmen</strong></span> <span class='ocrx_word' id='word_1_144' title='bbox 1617 1853 1641 1906; x_wconf 71' lang='grc' dir='ltr'><strong>’ἒ</strong></span> <span class='ocrx_word' id='word_1_145' title='bbox 1671 1852 1794 1908; x_wconf 87' lang='lat' dir='ltr'><strong>Ideo</strong></span> 
     </span>
    </p>
   </div>
   <div class='ocr_carea' id='block_1_19' title="bbox 212 1943 1794 2030">
    <p class='ocr_par' dir='ltr' id='par_1_19' title="bbox 212 1943 1794 2030">
     <span class='ocr_line' id='line_1_19' title="bbox 212 1943 1794 2030; baseline -0.013 -13"><span class='ocrx_word' id='word_1_146' title='bbox 212 1964 362 2018; x_wconf 87' lang='lat' dir='ltr'><strong>etiam</strong></span> <span class='ocrx_word' id='word_1_147' title='bbox 411 1956 753 2030; x_wconf 89' lang='lat' dir='ltr'><strong>splendidum</strong></span> <span class='ocrx_word' id='word_1_148' title='bbox 793 1954 881 2009; x_wconf 92' lang='lat' dir='ltr'><strong>ille</strong></span> <span class='ocrx_word' id='word_1_149' title='bbox 927 1951 1204 2022; x_wconf 67' lang='lat' dir='ltr'><strong>priemium</strong></span> <span class='ocrx_word' id='word_1_150' title='bbox 1251 1945 1433 2002; x_wconf 84' lang='lat' dir='ltr'><strong>habet.</strong></span> <span class='ocrx_word' id='word_1_151' title='bbox 1483 1943 1617 2013; x_wconf 83' lang='lat' dir='ltr'><strong>Quia</strong></span> <span class='ocrx_word' id='word_1_152' title='bbox 1648 1943 1794 1998; x_wconf 90' lang='lat' dir='ltr'><strong>enim</strong></span> 
     </span>
    </p>
   </div>
   <div class='ocr_carea' id='block_1_20' title="bbox 215 2035 1798 2124">
    <p class='ocr_par' dir='ltr' id='par_1_20' title="bbox 215 2035 1798 2124">
     <span class='ocr_line' id='line_1_20' title="bbox 215 2035 1798 2124; baseline -0.013 -14"><span class='ocrx_word' id='word_1_153' title='bbox 215 2068 457 2124; x_wconf 87' lang='lat' dir='ltr'><strong>magnum</strong></span> <span class='ocrx_word' id='word_1_154' title='bbox 502 2058 828 2122; x_wconf 64' lang='lat' dir='ltr'><strong>prmeeptum</strong></span> <span class='ocrx_word' id='word_1_155' title='bbox 868 2055 1017 2110; x_wconf 89' lang='lat' dir='ltr'><strong>erat,</strong></span> <span class='ocrx_word' id='word_1_156' title='bbox 1048 2058 1111 2098; x_wconf 92' lang='lat' dir='ltr'><strong>ac</strong></span> <span class='ocrx_word' id='word_1_157' title='bbox 1138 2050 1362 2097; x_wconf 90' lang='lat' dir='ltr'><strong>strenuo</strong></span> <span class='ocrx_word' id='word_1_158' title='bbox 1391 2053 1526 2107; x_wconf 92' lang='lat' dir='ltr'><strong>opus</strong></span> <span class='ocrx_word' id='word_1_159' title='bbox 1562 2035 1798 2091; x_wconf 88' lang='lat' dir='ltr'><strong>habebat</strong></span> 
     </span>
    </p>
   </div>
   <div class='ocr_carea' id='block_1_21' title="bbox 214 2127 1796 2213">
    <p class='ocr_par' dir='ltr' id='par_1_21' title="bbox 214 2127 1796 2213">
     <span class='ocr_line' id='line_1_21' title="bbox 214 2127 1796 2213; baseline -0.013 -12"><span class='ocrx_word' id='word_1_160' title='bbox 214 2147 406 2212; x_wconf 88' lang='lat' dir='ltr'><strong>animo,</strong></span> <span class='ocrx_word' id='word_1_161' title='bbox 432 2155 732 2213; x_wconf 88' lang='lat' dir='ltr'><strong>magnaque</strong></span> <span class='ocrx_word' id='word_1_162' title='bbox 761 2137 1058 2208; x_wconf 80' lang='lat' dir='ltr'><strong>diligentia,</strong></span> <span class='ocrx_word' id='word_1_163' title='bbox 1083 2131 1383 2188; x_wconf 86' lang='lat' dir='ltr'><strong>mercedem</strong></span> <span class='ocrx_word' id='word_1_164' title='bbox 1419 2129 1495 2184; x_wconf 90' lang='lat' dir='ltr'><strong>illi</strong></span> <span class='ocrx_word' id='word_1_165' title='bbox 1520 2127 1796 2184; x_wconf 91' lang='lat' dir='ltr'><strong>constituit</strong></span> 
     </span>
    </p>
   </div>
   <div class='ocr_carea' id='block_1_22' title="bbox 215 2223 1793 2306">
    <p class='ocr_par' dir='ltr' id='par_1_22' title="bbox 215 2223 1793 2306">
     <span class='ocr_line' id='line_1_22' title="bbox 215 2223 1793 2306; baseline -0.011 -12"><span class='ocrx_word' id='word_1_166' title='bbox 215 2239 408 2303; x_wconf 86' lang='lat' dir='ltr'><strong>talem,</strong></span> <span class='ocrx_word' id='word_1_167' title='bbox 458 2235 671 2306; x_wconf 88' lang='lat' dir='ltr'><strong>qualem</strong></span> <span class='ocrx_word' id='word_1_168' title='bbox 721 2230 849 2286; x_wconf 89' lang='lat' dir='ltr'><strong>nulli</strong></span> <span class='ocrx_word' id='word_1_169' title='bbox 903 2229 1160 2300; x_wconf 87' lang='lat' dir='ltr'><strong>priorum.</strong></span> <span class='ocrx_word' id='word_1_170' title='bbox 1213 2224 1331 2280; x_wconf 90' lang='lat' dir='ltr'><strong>Non</strong></span> <span class='ocrx_word' id='word_1_171' title='bbox 1394 2223 1536 2278; x_wconf 91' lang='lat' dir='ltr'><strong>enim</strong></span> <span class='ocrx_word' id='word_1_172' title='bbox 1595 2230 1793 2278; x_wconf 86' lang='lat' dir='ltr'><strong>terram</strong></span> 
     </span>
    </p>
   </div>
   <div class='ocr_carea' id='block_1_23' title="bbox 216 2319 1796 2392">
    <p class='ocr_par' dir='ltr' id='par_1_23' title="bbox 216 2319 1796 2392">
     <span class='ocr_line' id='line_1_23' title="bbox 216 2319 1796 2392; baseline -0.01 -6"><span class='ocrx_word' id='word_1_173' title='bbox 216 2331 294 2386; x_wconf 88' lang='lat' dir='ltr'><strong>hic</strong></span> <span class='ocrx_word' id='word_1_174' title='bbox 320 2333 732 2392; x_wconf 90' lang='lat' dir='ltr'><strong>commemorat,</strong></span> <span class='ocrx_word' id='word_1_175' title='bbox 781 2332 842 2379; x_wconf 91' lang='lat' dir='ltr'><strong>ut</strong></span> <span class='ocrx_word' id='word_1_176' title='bbox 875 2337 1004 2377; x_wconf 81' lang='lat' dir='ltr'><strong>cum</strong></span> <span class='ocrx_word' id='word_1_177' title='bbox 1046 2321 1114 2376; x_wconf 92' lang='lat' dir='ltr'><strong>de</strong></span> <span class='ocrx_word' id='word_1_178' title='bbox 1159 2319 1375 2392; x_wconf 87' lang='lat' dir='ltr'><strong>mitibus</strong></span> <span class='ocrx_word' id='word_1_179' title='bbox 1419 2324 1640 2388; x_wconf 81' lang='lat' dir='ltr'><strong>ageret;</strong></span> <span class='ocrx_word' id='word_1_180' title='bbox 1688 2330 1796 2370; x_wconf 89' lang='lat' dir='ltr'><strong>non</strong></span> 
     </span>
    </p>
   </div>
   <div class='ocr_carea' id='block_1_24' title="bbox 216 2407 1798 2479">
    <p class='ocr_par' dir='ltr' id='par_1_24' title="bbox 216 2407 1798 2479">
     <span class='ocr_line' id='line_1_24' title="bbox 216 2407 1798 2479; baseline -0.011 -1"><span class='ocrx_word' id='word_1_181' title='bbox 216 2420 634 2478; x_wconf 87' lang='lat' dir='ltr'><strong>consolationem</strong></span> <span class='ocrx_word' id='word_1_182' title='bbox 684 2425 739 2472; x_wconf 92' lang='lat' dir='ltr'><strong>et</strong></span> <span class='ocrx_word' id='word_1_183' title='bbox 794 2412 1238 2479; x_wconf 80' lang='lat' dir='ltr'><strong>misericordiam,</strong></span> <span class='ocrx_word' id='word_1_184' title='bbox 1271 2419 1330 2465; x_wconf 94' lang='lat' dir='ltr'><strong>ut</strong></span> <span class='ocrx_word' id='word_1_185' title='bbox 1357 2425 1478 2464; x_wconf 92' lang='lat' dir='ltr'><strong>cum</strong></span> <span class='ocrx_word' id='word_1_186' title='bbox 1510 2408 1578 2464; x_wconf 92' lang='lat' dir='ltr'><strong>de</strong></span> <span class='ocrx_word' id='word_1_187' title='bbox 1610 2407 1798 2478; x_wconf 83' lang='lat' dir='ltr'><strong>lugen-</strong></span> 
     </span>
    </p>
   </div>
   <div class='ocr_carea' id='block_1_25' title="bbox 219 2501 1798 2583">
    <p class='ocr_par' dir='ltr' id='par_1_25' title="bbox 219 2501 1798 2583">
     <span class='ocr_line' id='line_1_25' title="bbox 219 2501 1798 2583; baseline -0.009 -15"><span class='ocrx_word' id='word_1_188' title='bbox 219 2515 350 2569; x_wconf 85' lang='lat' dir='ltr'><strong>tibus</strong></span> <span class='ocrx_word' id='word_1_189' title='bbox 379 2511 524 2568; x_wconf 91' lang='lat' dir='ltr'><strong>etde</strong></span> <span class='ocrx_word' id='word_1_190' title='bbox 552 2507 989 2583; x_wconf 79' lang='lat' dir='ltr'><strong>misericordibus</strong></span> <span class='ocrx_word' id='word_1_191' title='bbox 1017 2521 1033 2569; x_wconf 90' lang='lat'><strong>;</strong></span> <span class='ocrx_word' id='word_1_192' title='bbox 1077 2521 1182 2560; x_wconf 90' lang='lat' dir='ltr'><strong>non</strong></span> <span class='ocrx_word' id='word_1_193' title='bbox 1206 2504 1274 2560; x_wconf 93' lang='lat' dir='ltr'><strong>de</strong></span> <span class='ocrx_word' id='word_1_194' title='bbox 1303 2517 1472 2574; x_wconf 86' lang='lat' dir='ltr'><strong>regno</strong></span> <span class='ocrx_word' id='word_1_195' title='bbox 1500 2501 1751 2557; x_wconf 58' lang='lat' dir='ltr'><strong>calorum</strong></span> <span class='ocrx_word' id='word_1_196' title='bbox 1783 2517 1798 2553; x_wconf 89' lang='lat'><strong>:</strong></span> 
     </span>
    </p>
   </div>
   <div class='ocr_carea' id='block_1_26' title="bbox 218 2593 1802 2676">
    <p class='ocr_par' dir='ltr' id='par_1_26' title="bbox 218 2593 1802 2676">
     <span class='ocr_line' id='line_1_26' title="bbox 218 2593 1802 2676; baseline -0.009 -15"><span class='ocrx_word' id='word_1_197' title='bbox 218 2605 303 2661; x_wconf 88' lang='lat' dir='ltr'><strong>sed</strong></span> <span class='ocrx_word' id='word_1_198' title='bbox 330 2603 477 2676; x_wconf 89' lang='lat' dir='ltr'><strong>quod</strong></span> <span class='ocrx_word' id='word_1_199' title='bbox 506 2601 746 2658; x_wconf 90' lang='lat' dir='ltr'><strong>omnium</strong></span> <span class='ocrx_word' id='word_1_200' title='bbox 777 2598 1231 2655; x_wconf 90' lang='lat' dir='ltr'><strong>mirabilissimum</strong></span> <span class='ocrx_word' id='word_1_201' title='bbox 1256 2604 1405 2661; x_wconf 89' lang='lat' dir='ltr'><strong>erat,</strong></span> <span class='ocrx_word' id='word_1_202' title='bbox 1433 2593 1572 2664; x_wconf 90' lang='lat' dir='ltr'><strong>quod</strong></span> <span class='ocrx_word' id='word_1_203' title='bbox 1611 2594 1802 2648; x_wconf 89' lang='lat' dir='ltr'><strong>fierent</strong></span> 
     </span>
    </p>
   </div>
   <div class='ocr_carea' id='block_1_27' title="bbox 219 2683 1798 2765">
    <p class='ocr_par' dir='ltr' id='par_1_27' title="bbox 219 2683 1798 2765">
     <span class='ocr_line' id='line_1_27' title="bbox 219 2683 1798 2765; baseline -0.009 -12"><span class='ocrx_word' id='word_1_204' title='bbox 219 2698 304 2753; x_wconf 90' lang='lat' dir='ltr'><strong>Dei</strong></span> <span class='ocrx_word' id='word_1_205' title='bbox 329 2696 571 2762; x_wconf 90' lang='lat' dir='ltr'><strong>similes,</strong></span> <span class='ocrx_word' id='word_1_206' title='bbox 600 2703 855 2765; x_wconf 90' lang='lat' dir='ltr'><strong>quantum</strong></span> <span class='ocrx_word' id='word_1_207' title='bbox 904 2698 1128 2760; x_wconf 89' lang='lat' dir='ltr'><strong>possunt</strong></span> <span class='ocrx_word' id='word_1_208' title='bbox 1171 2687 1416 2742; x_wconf 88' lang='lat' dir='ltr'><strong>homines</strong></span> <span class='ocrx_word' id='word_1_209' title='bbox 1451 2685 1548 2756; x_wconf 90' lang='lat' dir='ltr'><strong>ipsi</strong></span> <span class='ocrx_word' id='word_1_210' title='bbox 1579 2699 1701 2741; x_wconf 90' lang='lat' dir='ltr'><strong>esse</strong></span> <span class='ocrx_word' id='word_1_211' title='bbox 1724 2683 1798 2740; x_wconf 90' lang='lat' dir='ltr'><strong>si-</strong></span> 
     </span>
    </p>
   </div>
   <div class='ocr_carea' id='block_1_28' title="bbox 220 2777 1803 2855">
    <p class='ocr_par' dir='ltr' id='par_1_28' title="bbox 220 2777 1803 2855">
     <span class='ocr_line' id='line_1_28' title="bbox 220 2777 1803 2855; baseline -0.008 -11"><span class='ocrx_word' id='word_1_212' title='bbox 220 2789 387 2845; x_wconf 88' lang='lat' dir='ltr'><strong>miles.</strong></span> <span class='ocrx_word' id='word_1_213' title='bbox 419 2787 489 2844; x_wconf 87' lang='lat' dir='ltr'><strong>Ut</strong></span> <span class='ocrx_word' id='word_1_214' title='bbox 509 2787 644 2852; x_wconf 83' lang='lat' dir='ltr'><strong>sitis,</strong></span> <span class='ocrx_word' id='word_1_215' title='bbox 673 2783 864 2855; x_wconf 84' lang='lat' dir='ltr'><strong>inquit,</strong></span> <span class='ocrx_word' id='word_1_216' title='bbox 892 2783 1080 2839; x_wconf 78' lang='lat' dir='ltr'><strong>similes</strong></span> <span class='ocrx_word' id='word_1_217' title='bbox 1105 2780 1280 2836; x_wconf 85' lang='lat' dir='ltr'><strong>Patris</strong></span> <span class='ocrx_word' id='word_1_218' title='bbox 1305 2779 1454 2834; x_wconf 69' lang='lat' dir='ltr'><strong>vestri</strong></span> <span class='ocrx_word' id='word_1_219' title='bbox 1477 2778 1564 2848; x_wconf 82' lang='lat' dir='ltr'><strong>qui</strong></span> <span class='ocrx_word' id='word_1_220' title='bbox 1585 2779 1637 2831; x_wconf 88' lang='lat' dir='ltr'><strong>in</strong></span> <span class='ocrx_word' id='word_1_221' title='bbox 1666 2777 1803 2832; x_wconf 70' lang='lat' dir='ltr'><strong>caelis</strong></span> 
     </span>
    </p>
   </div>
   <div class='ocr_carea' id='block_1_29' title="bbox 218 2869 1804 2944">
    <p class='ocr_par' dir='ltr' id='par_1_29' title="bbox 218 2869 1804 2944">
     <span class='ocr_line' id='line_1_29' title="bbox 218 2869 1804 2944; baseline -0.009 -6"><span class='ocrx_word' id='word_1_222' title='bbox 218 2894 304 2939; x_wconf 82' lang='lat' dir='ltr'><strong>est.</strong></span> <span class='ocrx_word' id='word_1_223' title='bbox 335 2881 420 2937; x_wconf 88' lang='lat' dir='ltr'><strong>Tu</strong></span> <span class='ocrx_word' id='word_1_224' title='bbox 441 2895 572 2936; x_wconf 90' lang='lat' dir='ltr'><strong>vero</strong></span> <span class='ocrx_word' id='word_1_225' title='bbox 592 2879 849 2934; x_wconf 87' lang='lat' dir='ltr'><strong>observes</strong></span> <span class='ocrx_word' id='word_1_226' title='bbox 877 2875 1059 2941; x_wconf 81' lang='lat' dir='ltr'><strong>velim,</strong></span> <span class='ocrx_word' id='word_1_227' title='bbox 1088 2873 1265 2944; x_wconf 83' lang='lat' dir='ltr'><strong>ipsum</strong></span> <span class='ocrx_word' id='word_1_228' title='bbox 1294 2886 1467 2943; x_wconf 91' lang='lat' dir='ltr'><strong>neque</strong></span> <span class='ocrx_word' id='word_1_229' title='bbox 1497 2869 1605 2936; x_wconf 92' lang='lat' dir='ltr'><strong>hic,</strong></span> <span class='ocrx_word' id='word_1_230' title='bbox 1631 2883 1804 2939; x_wconf 89' lang='lat' dir='ltr'><strong>neque</strong></span> 
     </span>
    </p>
   </div>
   <div class='ocr_carea' id='block_1_30' title="bbox 221 2962 1806 3044">
    <p class='ocr_par' dir='ltr' id='par_1_30' title="bbox 221 2962 1806 3044">
     <span class='ocr_line' id='line_1_30' title="bbox 221 2962 1806 3044; baseline -0.009 -14"><span class='ocrx_word' id='word_1_231' title='bbox 221 2976 266 3030; x_wconf 92' lang='lat' dir='ltr'><strong>in</strong></span> <span class='ocrx_word' id='word_1_232' title='bbox 295 2971 667 3044; x_wconf 87' lang='lat' dir='ltr'><strong>superioribus</strong></span> <span class='ocrx_word' id='word_1_233' title='bbox 695 2970 912 3026; x_wconf 87' lang='lat' dir='ltr'><strong>Patrem</strong></span> <span class='ocrx_word' id='word_1_234' title='bbox 959 2981 1112 3023; x_wconf 92' lang='lat' dir='ltr'><strong>suum</strong></span> <span class='ocrx_word' id='word_1_235' title='bbox 1158 2979 1389 3030; x_wconf 90' lang='lat' dir='ltr'><strong>vocare;</strong></span> <span class='ocrx_word' id='word_1_236' title='bbox 1424 2962 1519 3019; x_wconf 91' lang='lat' dir='ltr'><strong>sed</strong></span> <span class='ocrx_word' id='word_1_237' title='bbox 1553 2962 1659 3017; x_wconf 91' lang='lat' dir='ltr'><strong>illic</strong></span> <span class='ocrx_word' id='word_1_238' title='bbox 1688 2962 1806 3032; x_wconf 84' lang='lat' dir='ltr'><strong>qui-</strong></span> 
     </span>
    </p>
   </div>
   <div class='ocr_carea' id='block_1_31' title="bbox 220 3053 1805 3132">
    <p class='ocr_par' dir='ltr' id='par_1_31' title="bbox 220 3053 1805 3132">
     <span class='ocr_line' id='line_1_31' title="bbox 220 3053 1805 3132; baseline -0.01 -10"><span class='ocrx_word' id='word_1_239' title='bbox 220 3068 332 3122; x_wconf 86' lang='lat' dir='ltr'><strong>dem</strong></span> <span class='ocrx_word' id='word_1_240' title='bbox 365 3067 539 3121; x_wconf 89' lang='lat' dir='ltr'><strong>Deum</strong></span> <span class='ocrx_word' id='word_1_241' title='bbox 581 3072 636 3119; x_wconf 92' lang='lat' dir='ltr'><strong>et</strong></span> <span class='ocrx_word' id='word_1_242' title='bbox 671 3076 854 3132; x_wconf 82' lang='lat' dir='ltr'><strong>regem</strong></span> <span class='ocrx_word' id='word_1_243' title='bbox 900 3072 1186 3129; x_wconf 86' lang='lat' dir='ltr'><strong>magnum,</strong></span> <span class='ocrx_word' id='word_1_244' title='bbox 1217 3071 1336 3111; x_wconf 90' lang='lat' dir='ltr'><strong>cum</strong></span> <span class='ocrx_word' id='word_1_245' title='bbox 1381 3054 1446 3110; x_wconf 86' lang='lat' dir='ltr'><strong>de</strong></span> <span class='ocrx_word' id='word_1_246' title='bbox 1481 3053 1805 3125; x_wconf 87' lang='lat' dir='ltr'><strong>juramentis</strong></span> 
     </span>
    </p>
   </div>
   <div class='ocr_carea' id='block_1_32' title="bbox 221 3139 1804 3232">
    <p class='ocr_par' dir='ltr' id='par_1_32' title="bbox 221 3139 1804 3232">
     <span class='ocr_line' id='line_1_32' title="bbox 221 3139 1804 3232; baseline -0.011 -16"><span class='ocrx_word' id='word_1_247' title='bbox 221 3162 319 3232; x_wconf 82' lang='lat' dir='ltr'><strong>agit</strong></span> <span class='ocrx_word' id='word_1_248' title='bbox 344 3177 359 3224; x_wconf 92' lang='lat'><strong>;</strong></span> <span class='ocrx_word' id='word_1_249' title='bbox 391 3159 483 3214; x_wconf 89' lang='lat' dir='ltr'><strong>hic</strong></span> <span class='ocrx_word' id='word_1_250' title='bbox 513 3139 642 3212; x_wconf 66' lang='lat' dir='ltr'><strong>vero</strong></span> <span class='ocrx_word' id='word_1_251' title='bbox 671 3155 883 3209; x_wconf 86' lang='lat' dir='ltr'><strong>Patrem</strong></span> <span class='ocrx_word' id='word_1_252' title='bbox 922 3153 1183 3221; x_wconf 90' lang='lat' dir='ltr'><strong>ipsorum.</strong></span> <span class='ocrx_word' id='word_1_253' title='bbox 1216 3147 1270 3203; x_wconf 93' lang='lat' dir='ltr'><strong>ld</strong></span> <span class='ocrx_word' id='word_1_254' title='bbox 1299 3162 1430 3207; x_wconf 84' lang='lat' dir='ltr'><strong>vero</strong></span> <span class='ocrx_word' id='word_1_255' title='bbox 1459 3148 1567 3217; x_wconf 84' lang='lat' dir='ltr'><strong>agit</strong></span> <span class='ocrx_word' id='word_1_256' title='bbox 1595 3145 1693 3200; x_wconf 93' lang='lat' dir='ltr'><strong>hos</strong></span> <span class='ocrx_word' id='word_1_257' title='bbox 1722 3145 1804 3199; x_wconf 89' lang='lat' dir='ltr'><strong>lo-</strong></span> 
     </span>
    </p>
   </div>
   <div class='ocr_carea' id='block_1_33' title="bbox 221 3247 1802 3325">
    <p class='ocr_par' dir='ltr' id='par_1_33' title="bbox 221 3247 1802 3325">
     <span class='ocr_line' id='line_1_33' title="bbox 221 3247 1802 3325; baseline -0.008 -21"><span class='ocrx_word' id='word_1_258' title='bbox 221 3251 410 3325; x_wconf 87' lang='lat' dir='ltr'><strong>quendi</strong></span> <span class='ocrx_word' id='word_1_259' title='bbox 458 3247 651 3304; x_wconf 90' lang='lat' dir='ltr'><strong>modos</strong></span> <span class='ocrx_word' id='word_1_260' title='bbox 697 3247 748 3300; x_wconf 91' lang='lat' dir='ltr'><strong>in</strong></span> <span class='ocrx_word' id='word_1_261' title='bbox 801 3251 1161 3314; x_wconf 89' lang='lat' dir='ltr'><strong>opportunum</strong></span> <span class='ocrx_word' id='word_1_262' title='bbox 1214 3249 1424 3311; x_wconf 90' lang='lat' dir='ltr'><strong>tempus</strong></span> <span class='ocrx_word' id='word_1_263' title='bbox 1495 3252 1802 3294; x_wconf 85' lang='lat' dir='ltr'><strong>reservans.</strong></span> 
     </span>
    </p>
   </div>
   <div class='ocr_carea' id='block_1_34' title="bbox 222 3332 1804 3411">
    <p class='ocr_par' dir='ltr' id='par_1_34' title="bbox 222 3332 1804 3411">
     <span class='ocr_line' id='line_1_34' title="bbox 222 3332 1804 3411; baseline -0.01 -11"><span class='ocrx_word' id='word_1_264' title='bbox 222 3343 420 3401; x_wconf 88' lang='lat' dir='ltr'><strong>Deinde</strong></span> <span class='ocrx_word' id='word_1_265' title='bbox 470 3343 524 3397; x_wconf 92' lang='lat' dir='ltr'><strong>in</strong></span> <span class='ocrx_word' id='word_1_266' title='bbox 577 3354 860 3411; x_wconf 84' lang='lat' dir='ltr'><strong>progressu</strong></span> <span class='ocrx_word' id='word_1_267' title='bbox 897 3335 1300 3391; x_wconf 85' lang='lat' dir='ltr'><strong>similitudinem</strong></span> <span class='ocrx_word' id='word_1_268' title='bbox 1348 3334 1494 3388; x_wconf 91' lang='lat' dir='ltr'><strong>illam</strong></span> <span class='ocrx_word' id='word_1_269' title='bbox 1531 3332 1804 3388; x_wconf 87' lang='lat' dir='ltr'><strong>declarat:</strong></span> 
     </span>
    </p>
   </div>
   <div class='ocr_carea' id='block_1_35' title="bbox 226 3425 1808 3502">
    <p class='ocr_par' dir='ltr' id='par_1_35' title="bbox 226 3425 1808 3502">
     <span class='ocr_line' id='line_1_35' title="bbox 226 3425 1808 3502; baseline -0.009 -11"><span class='ocrx_word' id='word_1_270' title='bbox 226 3437 319 3502; x_wconf 80' lang='lat' dir='ltr'><strong>Qui</strong></span> <span class='ocrx_word' id='word_1_271' title='bbox 360 3434 527 3490; x_wconf 82' lang='lat' dir='ltr'><strong>solem</strong></span> <span class='ocrx_word' id='word_1_272' title='bbox 580 3448 725 3487; x_wconf 91' lang='lat' dir='ltr'><strong>suum</strong></span> <span class='ocrx_word' id='word_1_273' title='bbox 766 3430 891 3484; x_wconf 86' lang='lat' dir='ltr'><strong>oriri</strong></span> <span class='ocrx_word' id='word_1_274' title='bbox 935 3429 1056 3500; x_wconf 75' lang='lat' dir='ltr'><strong>facit</strong></span> <span class='ocrx_word' id='word_1_275' title='bbox 1101 3444 1252 3497; x_wconf 85' lang='lat' dir='ltr'><strong>super</strong></span> <span class='ocrx_word' id='word_1_276' title='bbox 1281 3426 1434 3480; x_wconf 82' lang='lat' dir='ltr'><strong>bonos</strong></span> <span class='ocrx_word' id='word_1_277' title='bbox 1462 3433 1506 3478; x_wconf 87' lang='lat' dir='ltr'><strong>et</strong></span> <span class='ocrx_word' id='word_1_278' title='bbox 1537 3425 1729 3489; x_wconf 87' lang='lat' dir='ltr'><strong>malos,</strong></span> <span class='ocrx_word' id='word_1_279' title='bbox 1759 3433 1808 3476; x_wconf 85' lang='lat' dir='ltr'><strong>et</strong></span> 
     </span>
    </p>
   </div>
   <div class='ocr_carea' id='block_1_36' title="bbox 224 3515 1806 3599">
    <p class='ocr_par' dir='ltr' id='par_1_36' title="bbox 224 3515 1806 3599">
     <span class='ocr_line' id='line_1_36' title="bbox 224 3515 1806 3599; baseline -0.007 -17"><span class='ocrx_word' id='word_1_280' title='bbox 224 3528 344 3599; x_wconf 79' lang='lat' dir='ltr'><strong>ptuit</strong></span> <span class='ocrx_word' id='word_1_281' title='bbox 373 3542 529 3596; x_wconf 81' lang='lat' dir='ltr'><strong>super</strong></span> <span class='ocrx_word' id='word_1_282' title='bbox 550 3526 717 3596; x_wconf 86' lang='lat' dir='ltr'><strong>justas</strong></span> <span class='ocrx_word' id='word_1_283' title='bbox 754 3531 802 3578; x_wconf 87' lang='lat' dir='ltr'><strong>et</strong></span> <span class='ocrx_word' id='word_1_284' title='bbox 845 3521 1081 3592; x_wconf 84' lang='lat' dir='ltr'><strong>injustas.</strong></span> <span class='ocrx_word' id='word_1_285' title='bbox 1113 3519 1318 3574; x_wconf 85' lang='lat' dir='ltr'><strong>Etenim</strong></span> <span class='ocrx_word' id='word_1_286' title='bbox 1347 3519 1466 3572; x_wconf 91' lang='lat' dir='ltr'><strong>illos</strong></span> <span class='ocrx_word' id='word_1_287' title='bbox 1511 3533 1615 3571; x_wconf 89' lang='lat' dir='ltr'><strong>non</strong></span> <span class='ocrx_word' id='word_1_288' title='bbox 1647 3515 1806 3571; x_wconf 90' lang='lat' dir='ltr'><strong>modo</strong></span> 
     </span>
    </p>
   </div>
   <div class='ocr_carea' id='block_1_37' title="bbox 225 3609 1806 3688">
    <p class='ocr_par' dir='ltr' id='par_1_37' title="bbox 225 3609 1806 3688">
     <span class='ocr_line' id='line_1_37' title="bbox 225 3609 1806 3688; baseline -0.006 -12"><span class='ocrx_word' id='word_1_289' title='bbox 225 3636 324 3676; x_wconf 87' lang='lat' dir='ltr'><strong>non</strong></span> <span class='ocrx_word' id='word_1_290' title='bbox 349 3619 486 3685; x_wconf 89' lang='lat' dir='ltr'><strong>odit,</strong></span> <span class='ocrx_word' id='word_1_291' title='bbox 520 3618 710 3688; x_wconf 88' lang='lat' dir='ltr'><strong>inquit,</strong></span> <span class='ocrx_word' id='word_1_292' title='bbox 735 3615 828 3671; x_wconf 90' lang='lat' dir='ltr'><strong>sed</strong></span> <span class='ocrx_word' id='word_1_293' title='bbox 849 3616 1009 3671; x_wconf 89' lang='lat' dir='ltr'><strong>etiam</strong></span> <span class='ocrx_word' id='word_1_294' title='bbox 1038 3613 1296 3670; x_wconf 86' lang='lat' dir='ltr'><strong>beneficio</strong></span> <span class='ocrx_word' id='word_1_295' title='bbox 1319 3611 1482 3666; x_wconf 87' lang='lat' dir='ltr'><strong>afficit</strong></span> <span class='ocrx_word' id='word_1_296' title='bbox 1510 3625 1602 3666; x_wconf 89' lang='lat' dir='ltr'><strong>eos</strong></span> <span class='ocrx_word' id='word_1_297' title='bbox 1633 3609 1722 3680; x_wconf 90' lang='lat' dir='ltr'><strong>qui</strong></span> <span class='ocrx_word' id='word_1_298' title='bbox 1748 3624 1806 3666; x_wconf 89' lang='lat' dir='ltr'><strong>se</strong></span> 
     </span>
    </p>
   </div>
   <div class='ocr_carea' id='block_1_38' title="bbox 225 3702 1805 3780">
    <p class='ocr_par' dir='ltr' id='par_1_38' title="bbox 225 3702 1805 3780">
     <span class='ocr_line' id='line_1_38' title="bbox 225 3702 1805 3780; baseline -0.007 -15"><span class='ocrx_word' id='word_1_299' title='bbox 225 3711 408 3780; x_wconf 85' lang='lat' dir='ltr'><strong>injuria</strong></span> <span class='ocrx_word' id='word_1_300' title='bbox 429 3708 693 3764; x_wconf 87' lang='lat' dir='ltr'><strong>afficiunt.</strong></span> <span class='ocrx_word' id='word_1_301' title='bbox 715 3707 1046 3777; x_wconf 90' lang='lat' dir='ltr'><strong>Quamquam</strong></span> <span class='ocrx_word' id='word_1_302' title='bbox 1077 3703 1220 3758; x_wconf 87' lang='lat' dir='ltr'><strong>nulla</strong></span> <span class='ocrx_word' id='word_1_303' title='bbox 1247 3703 1316 3757; x_wconf 90' lang='lat' dir='ltr'><strong>sit</strong></span> <span class='ocrx_word' id='word_1_304' title='bbox 1337 3702 1435 3763; x_wconf 87' lang='lat' dir='ltr'><strong>hac</strong></span> <span class='ocrx_word' id='word_1_305' title='bbox 1465 3703 1516 3756; x_wconf 91' lang='lat' dir='ltr'><strong>in</strong></span> <span class='ocrx_word' id='word_1_306' title='bbox 1543 3716 1602 3756; x_wconf 90' lang='lat' dir='ltr'><strong>re</strong></span> <span class='ocrx_word' id='word_1_307' title='bbox 1629 3715 1805 3771; x_wconf 70' lang='lat' dir='ltr'><strong>sequa-</strong></span> 
     </span>
    </p>
   </div>
   <div class='ocr_carea' id='block_1_39' title="bbox 225 3791 1806 3869">
    <p class='ocr_par' dir='ltr' id='par_1_39' title="bbox 225 3791 1806 3869">
     <span class='ocr_line' id='line_1_39' title="bbox 225 3791 1806 3869; baseline -0.006 -12"><span class='ocrx_word' id='word_1_308' title='bbox 225 3804 361 3867; x_wconf 88' lang='lat' dir='ltr'><strong>litas,</strong></span> <span class='ocrx_word' id='word_1_309' title='bbox 388 3817 501 3858; x_wconf 88' lang='lat' dir='ltr'><strong>non</strong></span> <span class='ocrx_word' id='word_1_310' title='bbox 527 3800 700 3855; x_wconf 90' lang='lat' dir='ltr'><strong>solum</strong></span> <span class='ocrx_word' id='word_1_311' title='bbox 729 3807 947 3869; x_wconf 85' lang='lat' dir='ltr'><strong>prepter</strong></span> <span class='ocrx_word' id='word_1_312' title='bbox 972 3794 1215 3852; x_wconf 87' lang='lat' dir='ltr'><strong>beneficii</strong></span> <span class='ocrx_word' id='word_1_313' title='bbox 1245 3793 1681 3864; x_wconf 86' lang='lat' dir='ltr'><strong>magnitudinem,</strong></span> <span class='ocrx_word' id='word_1_314' title='bbox 1712 3791 1806 3848; x_wconf 90' lang='lat' dir='ltr'><strong>sed</strong></span> 
     </span>
    </p>
   </div>
   <div class='ocr_carea' id='block_1_40' title="bbox 225 3886 1806 3964">
    <p class='ocr_par' dir='ltr' id='par_1_40' title="bbox 225 3886 1806 3964">
     <span class='ocr_line' id='line_1_40' title="bbox 225 3886 1806 3964; baseline -0.007 -15"><span class='ocrx_word' id='word_1_315' title='bbox 225 3897 378 3950; x_wconf 90' lang='lat' dir='ltr'><strong>etiam</strong></span> <span class='ocrx_word' id='word_1_316' title='bbox 407 3901 630 3964; x_wconf 83' lang='lat' dir='ltr'><strong>propter</strong></span> <span class='ocrx_word' id='word_1_317' title='bbox 659 3889 933 3962; x_wconf 84' lang='lat' dir='ltr'><strong>dignitatis</strong></span> <span class='ocrx_word' id='word_1_318' title='bbox 957 3889 1324 3944; x_wconf 86' lang='lat' dir='ltr'><strong>eminentiam.</strong></span> <span class='ocrx_word' id='word_1_319' title='bbox 1350 3886 1432 3941; x_wconf 91' lang='lat' dir='ltr'><strong>Tu</strong></span> <span class='ocrx_word' id='word_1_320' title='bbox 1454 3886 1597 3940; x_wconf 93' lang='lat' dir='ltr'><strong>enim</strong></span> <span class='ocrx_word' id='word_1_321' title='bbox 1619 3900 1646 3938; x_wconf 93' lang='lat' dir='ltr'><strong>a</strong></span> <span class='ocrx_word' id='word_1_322' title='bbox 1673 3900 1806 3940; x_wconf 87' lang='lat' dir='ltr'><strong>con-</strong></span> 
     </span>
    </p>
   </div>
   <div class='ocr_carea' id='block_1_41' title="bbox 227 3977 1806 4056">
    <p class='ocr_par' dir='ltr' id='par_1_41' title="bbox 227 3977 1806 4056">
     <span class='ocr_line' id='line_1_41' title="bbox 227 3977 1806 4056; baseline -0.006 -14"><span class='ocrx_word' id='word_1_323' title='bbox 227 4002 375 4043; x_wconf 86' lang='lat' dir='ltr'><strong>servo</strong></span> <span class='ocrx_word' id='word_1_324' title='bbox 422 3983 738 4056; x_wconf 89' lang='lat' dir='ltr'><strong>despiceris,</strong></span> <span class='ocrx_word' id='word_1_325' title='bbox 771 3981 860 4037; x_wconf 89' lang='lat' dir='ltr'><strong>ille</strong></span> <span class='ocrx_word' id='word_1_326' title='bbox 901 3988 1082 4035; x_wconf 90' lang='lat' dir='ltr'><strong>autem</strong></span> <span class='ocrx_word' id='word_1_327' title='bbox 1111 3995 1139 4033; x_wconf 89' lang='lat' dir='ltr'><strong>a</strong></span> <span class='ocrx_word' id='word_1_328' title='bbox 1171 3994 1325 4034; x_wconf 88' lang='lat' dir='ltr'><strong>servo</strong></span> <span class='ocrx_word' id='word_1_329' title='bbox 1353 3994 1510 4048; x_wconf 90' lang='lat' dir='ltr'><strong>quem</strong></span> <span class='ocrx_word' id='word_1_330' title='bbox 1539 3977 1806 4033; x_wconf 84' lang='lat' dir='ltr'><strong>sexcentis</strong></span> 
     </span>
    </p>
   </div>
   <div class='ocr_carea' id='block_1_42' title="bbox 227 4067 1805 4142">
    <p class='ocr_par' dir='ltr' id='par_1_42' title="bbox 227 4067 1805 4142">
     <span class='ocr_line' id='line_1_42' title="bbox 227 4067 1805 4142; baseline -0.007 -10"><span class='ocrx_word' id='word_1_331' title='bbox 227 4076 494 4132; x_wconf 88' lang='lat' dir='ltr'><strong>beneficiis</strong></span> <span class='ocrx_word' id='word_1_332' title='bbox 536 4073 718 4128; x_wconf 82' lang='lat' dir='ltr'><strong>aﬂ‘ecit</strong></span> <span class='ocrx_word' id='word_1_333' title='bbox 750 4088 766 4137; x_wconf 93' lang='lat'><strong>;</strong></span> <span class='ocrx_word' id='word_1_334' title='bbox 818 4079 872 4127; x_wconf 91' lang='lat' dir='ltr'><strong>et</strong></span> <span class='ocrx_word' id='word_1_335' title='bbox 925 4080 980 4127; x_wconf 93' lang='lat' dir='ltr'><strong>tu</strong></span> <span class='ocrx_word' id='word_1_336' title='bbox 1022 4071 1236 4142; x_wconf 87' lang='lat' dir='ltr'><strong>quidem</strong></span> <span class='ocrx_word' id='word_1_337' title='bbox 1275 4069 1437 4125; x_wconf 89' lang='lat' dir='ltr'><strong>verba</strong></span> <span class='ocrx_word' id='word_1_338' title='bbox 1463 4068 1653 4135; x_wconf 88' lang='lat' dir='ltr'><strong>donas,</strong></span> <span class='ocrx_word' id='word_1_339' title='bbox 1682 4067 1805 4122; x_wconf 91' lang='lat' dir='ltr'><strong>dum</strong></span> 
     </span>
    </p>
   </div>
   <div class='ocr_carea' id='block_1_43' title="bbox 229 4162 1808 4238">
    <p class='ocr_par' dir='ltr' id='par_1_43' title="bbox 229 4162 1808 4238">
     <span class='ocr_line' id='line_1_43' title="bbox 229 4162 1808 4238; baseline -0.005 -15"><span class='ocrx_word' id='word_1_340' title='bbox 229 4184 319 4238; x_wconf 87' lang='lat' dir='ltr'><strong>pro</strong></span> <span class='ocrx_word' id='word_1_341' title='bbox 347 4169 440 4224; x_wconf 90' lang='lat' dir='ltr'><strong>illo</strong></span> <span class='ocrx_word' id='word_1_342' title='bbox 467 4165 709 4238; x_wconf 83' lang='lat' dir='ltr'><strong>precaris</strong></span> <span class='ocrx_word' id='word_1_343' title='bbox 729 4206 744 4232; x_wconf 95' lang='lat'><strong>,</strong></span> <span class='ocrx_word' id='word_1_344' title='bbox 775 4162 868 4220; x_wconf 89' lang='lat' dir='ltr'><strong>ille</strong></span> <span class='ocrx_word' id='word_1_345' title='bbox 905 4179 1034 4219; x_wconf 90' lang='lat' dir='ltr'><strong>vero</strong></span> <span class='ocrx_word' id='word_1_346' title='bbox 1078 4179 1165 4220; x_wconf 92' lang='lat' dir='ltr'><strong>res</strong></span> <span class='ocrx_word' id='word_1_347' title='bbox 1189 4163 1476 4219; x_wconf 86' lang='lat' dir='ltr'><strong>admodum</strong></span> <span class='ocrx_word' id='word_1_348' title='bbox 1505 4177 1724 4232; x_wconf 86' lang='lat' dir='ltr'><strong>magnas</strong></span> <span class='ocrx_word' id='word_1_349' title='bbox 1754 4171 1808 4217; x_wconf 89' lang='lat' dir='ltr'><strong>et</strong></span> 
     </span>
    </p>
   </div>
   <div class='ocr_carea' id='block_1_44' title="bbox 230 4256 1806 4329">
    <p class='ocr_par' dir='ltr' id='par_1_44' title="bbox 230 4256 1806 4329">
     <span class='ocr_line' id='line_1_44' title="bbox 230 4256 1806 4329; baseline -0.005 -12"><span class='ocrx_word' id='word_1_350' title='bbox 230 4263 517 4329; x_wconf 81' lang='lat' dir='ltr'><strong>mirabiles,</strong></span> <span class='ocrx_word' id='word_1_351' title='bbox 545 4259 716 4316; x_wconf 91' lang='lat' dir='ltr'><strong>solem</strong></span> <span class='ocrx_word' id='word_1_352' title='bbox 745 4257 1043 4314; x_wconf 82' lang='lat' dir='ltr'><strong>accendens</strong></span> <span class='ocrx_word' id='word_1_353' title='bbox 1069 4265 1124 4312; x_wconf 92' lang='lat' dir='ltr'><strong>et</strong></span> <span class='ocrx_word' id='word_1_354' title='bbox 1145 4270 1349 4310; x_wconf 88' lang='lat' dir='ltr'><strong>annuos</strong></span> <span class='ocrx_word' id='word_1_355' title='bbox 1377 4256 1577 4311; x_wconf 90' lang='lat' dir='ltr'><strong>imbres</strong></span> <span class='ocrx_word' id='word_1_356' title='bbox 1608 4269 1806 4325; x_wconf 86' lang='lat' dir='ltr'><strong>suppe-</strong></span> 
     </span>
    </p>
   </div>
   <div class='ocr_carea' id='block_1_45' title="bbox 232 4347 1808 4418">
    <p class='ocr_par' dir='ltr' id='par_1_45' title="bbox 232 4347 1808 4418">
     <span class='ocr_line' id='line_1_45' title="bbox 232 4347 1808 4418; baseline -0.005 -9"><span class='ocrx_word' id='word_1_357' title='bbox 232 4354 401 4409; x_wconf 88' lang='lat' dir='ltr'><strong>ditans</strong></span> <span class='ocrx_word' id='word_1_358' title='bbox 424 4355 465 4408; x_wconf 78' lang='grc'><strong>⁸.</strong></span> <span class='ocrx_word' id='word_1_359' title='bbox 495 4354 746 4408; x_wconf 86' lang='lat' dir='ltr'><strong>Attamen</strong></span> <span class='ocrx_word' id='word_1_360' title='bbox 769 4351 847 4405; x_wconf 90' lang='lat' dir='ltr'><strong>sic</strong></span> <span class='ocrx_word' id='word_1_361' title='bbox 869 4348 1106 4404; x_wconf 90' lang='lat' dir='ltr'><strong>concedo</strong></span> <span class='ocrx_word' id='word_1_362' title='bbox 1133 4356 1184 4403; x_wconf 89' lang='lat' dir='ltr'><strong>te</strong></span> <span class='ocrx_word' id='word_1_363' title='bbox 1200 4347 1459 4418; x_wconf 65' lang='lat' dir='ltr'><strong>aequalem</strong></span> <span class='ocrx_word' id='word_1_364' title='bbox 1481 4362 1620 4414; x_wconf 89' lang='lat' dir='ltr'><strong>esse,</strong></span> <span class='ocrx_word' id='word_1_365' title='bbox 1641 4362 1808 4417; x_wconf 88' lang='lat' dir='ltr'><strong>quan-</strong></span> 
     </span>
    </p>
   </div>
   <div class='ocr_carea' id='block_1_46' title="bbox 231 4441 1806 4521">
    <p class='ocr_par' dir='ltr' id='par_1_46' title="bbox 231 4441 1806 4521">
     <span class='ocr_line' id='line_1_46' title="bbox 231 4441 1806 4521; baseline -0.006 -17"><span class='ocrx_word' id='word_1_366' title='bbox 231 4459 334 4504; x_wconf 90' lang='lat' dir='ltr'><strong>tum</strong></span> <span class='ocrx_word' id='word_1_367' title='bbox 386 4457 564 4521; x_wconf 86' lang='lat' dir='ltr'><strong>potest</strong></span> <span class='ocrx_word' id='word_1_368' title='bbox 608 4447 788 4500; x_wconf 89' lang='lat' dir='ltr'><strong>homo.</strong></span> <span class='ocrx_word' id='word_1_369' title='bbox 819 4442 898 4498; x_wconf 84' lang='lat' dir='ltr'><strong>Ne</strong></span> <span class='ocrx_word' id='word_1_370' title='bbox 927 4443 1105 4512; x_wconf 88' lang='lat' dir='ltr'><strong>itaque</strong></span> <span class='ocrx_word' id='word_1_371' title='bbox 1145 4442 1269 4496; x_wconf 92' lang='lat' dir='ltr'><strong>odio</strong></span> <span class='ocrx_word' id='word_1_372' title='bbox 1300 4442 1495 4497; x_wconf 86' lang='lat' dir='ltr'><strong>habeas</strong></span> <span class='ocrx_word' id='word_1_373' title='bbox 1535 4441 1806 4495; x_wconf 89' lang='lat' dir='ltr'><strong>hominem</strong></span> 
     </span>
    </p>
   </div>
   <div class='ocr_carea' id='block_1_47' title="bbox 228 4532 1807 4612">
    <p class='ocr_par' dir='ltr' id='par_1_47' title="bbox 228 4532 1807 4612">
     <span class='ocr_line' id='line_1_47' title="bbox 228 4532 1807 4612; baseline -0.006 -15"><span class='ocrx_word' id='word_1_374' title='bbox 228 4543 310 4612; x_wconf 88' lang='lat' dir='ltr'><strong>qui</strong></span> <span class='ocrx_word' id='word_1_375' title='bbox 339 4551 389 4597; x_wconf 88' lang='lat' dir='ltr'><strong>te</strong></span> <span class='ocrx_word' id='word_1_376' title='bbox 418 4541 562 4595; x_wconf 90' lang='lat' dir='ltr'><strong>malo</strong></span> <span class='ocrx_word' id='word_1_377' title='bbox 602 4537 784 4601; x_wconf 82' lang='lat' dir='ltr'><strong>afficit,</strong></span> <span class='ocrx_word' id='word_1_378' title='bbox 816 4550 937 4591; x_wconf 91' lang='lat' dir='ltr'><strong>cum</strong></span> <span class='ocrx_word' id='word_1_379' title='bbox 970 4535 1062 4589; x_wconf 90' lang='lat' dir='ltr'><strong>tibi</strong></span> <span class='ocrx_word' id='word_1_380' title='bbox 1095 4543 1172 4591; x_wconf 92' lang='lat' dir='ltr'><strong>tot</strong></span> <span class='ocrx_word' id='word_1_381' title='bbox 1197 4534 1333 4590; x_wconf 90' lang='lat' dir='ltr'><strong>bona</strong></span> <span class='ocrx_word' id='word_1_382' title='bbox 1355 4533 1626 4597; x_wconf 83' lang='lat' dir='ltr'><strong>conciliet,</strong></span> <span class='ocrx_word' id='word_1_383' title='bbox 1657 4542 1712 4588; x_wconf 89' lang='lat' dir='ltr'><strong>et</strong></span> <span class='ocrx_word' id='word_1_384' title='bbox 1741 4532 1807 4587; x_wconf 90' lang='lat' dir='ltr'><strong>ad</strong></span> 
     </span>
    </p>
   </div>
   <div class='ocr_carea' id='block_1_48' title="bbox 230 4623 1810 4696">
    <p class='ocr_par' dir='ltr' id='par_1_48' title="bbox 230 4623 1810 4696">
     <span class='ocr_line' id='line_1_48' title="bbox 230 4623 1810 4696; baseline -0.006 -7"><span class='ocrx_word' id='word_1_385' title='bbox 230 4647 424 4691; x_wconf 83' lang='lat' dir='ltr'><strong>tantum</strong></span> <span class='ocrx_word' id='word_1_386' title='bbox 473 4623 524 4689; x_wconf 82' lang='lat' dir='ltr'><strong>te</strong></span> <span class='ocrx_word' id='word_1_387' title='bbox 569 4632 834 4688; x_wconf 86' lang='lat' dir='ltr'><strong>honorem</strong></span> <span class='ocrx_word' id='word_1_388' title='bbox 862 4629 1057 4694; x_wconf 89' lang='lat' dir='ltr'><strong>ducat;</strong></span> <span class='ocrx_word' id='word_1_389' title='bbox 1092 4643 1160 4684; x_wconf 90' lang='lat' dir='ltr'><strong>ne</strong></span> <span class='ocrx_word' id='word_1_390' title='bbox 1200 4626 1486 4682; x_wconf 89' lang='lat' dir='ltr'><strong>maledicas</strong></span> <span class='ocrx_word' id='word_1_391' title='bbox 1531 4625 1580 4680; x_wconf 90' lang='lat' dir='ltr'><strong>ei</strong></span> <span class='ocrx_word' id='word_1_392' title='bbox 1621 4626 1710 4696; x_wconf 92' lang='lat' dir='ltr'><strong>qni</strong></span> <span class='ocrx_word' id='word_1_393' title='bbox 1759 4634 1810 4680; x_wconf 90' lang='lat' dir='ltr'><strong>te</strong></span> 
     </span>
    </p>
   </div>
   <div class='ocr_carea' id='block_1_49' title="bbox 227 4718 1808 4794">
    <p class='ocr_par' dir='ltr' id='par_1_49' title="bbox 227 4718 1808 4794">
     <span class='ocr_line' id='line_1_49' title="bbox 227 4718 1808 4794; baseline -0.008 -9"><span class='ocrx_word' id='word_1_394' title='bbox 227 4729 416 4785; x_wconf 77' lang='lat' dir='ltr'><strong>damno</strong></span> <span class='ocrx_word' id='word_1_395' title='bbox 441 4727 610 4782; x_wconf 88' lang='lat' dir='ltr'><strong>afficit</strong></span> <span class='ocrx_word' id='word_1_396' title='bbox 634 4744 646 4779; x_wconf 92' lang='lat'><strong>:</strong></span> <span class='ocrx_word' id='word_1_397' title='bbox 670 4724 904 4794; x_wconf 86' lang='lat' dir='ltr'><strong>alioquin</strong></span> <span class='ocrx_word' id='word_1_398' title='bbox 933 4732 985 4778; x_wconf 90' lang='lat' dir='ltr'><strong>et</strong></span> <span class='ocrx_word' id='word_1_399' title='bbox 1011 4721 1250 4776; x_wconf 88' lang='lat' dir='ltr'><strong>laborem</strong></span> <span class='ocrx_word' id='word_1_400' title='bbox 1279 4719 1586 4785; x_wconf 88' lang='lat' dir='ltr'><strong>sustinebis,</strong></span> <span class='ocrx_word' id='word_1_401' title='bbox 1617 4731 1671 4774; x_wconf 93' lang='lat' dir='ltr'><strong>et</strong></span> <span class='ocrx_word' id='word_1_402' title='bbox 1692 4718 1808 4789; x_wconf 89' lang='lat' dir='ltr'><strong>ejus</strong></span> 
     </span>
    </p>
   </div>
   <div class='ocr_carea' id='block_1_50' title="bbox 229 4810 1809 4891">
    <p class='ocr_par' dir='ltr' id='par_1_50' title="bbox 229 4810 1809 4891">
     <span class='ocr_line' id='line_1_50' title="bbox 229 4810 1809 4891; baseline -0.006 -16"><span class='ocrx_word' id='word_1_403' title='bbox 229 4819 394 4877; x_wconf 86' lang='lat' dir='ltr'><strong>fructu</strong></span> <span class='ocrx_word' id='word_1_404' title='bbox 420 4817 758 4891; x_wconf 88' lang='lat' dir='ltr'><strong>privaberis;</strong></span> <span class='ocrx_word' id='word_1_405' title='bbox 800 4815 1051 4871; x_wconf 88' lang='lat' dir='ltr'><strong>damnum</strong></span> <span class='ocrx_word' id='word_1_406' title='bbox 1098 4812 1238 4868; x_wconf 90' lang='lat' dir='ltr'><strong>feres</strong></span> <span class='ocrx_word' id='word_1_407' title='bbox 1267 4821 1320 4867; x_wconf 92' lang='lat' dir='ltr'><strong>ct</strong></span> <span class='ocrx_word' id='word_1_408' title='bbox 1351 4810 1654 4867; x_wconf 89' lang='lat' dir='ltr'><strong>mercedem</strong></span> <span class='ocrx_word' id='word_1_409' title='bbox 1689 4827 1809 4881; x_wconf 85' lang='lat' dir='ltr'><strong>per-</strong></span> 
     </span>
    </p>
   </div>
   <div class='ocr_carea' id='block_1_51' title="bbox 228 4903 1805 4982">
    <p class='ocr_par' dir='ltr' id='par_1_51' title="bbox 228 4903 1805 4982">
     <span class='ocr_line' id='line_1_51' title="bbox 228 4903 1805 4982; baseline -0.007 -15"><span class='ocrx_word' id='word_1_410' title='bbox 228 4912 350 4977; x_wconf 88' lang='lat' dir='ltr'><strong>des;</strong></span> <span class='ocrx_word' id='word_1_411' title='bbox 381 4911 526 4982; x_wconf 86' lang='lat' dir='ltr'><strong>quod</strong></span> <span class='ocrx_word' id='word_1_412' title='bbox 547 4919 806 4966; x_wconf 70' lang='lat' dir='ltr'><strong>extremae</strong></span> <span class='ocrx_word' id='word_1_413' title='bbox 835 4914 918 4963; x_wconf 88' lang='lat' dir='ltr'><strong>est</strong></span> <span class='ocrx_word' id='word_1_414' title='bbox 945 4905 1248 4969; x_wconf 61' lang='lat' dir='ltr'><strong>dementiae,</strong></span> <span class='ocrx_word' id='word_1_415' title='bbox 1283 4903 1422 4973; x_wconf 92' lang='lat' dir='ltr'><strong>quod</strong></span> <span class='ocrx_word' id='word_1_416' title='bbox 1452 4903 1653 4958; x_wconf 81' lang='lat' dir='ltr'><strong>scilicet</strong></span> <span class='ocrx_word' id='word_1_417' title='bbox 1685 4918 1805 4958; x_wconf 88' lang='lat' dir='ltr'><strong>cum</strong></span> 
     </span>
    </p>
   </div>
   <div class='ocr_carea' id='block_1_52' title="bbox 229 4995 1809 5074">
    <p class='ocr_par' dir='ltr' id='par_1_52' title="bbox 229 4995 1809 5074">
     <span class='ocr_line' id='line_1_52' title="bbox 229 4995 1809 5074; baseline -0.008 -16"><span class='ocrx_word' id='word_1_418' title='bbox 229 5006 462 5074; x_wconf 78' lang='lat' dir='ltr'><strong>graviora</strong></span> <span class='ocrx_word' id='word_1_419' title='bbox 485 5003 919 5066; x_wconf 87' lang='lat' dir='ltr'><strong>sustinuerimus,</strong></span> <span class='ocrx_word' id='word_1_420' title='bbox 943 5000 1148 5052; x_wconf 84' lang='lat' dir='ltr'><strong>minora</strong></span> <span class='ocrx_word' id='word_1_421' title='bbox 1181 5011 1287 5051; x_wconf 90' lang='lat' dir='ltr'><strong>non</strong></span> <span class='ocrx_word' id='word_1_422' title='bbox 1311 4996 1562 5050; x_wconf 88' lang='lat' dir='ltr'><strong>feramus.</strong></span> <span class='ocrx_word' id='word_1_423' title='bbox 1588 4995 1653 5048; x_wconf 88' lang='lat' dir='ltr'><strong>Et</strong></span> <span class='ocrx_word' id='word_1_424' title='bbox 1677 5010 1809 5064; x_wconf 87' lang='lat' dir='ltr'><strong>quo-</strong></span> 
     </span>
    </p>
   </div>
   <div class='ocr_carea' id='block_1_53' title="bbox 231 5087 1810 5166">
    <p class='ocr_par' dir='ltr' id='par_1_53' title="bbox 231 5087 1810 5166">
     <span class='ocr_line' id='line_1_53' title="bbox 231 5087 1810 5166; baseline -0.006 -16"><span class='ocrx_word' id='word_1_425' title='bbox 231 5098 385 5152; x_wconf 89' lang='lat' dir='ltr'><strong>modo</strong></span> <span class='ocrx_word' id='word_1_426' title='bbox 406 5138 422 5162; x_wconf 91' lang='lat'><strong>,</strong></span> <span class='ocrx_word' id='word_1_427' title='bbox 467 5096 678 5166; x_wconf 91' lang='lat' dir='ltr'><strong>inquies</strong></span> <span class='ocrx_word' id='word_1_428' title='bbox 697 5134 714 5159; x_wconf 94' lang='lat'><strong>,</strong></span> <span class='ocrx_word' id='word_1_429' title='bbox 753 5097 933 5162; x_wconf 90' lang='lat' dir='ltr'><strong>potest</strong></span> <span class='ocrx_word' id='word_1_430' title='bbox 957 5089 1062 5144; x_wconf 91' lang='lat' dir='ltr'><strong>hoc</strong></span> <span class='ocrx_word' id='word_1_431' title='bbox 1093 5089 1247 5144; x_wconf 85' lang='lat' dir='ltr'><strong>fieri?</strong></span> <span class='ocrx_word' id='word_1_432' title='bbox 1274 5088 1405 5145; x_wconf 91' lang='lat' dir='ltr'><strong>Cum</strong></span> <span class='ocrx_word' id='word_1_433' title='bbox 1437 5088 1602 5142; x_wconf 91' lang='lat' dir='ltr'><strong>Deum</strong></span> <span class='ocrx_word' id='word_1_434' title='bbox 1627 5087 1810 5141; x_wconf 85' lang='lat' dir='ltr'><strong>videas</strong></span> 
     </span>
    </p>
   </div>
   <div class='ocr_carea' id='block_1_54' title="bbox 230 5181 1811 5250">
    <p class='ocr_par' dir='ltr' id='par_1_54' title="bbox 230 5181 1811 5250">
     <span class='ocr_line' id='line_1_54' title="bbox 230 5181 1811 5250; baseline -0.003 -10"><span class='ocrx_word' id='word_1_435' title='bbox 230 5187 493 5242; x_wconf 86' lang='lat' dir='ltr'><strong>hominem</strong></span> <span class='ocrx_word' id='word_1_436' title='bbox 513 5187 712 5240; x_wconf 89' lang='lat' dir='ltr'><strong>factum</strong></span> <span class='ocrx_word' id='word_1_437' title='bbox 741 5191 944 5238; x_wconf 91' lang='lat' dir='ltr'><strong>tantum</strong></span> <span class='ocrx_word' id='word_1_438' title='bbox 977 5181 1343 5247; x_wconf 86' lang='lat' dir='ltr'><strong>descendisse,</strong></span> <span class='ocrx_word' id='word_1_439' title='bbox 1377 5190 1430 5237; x_wconf 92' lang='lat' dir='ltr'><strong>et</strong></span> <span class='ocrx_word' id='word_1_440' title='bbox 1459 5189 1602 5236; x_wconf 88' lang='lat' dir='ltr'><strong>tanta</strong></span> <span class='ocrx_word' id='word_1_441' title='bbox 1635 5193 1731 5250; x_wconf 91' lang='lat' dir='ltr'><strong>pro</strong></span> <span class='ocrx_word' id='word_1_442' title='bbox 1757 5187 1811 5236; x_wconf 92' lang='lat' dir='ltr'><strong>te</strong></span> 
     </span>
    </p>
   </div>
   <div class='ocr_carea' id='block_1_55' title="bbox 226 5271 1808 5350">
    <p class='ocr_par' dir='ltr' id='par_1_55' title="bbox 226 5271 1808 5350">
     <span class='ocr_line' id='line_1_55' title="bbox 226 5271 1808 5350; baseline -0.004 -16"><span class='ocrx_word' id='word_1_443' title='bbox 226 5295 434 5350; x_wconf 88' lang='lat' dir='ltr'><strong>passum</strong></span> <span class='ocrx_word' id='word_1_444' title='bbox 464 5295 586 5336; x_wconf 89' lang='lat' dir='ltr'><strong>esse</strong></span> <span class='ocrx_word' id='word_1_445' title='bbox 605 5319 620 5343; x_wconf 92' lang='lat'><strong>,</strong></span> <span class='ocrx_word' id='word_1_446' title='bbox 648 5280 950 5347; x_wconf 81' lang='lat' dir='ltr'><strong>interrogas</strong></span> <span class='ocrx_word' id='word_1_447' title='bbox 975 5275 1149 5330; x_wconf 91' lang='lat' dir='ltr'><strong>adhuc</strong></span> <span class='ocrx_word' id='word_1_448' title='bbox 1173 5283 1227 5331; x_wconf 89' lang='lat' dir='ltr'><strong>et</strong></span> <span class='ocrx_word' id='word_1_449' title='bbox 1253 5274 1476 5344; x_wconf 85' lang='lat' dir='ltr'><strong>ambigis</strong></span> <span class='ocrx_word' id='word_1_450' title='bbox 1495 5314 1517 5341; x_wconf 62' lang='grc' dir='ltr'><strong>ι</strong></span> <span class='ocrx_word' id='word_1_451' title='bbox 1540 5271 1808 5343; x_wconf 84' lang='lat' dir='ltr'><strong>quomodo</strong></span> 
     </span>
    </p>
   </div>
   <div class='ocr_carea' id='block_1_56' title="bbox 227 5365 1808 5442">
    <p class='ocr_par' dir='ltr' id='par_1_56' title="bbox 227 5365 1808 5442">
     <span class='ocr_line' id='line_1_56' title="bbox 227 5365 1808 5442; baseline -0.005 -14"><span class='ocrx_word' id='word_1_452' title='bbox 227 5389 505 5442; x_wconf 84' lang='lat' dir='ltr'><strong>possumus</strong></span> <span class='ocrx_word' id='word_1_453' title='bbox 554 5371 782 5442; x_wconf 87' lang='lat' dir='ltr'><strong>injurias</strong></span> <span class='ocrx_word' id='word_1_454' title='bbox 832 5368 1108 5425; x_wconf 82' lang='lat' dir='ltr'><strong>conservis</strong></span> <span class='ocrx_word' id='word_1_455' title='bbox 1155 5367 1470 5422; x_wconf 81' lang='lat' dir='ltr'><strong>remittere?</strong></span> <span class='ocrx_word' id='word_1_456' title='bbox 1497 5365 1612 5421; x_wconf 87' lang='lat' dir='ltr'><strong>Non</strong></span> <span class='ocrx_word' id='word_1_457' title='bbox 1655 5365 1808 5420; x_wconf 87' lang='lat' dir='ltr'><strong>audis</strong></span> 
     </span>
    </p>
   </div>
   <div class='ocr_carea' id='block_1_57' title="bbox 225 5459 1808 5524">
    <p class='ocr_par' dir='ltr' id='par_1_57' title="bbox 225 5459 1808 5524">
     <span class='ocr_line' id='line_1_57' title="bbox 225 5459 1808 5524; baseline -0.004 -6"><span class='ocrx_word' id='word_1_458' title='bbox 225 5466 369 5521; x_wconf 87' lang='lat' dir='ltr'><strong>illum</strong></span> <span class='ocrx_word' id='word_1_459' title='bbox 414 5468 466 5522; x_wconf 90' lang='lat' dir='ltr'><strong>in</strong></span> <span class='ocrx_word' id='word_1_460' title='bbox 509 5481 670 5521; x_wconf 88' lang='lat' dir='ltr'><strong>cruce</strong></span> <span class='ocrx_word' id='word_1_461' title='bbox 720 5464 989 5519; x_wconf 88' lang='lat' dir='ltr'><strong>dicentem</strong></span> <span class='ocrx_word' id='word_1_462' title='bbox 1023 5481 1037 5516; x_wconf 91' lang='lat'><strong>:</strong></span> <span class='ocrx_word' id='word_1_463' title='bbox 1071 5460 1280 5514; x_wconf 86' lang='lat' dir='ltr'><strong>Dimitte</strong></span> <span class='ocrx_word' id='word_1_464' title='bbox 1319 5459 1477 5524; x_wconf 85' lang='lat' dir='ltr'><strong>illis;</strong></span> <span class='ocrx_word' id='word_1_465' title='bbox 1529 5475 1631 5512; x_wconf 87' lang='lat' dir='ltr'><strong>non</strong></span> <span class='ocrx_word' id='word_1_466' title='bbox 1676 5459 1808 5512; x_wconf 83' lang='lat' dir='ltr'><strong>enim</strong></span> 
     </span>
    </p>
   </div>
   <div class='ocr_carea' id='block_1_58' title="bbox 225 5550 1806 5630">
    <p class='ocr_par' dir='ltr' id='par_1_58' title="bbox 225 5550 1806 5630">
     <span class='ocr_line' id='line_1_58' title="bbox 225 5550 1806 5630; baseline -0.004 -20"><span class='ocrx_word' id='word_1_467' title='bbox 225 5559 383 5613; x_wconf 77' lang='lat' dir='ltr'><strong>sciunt</strong></span> <span class='ocrx_word' id='word_1_468' title='bbox 410 5559 532 5630; x_wconf 85' lang='lat' dir='ltr'><strong>quid</strong></span> <span class='ocrx_word' id='word_1_469' title='bbox 561 5559 754 5628; x_wconf 77' lang='lat' dir='ltr'><strong>faciunt</strong></span> <span class='ocrx_word' id='word_1_470' title='bbox 783 5555 936 5628; x_wconf 86' lang='lat' dir='ltr'><strong>(Luc.</strong></span> <span class='ocrx_word' id='word_1_471' title='bbox 962 5553 1051 5609; x_wconf 76' lang='lat'><strong>9.5.</strong></span> <span class='ocrx_word' id='word_1_472' title='bbox 1086 5553 1179 5624; x_wconf 67' lang='grc'><strong>54)</strong></span> <span class='ocrx_word' id='word_1_473' title='bbox 1203 5553 1227 5607; x_wconf 88' lang='lat'><strong>?</strong></span> <span class='ocrx_word' id='word_1_474' title='bbox 1261 5551 1378 5607; x_wconf 81' lang='lat' dir='ltr'><strong>Non</strong></span> <span class='ocrx_word' id='word_1_475' title='bbox 1407 5551 1557 5607; x_wconf 84' lang='lat' dir='ltr'><strong>audis</strong></span> <span class='ocrx_word' id='word_1_476' title='bbox 1581 5550 1806 5607; x_wconf 86' lang='lat' dir='ltr'><strong>Paulum</strong></span> 
     </span>
    </p>
   </div>
   <div class='ocr_carea' id='block_1_59' title="bbox 286 5688 1616 5758">
    <p class='ocr_par' dir='ltr' id='par_1_59' title="bbox 286 5688 1616 5758">
     <span class='ocr_line' id='line_1_59' title="bbox 286 5688 1616 5758; baseline -0.004 -14"><span class='ocrx_word' id='word_1_477' title='bbox 286 5695 302 5727; x_wconf 76' lang='grc' dir='ltr'>ι</span> <span class='ocrx_word' id='word_1_478' title='bbox 338 5703 464 5747; x_wconf 76' lang='lat' dir='ltr'><strong>Unus</strong></span> <span class='ocrx_word' id='word_1_479' title='bbox 484 5695 652 5758; x_wconf 79' lang='lat' dir='ltr'><strong>habet,</strong></span> <span class='ocrx_word' id='word_1_480' title='bbox 675 5699 720 5744; x_wconf 75' lang='lat' dir='ltr'><strong>ct</strong></span> <span class='ocrx_word' id='word_1_481' title='bbox 735 5692 874 5758; x_wconf 81' lang='lat' dir='ltr'><strong>quasi</strong></span> <span class='ocrx_word' id='word_1_482' title='bbox 891 5703 1051 5743; x_wconf 87' lang='lat' dir='ltr'><strong>annua</strong></span> <span class='ocrx_word' id='word_1_483' title='bbox 1074 5689 1206 5743; x_wconf 74' lang='lat' dir='ltr'><strong>nobis</strong></span> <span class='ocrx_word' id='word_1_484' title='bbox 1223 5688 1403 5742; x_wconf 80' lang='lat' dir='ltr'><strong>solvens</strong></span> <span class='ocrx_word' id='word_1_485' title='bbox 1424 5688 1616 5742; x_wconf 80' lang='lat' dir='ltr'><strong>tributa.</strong></span> 
     </span>
    </p>
   </div>
   <div class='ocr_carea' id='block_1_60' title="bbox 3367 269 3478 325">
    <p class='ocr_par' dir='ltr' id='par_1_60' title="bbox 3367 269 3478 325">
     <span class='ocr_line' id='line_1_60' title="bbox 3367 269 3478 325; baseline 0.027 -3"><span class='ocrx_word' id='word_1_486' title='bbox 3367 269 3478 325; x_wconf 70' lang='grc' dir='ltr'><strong>Ξτῦ</strong></span> 
     </span>
    </p>
   </div>
   <div class='ocr_carea' id='block_1_61' title="bbox 1895 365 3472 453">
    <p class='ocr_par' dir='ltr' id='par_1_61' title="bbox 1895 365 3472 453">
     <span class='ocr_line' id='line_1_61' title="bbox 1895 365 3472 453; baseline 0.013 -33"><span class='ocrx_word' id='word_1_487' title='bbox 1895 365 2158 423; x_wconf 90' lang='lat' dir='ltr'><strong>dicentem</strong></span> <span class='ocrx_word' id='word_1_488' title='bbox 2194 387 2208 425; x_wconf 93' lang='lat'><strong>:</strong></span> <span class='ocrx_word' id='word_1_489' title='bbox 2244 369 2344 434; x_wconf 83' lang='lat' dir='ltr'><strong>Qui</strong></span> <span class='ocrx_word' id='word_1_490' title='bbox 2379 375 2602 428; x_wconf 83' lang='lat' dir='ltr'><strong>ascendit</strong></span> <span class='ocrx_word' id='word_1_491' title='bbox 2633 392 2836 432; x_wconf 84' lang='lat' dir='ltr'><strong>sursum</strong></span> <span class='ocrx_word' id='word_1_492' title='bbox 2861 419 2873 443; x_wconf 92' lang='lat'><strong>,</strong></span> <span class='ocrx_word' id='word_1_493' title='bbox 2904 389 2950 432; x_wconf 87' lang='lat' dir='ltr'><strong>et</strong></span> <span class='ocrx_word' id='word_1_494' title='bbox 2987 382 3121 435; x_wconf 74' lang='lat' dir='ltr'><strong>sedet</strong></span> <span class='ocrx_word' id='word_1_495' title='bbox 3160 382 3210 437; x_wconf 84' lang='lat' dir='ltr'><strong>in</strong></span> <span class='ocrx_word' id='word_1_496' title='bbox 3243 390 3472 453; x_wconf 66' lang='lat' dir='ltr'><strong>dextera,</strong></span> 
     </span>
    </p>
   </div>
   <div class='ocr_carea' id='block_1_62' title="bbox 1892 458 3473 543">
    <p class='ocr_par' dir='ltr' id='par_1_62' title="bbox 1892 458 3473 543">
     <span class='ocr_line' id='line_1_62' title="bbox 1892 458 3473 543; baseline 0.013 -32"><span class='ocrx_word' id='word_1_497' title='bbox 1892 458 2178 530; x_wconf 83' lang='lat' dir='ltr'><strong>interpellat</strong></span> <span class='ocrx_word' id='word_1_498' title='bbox 2204 479 2296 531; x_wconf 87' lang='lat' dir='ltr'><strong>pro</strong></span> <span class='ocrx_word' id='word_1_499' title='bbox 2317 463 2456 518; x_wconf 86' lang='lat' dir='ltr'><strong>nobis</strong></span> <span class='ocrx_word' id='word_1_500' title='bbox 2483 464 2659 532; x_wconf 85' lang='lat' dir='ltr'><strong>(Rom.</strong></span> <span class='ocrx_word' id='word_1_501' title='bbox 2692 468 2744 522; x_wconf 90' lang='lat'><strong>8.</strong></span> <span class='ocrx_word' id='word_1_502' title='bbox 2773 469 2892 538; x_wconf 67' lang='lat' dir='ltr'><strong>5i)?</strong></span> <span class='ocrx_word' id='word_1_503' title='bbox 2911 469 3028 528; x_wconf 86' lang='lat' dir='ltr'><strong>Non</strong></span> <span class='ocrx_word' id='word_1_504' title='bbox 3053 474 3200 529; x_wconf 88' lang='lat' dir='ltr'><strong>vides</strong></span> <span class='ocrx_word' id='word_1_505' title='bbox 3223 479 3473 543; x_wconf 76' lang='lat' dir='ltr'><strong>quoniam</strong></span> 
     </span>
    </p>
   </div>
   <div class='ocr_carea' id='block_1_63' title="bbox 1894 560 3474 636">
    <p class='ocr_par' dir='ltr' id='par_1_63' title="bbox 1894 560 3474 636">
     <span class='ocr_line' id='line_1_63' title="bbox 1894 560 3474 636; baseline 0.015 -31"><span class='ocrx_word' id='word_1_506' title='bbox 1894 561 2014 622; x_wconf 91' lang='lat' dir='ltr'><strong>post</strong></span> <span class='ocrx_word' id='word_1_507' title='bbox 2040 569 2254 610; x_wconf 89' lang='lat' dir='ltr'><strong>crucem</strong></span> <span class='ocrx_word' id='word_1_508' title='bbox 2301 564 2355 612; x_wconf 92' lang='lat' dir='ltr'><strong>et</strong></span> <span class='ocrx_word' id='word_1_509' title='bbox 2394 560 2762 616; x_wconf 89' lang='lat' dir='ltr'><strong>ascensionem</strong></span> <span class='ocrx_word' id='word_1_510' title='bbox 2789 562 3009 628; x_wconf 71' lang='lat' dir='ltr'><strong>Judmis,</strong></span> <span class='ocrx_word' id='word_1_511' title='bbox 3042 569 3130 636; x_wconf 92' lang='lat' dir='ltr'><strong>qui</strong></span> <span class='ocrx_word' id='word_1_512' title='bbox 3159 584 3216 623; x_wconf 90' lang='lat' dir='ltr'><strong>se</strong></span> <span class='ocrx_word' id='word_1_513' title='bbox 3249 571 3474 627; x_wconf 87' lang='lat' dir='ltr'><strong>interfe-</strong></span> 
     </span>
    </p>
   </div>
   <div class='ocr_carea' id='block_1_64' title="bbox 1892 648 3477 728">
    <p class='ocr_par' dir='ltr' id='par_1_64' title="bbox 1892 648 3477 728">
     <span class='ocr_line' id='line_1_64' title="bbox 1892 648 3477 728; baseline 0.013 -29"><span class='ocrx_word' id='word_1_514' title='bbox 1892 653 2096 711; x_wconf 88' lang='lat' dir='ltr'><strong>cerant,</strong></span> <span class='ocrx_word' id='word_1_515' title='bbox 2125 648 2331 703; x_wconf 90' lang='lat' dir='ltr'><strong>miserit</strong></span> <span class='ocrx_word' id='word_1_516' title='bbox 2355 652 2645 719; x_wconf 90' lang='lat' dir='ltr'><strong>apostolos,</strong></span> <span class='ocrx_word' id='word_1_517' title='bbox 2673 653 2762 723; x_wconf 91' lang='lat' dir='ltr'><strong>qui</strong></span> <span class='ocrx_word' id='word_1_518' title='bbox 2789 669 3040 712; x_wconf 90' lang='lat' dir='ltr'><strong>sexcenta</strong></span> <span class='ocrx_word' id='word_1_519' title='bbox 3069 658 3194 728; x_wconf 87' lang='lat' dir='ltr'><strong>ipsis</strong></span> <span class='ocrx_word' id='word_1_520' title='bbox 3220 661 3477 720; x_wconf 69' lang='lat' dir='ltr'><strong>afferrent</strong></span> 
     </span>
    </p>
   </div>
   <div class='ocr_carea' id='block_1_65' title="bbox 1893 737 3480 816">
    <p class='ocr_par' dir='ltr' id='par_1_65' title="bbox 1893 737 3480 816">
     <span class='ocr_line' id='line_1_65' title="bbox 1893 737 3480 816; baseline 0.012 -25"><span class='ocrx_word' id='word_1_521' title='bbox 1893 737 2050 801; x_wconf 90' lang='lat' dir='ltr'><strong>bona,</strong></span> <span class='ocrx_word' id='word_1_522' title='bbox 2084 738 2240 809; x_wconf 88' lang='lat' dir='ltr'><strong>idque</strong></span> <span class='ocrx_word' id='word_1_523' title='bbox 2268 757 2388 797; x_wconf 90' lang='lat' dir='ltr'><strong>cum</strong></span> <span class='ocrx_word' id='word_1_524' title='bbox 2420 743 2565 798; x_wconf 91' lang='lat' dir='ltr'><strong>mille</strong></span> <span class='ocrx_word' id='word_1_525' title='bbox 2589 744 2655 800; x_wconf 90' lang='lat' dir='ltr'><strong>ab</strong></span> <span class='ocrx_word' id='word_1_526' title='bbox 2684 746 2813 814; x_wconf 90' lang='lat' dir='ltr'><strong>ipsis</strong></span> <span class='ocrx_word' id='word_1_527' title='bbox 2843 752 3047 816; x_wconf 86' lang='lat' dir='ltr'><strong>passuri</strong></span> <span class='ocrx_word' id='word_1_528' title='bbox 3082 763 3265 808; x_wconf 87' lang='lat' dir='ltr'><strong>essent</strong></span> <span class='ocrx_word' id='word_1_529' title='bbox 3291 757 3432 810; x_wconf 87' lang='lat' dir='ltr'><strong>mala</strong></span> <span class='ocrx_word' id='word_1_530' title='bbox 3459 759 3480 810; x_wconf 71' lang='lat'><strong><em>2</em></strong></span> 
     </span>
    </p>
   </div>
   <div class='ocr_carea' id='block_1_66' title="bbox 1893 824 3477 912">
    <p class='ocr_par' dir='ltr' id='par_1_66' title="bbox 1893 824 3477 912">
     <span class='ocr_line' id='line_1_66' title="bbox 1893 824 3477 912; baseline 0.015 -35"><span class='ocrx_word' id='word_1_531' title='bbox 1893 824 1963 878; x_wconf 90' lang='lat' dir='ltr'><strong>At</strong></span> <span class='ocrx_word' id='word_1_532' title='bbox 1989 835 2042 880; x_wconf 91' lang='lat' dir='ltr'><strong>tu</strong></span> <span class='ocrx_word' id='word_1_533' title='bbox 2070 828 2228 884; x_wconf 69' lang='lat' dir='ltr'><strong>ltesus</strong></span> <span class='ocrx_word' id='word_1_534' title='bbox 2255 830 2540 887; x_wconf 87' lang='lat' dir='ltr'><strong>admodum</strong></span> <span class='ocrx_word' id='word_1_535' title='bbox 2570 835 2673 889; x_wconf 90' lang='lat' dir='ltr'><strong>es?</strong></span> <span class='ocrx_word' id='word_1_536' title='bbox 2701 837 2766 890; x_wconf 89' lang='lat' dir='ltr'><strong>Et</strong></span> <span class='ocrx_word' id='word_1_537' title='bbox 2791 838 2914 906; x_wconf 86' lang='lat' dir='ltr'><strong>quid</strong></span> <span class='ocrx_word' id='word_1_538' title='bbox 2950 849 3150 896; x_wconf 89' lang='lat' dir='ltr'><strong>tantum</strong></span> <span class='ocrx_word' id='word_1_539' title='bbox 3182 859 3370 912; x_wconf 86' lang='lat' dir='ltr'><strong>passus</strong></span> <span class='ocrx_word' id='word_1_540' title='bbox 3397 861 3477 909; x_wconf 88' lang='lat' dir='ltr'><strong>es,</strong></span> 
     </span>
    </p>
   </div>
   <div class='ocr_carea' id='block_1_67' title="bbox 1894 921 3478 1004">
    <p class='ocr_par' dir='ltr' id='par_1_67' title="bbox 1894 921 3478 1004">
     <span class='ocr_line' id='line_1_67' title="bbox 1894 921 3478 1004; baseline 0.015 -34"><span class='ocrx_word' id='word_1_541' title='bbox 1894 928 2147 986; x_wconf 87' lang='lat' dir='ltr'><strong>quantmn</strong></span> <span class='ocrx_word' id='word_1_542' title='bbox 2188 921 2443 978; x_wconf 89' lang='lat' dir='ltr'><strong>Dominus</strong></span> <span class='ocrx_word' id='word_1_543' title='bbox 2470 933 2610 993; x_wconf 91' lang='lat' dir='ltr'><strong>tuus,</strong></span> <span class='ocrx_word' id='word_1_544' title='bbox 2641 927 2870 995; x_wconf 89' lang='lat' dir='ltr'><strong>vinetus,</strong></span> <span class='ocrx_word' id='word_1_545' title='bbox 2902 933 3142 1002; x_wconf 87' lang='lat' dir='ltr'><strong>colaphis</strong></span> <span class='ocrx_word' id='word_1_546' title='bbox 3167 952 3359 1004; x_wconf 61' lang='lat' dir='ltr'><strong>caesus,</strong></span> <span class='ocrx_word' id='word_1_547' title='bbox 3385 939 3478 994; x_wconf 61' lang='lat' dir='ltr'><strong>flao</strong></span> 
     </span>
    </p>
   </div>
   <div class='ocr_carea' id='block_1_68' title="bbox 1894 1013 3477 1095">
    <p class='ocr_par' dir='ltr' id='par_1_68' title="bbox 1894 1013 3477 1095">
     <span class='ocr_line' id='line_1_68' title="bbox 1894 1013 3477 1095; baseline 0.013 -31"><span class='ocrx_word' id='word_1_548' title='bbox 1894 1013 2136 1082; x_wconf 87' lang='lat' dir='ltr'><strong>gellatus,</strong></span> <span class='ocrx_word' id='word_1_549' title='bbox 2166 1030 2193 1067; x_wconf 90' lang='lat' dir='ltr'><strong>a</strong></span> <span class='ocrx_word' id='word_1_550' title='bbox 2224 1017 2396 1074; x_wconf 79' lang='lat' dir='ltr'><strong>servis</strong></span> <span class='ocrx_word' id='word_1_551' title='bbox 2417 1030 2732 1089; x_wconf 90' lang='lat' dir='ltr'><strong>consputus,</strong></span> <span class='ocrx_word' id='word_1_552' title='bbox 2762 1015 2987 1080; x_wconf 81' lang='lat' dir='ltr'><strong>mortem</strong></span> <span class='ocrx_word' id='word_1_553' title='bbox 3011 1042 3218 1095; x_wconf 88' lang='lat' dir='ltr'><strong>passus,</strong></span> <span class='ocrx_word' id='word_1_554' title='bbox 3250 1043 3477 1086; x_wconf 88' lang='lat' dir='ltr'><strong>mortem</strong></span> 
     </span>
    </p>
   </div>
   <div class='ocr_carea' id='block_1_69' title="bbox 1895 1105 3478 1185">
    <p class='ocr_par' dir='ltr' id='par_1_69' title="bbox 1895 1105 3478 1185">
     <span class='ocr_line' id='line_1_69' title="bbox 1895 1105 3478 1185; baseline 0.015 -29"><span class='ocrx_word' id='word_1_555' title='bbox 1895 1105 2133 1158; x_wconf 91' lang='lat' dir='ltr'><strong>omnium</strong></span> <span class='ocrx_word' id='word_1_556' title='bbox 2167 1109 2525 1177; x_wconf 88' lang='lat' dir='ltr'><strong>turpissimam</strong></span> <span class='ocrx_word' id='word_1_557' title='bbox 2551 1154 2565 1178; x_wconf 91' lang='lat'><strong>,</strong></span> <span class='ocrx_word' id='word_1_558' title='bbox 2597 1112 2757 1184; x_wconf 89' lang='lat' dir='ltr'><strong>idque</strong></span> <span class='ocrx_word' id='word_1_559' title='bbox 2802 1126 2924 1185; x_wconf 90' lang='lat' dir='ltr'><strong>post</strong></span> <span class='ocrx_word' id='word_1_560' title='bbox 2953 1119 3102 1174; x_wconf 83' lang='lat' dir='ltr'><strong>mille</strong></span> <span class='ocrx_word' id='word_1_561' title='bbox 3136 1121 3279 1176; x_wconf 89' lang='lat' dir='ltr'><strong>illata</strong></span> <span class='ocrx_word' id='word_1_562' title='bbox 3314 1123 3478 1179; x_wconf 85' lang='lat' dir='ltr'><strong>bene-</strong></span> 
     </span>
    </p>
   </div>
   <div class='ocr_carea' id='block_1_70' title="bbox 1898 1193 3480 1284">
    <p class='ocr_par' dir='ltr' id='par_1_70' title="bbox 1898 1193 3480 1284">
     <span class='ocr_line' id='line_1_70' title="bbox 1898 1193 3480 1284; baseline 0.016 -38"><span class='ocrx_word' id='word_1_563' title='bbox 1898 1193 2057 1248; x_wconf 85' lang='lat' dir='ltr'><strong>ficia?</strong></span> <span class='ocrx_word' id='word_1_564' title='bbox 2085 1196 2139 1250; x_wconf 91' lang='lat' dir='ltr'><strong>Si</strong></span> <span class='ocrx_word' id='word_1_565' title='bbox 2164 1213 2323 1267; x_wconf 90' lang='lat' dir='ltr'><strong>porro</strong></span> <span class='ocrx_word' id='word_1_566' title='bbox 2354 1201 2574 1257; x_wconf 82' lang='lat' dir='ltr'><strong>multum</strong></span> <span class='ocrx_word' id='word_1_567' title='bbox 2599 1204 2758 1260; x_wconf 83' lang='lat' dir='ltr'><strong>laesus</strong></span> <span class='ocrx_word' id='word_1_568' title='bbox 2785 1207 2889 1272; x_wconf 90' lang='lat' dir='ltr'><strong>sis,</strong></span> <span class='ocrx_word' id='word_1_569' title='bbox 2933 1208 3053 1264; x_wconf 89' lang='lat' dir='ltr'><strong>ideo</strong></span> <span class='ocrx_word' id='word_1_570' title='bbox 3088 1213 3320 1268; x_wconf 84' lang='lat' dir='ltr'><strong>maxime</strong></span> <span class='ocrx_word' id='word_1_571' title='bbox 3349 1215 3480 1284; x_wconf 88' lang='lat' dir='ltr'><strong>ipsis</strong></span> 
     </span>
    </p>
   </div>
   <div class='ocr_carea' id='block_1_71' title="bbox 1897 1285 3480 1367">
    <p class='ocr_par' dir='ltr' id='par_1_71' title="bbox 1897 1285 3480 1367">
     <span class='ocr_line' id='line_1_71' title="bbox 1897 1285 3480 1367; baseline 0.013 -27"><span class='ocrx_word' id='word_1_572' title='bbox 1897 1285 2152 1342; x_wconf 82' lang='lat' dir='ltr'><strong>beneficia</strong></span> <span class='ocrx_word' id='word_1_573' title='bbox 2173 1291 2376 1358; x_wconf 88' lang='lat' dir='ltr'><strong>confer,</strong></span> <span class='ocrx_word' id='word_1_574' title='bbox 2397 1303 2453 1348; x_wconf 92' lang='lat' dir='ltr'><strong>ut</strong></span> <span class='ocrx_word' id='word_1_575' title='bbox 2476 1303 2530 1349; x_wconf 92' lang='lat' dir='ltr'><strong>ct</strong></span> <span class='ocrx_word' id='word_1_576' title='bbox 2556 1296 2644 1350; x_wconf 91' lang='lat' dir='ltr'><strong>tibi</strong></span> <span class='ocrx_word' id='word_1_577' title='bbox 2673 1297 3085 1367; x_wconf 81' lang='lat' dir='ltr'><strong>splendidiorem</strong></span> <span class='ocrx_word' id='word_1_578' title='bbox 3115 1313 3296 1359; x_wconf 88' lang='lat' dir='ltr'><strong>nectas</strong></span> <span class='ocrx_word' id='word_1_579' title='bbox 3321 1321 3480 1361; x_wconf 91' lang='lat' dir='ltr'><strong>coro-</strong></span> 
     </span>
    </p>
   </div>
   <div class='ocr_carea' id='block_1_72' title="bbox 1897 1381 3478 1456">
    <p class='ocr_par' dir='ltr' id='par_1_72' title="bbox 1897 1381 3478 1456">
     <span class='ocr_line' id='line_1_72' title="bbox 1897 1381 3478 1456; baseline 0.014 -24"><span class='ocrx_word' id='word_1_580' title='bbox 1897 1395 2042 1446; x_wconf 89' lang='lat' dir='ltr'><strong>nam,</strong></span> <span class='ocrx_word' id='word_1_581' title='bbox 2073 1390 2127 1437; x_wconf 90' lang='lat' dir='ltr'><strong>et</strong></span> <span class='ocrx_word' id='word_1_582' title='bbox 2155 1381 2368 1438; x_wconf 82' lang='lat' dir='ltr'><strong>fratrem</strong></span> <span class='ocrx_word' id='word_1_583' title='bbox 2392 1401 2421 1438; x_wconf 88' lang='lat' dir='ltr'><strong>a</strong></span> <span class='ocrx_word' id='word_1_584' title='bbox 2443 1388 2755 1456; x_wconf 86' lang='lat' dir='ltr'><strong>gravissimo</strong></span> <span class='ocrx_word' id='word_1_585' title='bbox 2782 1392 2971 1447; x_wconf 90' lang='lat' dir='ltr'><strong>morbo</strong></span> <span class='ocrx_word' id='word_1_586' title='bbox 3013 1394 3227 1451; x_wconf 78' lang='lat' dir='ltr'><strong>liberes.</strong></span> <span class='ocrx_word' id='word_1_587' title='bbox 3267 1397 3396 1451; x_wconf 85' lang='lat' dir='ltr'><strong>Nam</strong></span> <span class='ocrx_word' id='word_1_588' title='bbox 3423 1409 3478 1454; x_wconf 90' lang='lat' dir='ltr'><strong>et</strong></span> 
     </span>
    </p>
   </div>
   <div class='ocr_carea' id='block_1_73' title="bbox 1898 1473 3481 1559">
    <p class='ocr_par' dir='ltr' id='par_1_73' title="bbox 1898 1473 3481 1559">
     <span class='ocr_line' id='line_1_73' title="bbox 1898 1473 3481 1559; baseline 0.013 -34"><span class='ocrx_word' id='word_1_589' title='bbox 1898 1473 2124 1543; x_wconf 89' lang='lat' dir='ltr'><strong>medici,</strong></span> <span class='ocrx_word' id='word_1_590' title='bbox 2173 1479 2382 1548; x_wconf 84' lang='lat' dir='ltr'><strong>quando</strong></span> <span class='ocrx_word' id='word_1_591' title='bbox 2408 1481 2476 1536; x_wconf 91' lang='lat' dir='ltr'><strong>ab</strong></span> <span class='ocrx_word' id='word_1_592' title='bbox 2502 1496 2644 1553; x_wconf 78' lang='lat' dir='ltr'><strong>aegro</strong></span> <span class='ocrx_word' id='word_1_593' title='bbox 2673 1482 2882 1539; x_wconf 86' lang='lat' dir='ltr'><strong>furente</strong></span> <span class='ocrx_word' id='word_1_594' title='bbox 2908 1487 3143 1542; x_wconf 89' lang='lat' dir='ltr'><strong>calcibus</strong></span> <span class='ocrx_word' id='word_1_595' title='bbox 3191 1498 3244 1544; x_wconf 92' lang='lat' dir='ltr'><strong>et</strong></span> <span class='ocrx_word' id='word_1_596' title='bbox 3276 1490 3481 1559; x_wconf 88' lang='lat' dir='ltr'><strong>injuriis</strong></span> 
     </span>
    </p>
   </div>
   <div class='ocr_carea' id='block_1_74' title="bbox 1899 1570 3481 1648">
    <p class='ocr_par' dir='ltr' id='par_1_74' title="bbox 1899 1570 3481 1648">
     <span class='ocr_line' id='line_1_74' title="bbox 1899 1570 3481 1648; baseline 0.009 -24"><span class='ocrx_word' id='word_1_597' title='bbox 1899 1570 2249 1642; x_wconf 91' lang='lat' dir='ltr'><strong>impetuntur,</strong></span> <span class='ocrx_word' id='word_1_598' title='bbox 2297 1583 2421 1628; x_wconf 88' lang='lat' dir='ltr'><strong>tunc</strong></span> <span class='ocrx_word' id='word_1_599' title='bbox 2465 1576 2695 1632; x_wconf 88' lang='lat' dir='ltr'><strong>maxime</strong></span> <span class='ocrx_word' id='word_1_600' title='bbox 2741 1577 2885 1648; x_wconf 89' lang='lat' dir='ltr'><strong>ipsos</strong></span> <span class='ocrx_word' id='word_1_601' title='bbox 2936 1580 3278 1647; x_wconf 78' lang='lat' dir='ltr'><strong>miserantur,</strong></span> <span class='ocrx_word' id='word_1_602' title='bbox 3321 1593 3374 1638; x_wconf 93' lang='lat' dir='ltr'><strong>et</strong></span> <span class='ocrx_word' id='word_1_603' title='bbox 3414 1584 3481 1639; x_wconf 81' lang='lat' dir='ltr'><strong>al</strong></span> 
     </span>
    </p>
   </div>
   <div class='ocr_carea' id='block_1_75' title="bbox 1899 1666 3480 1745">
    <p class='ocr_par' dir='ltr' id='par_1_75' title="bbox 1899 1666 3480 1745">
     <span class='ocr_line' id='line_1_75' title="bbox 1899 1666 3480 1745; baseline 0.006 -26"><span class='ocrx_word' id='word_1_604' title='bbox 1899 1666 2179 1722; x_wconf 88' lang='lat' dir='ltr'><strong>sanitatem</strong></span> <span class='ocrx_word' id='word_1_605' title='bbox 2231 1667 2360 1737; x_wconf 90' lang='lat' dir='ltr'><strong>ipsis</strong></span> <span class='ocrx_word' id='word_1_606' title='bbox 2401 1668 2786 1723; x_wconf 88' lang='lat' dir='ltr'><strong>restituendam</strong></span> <span class='ocrx_word' id='word_1_607' title='bbox 2838 1685 2956 1726; x_wconf 90' lang='lat' dir='ltr'><strong>sese</strong></span> <span class='ocrx_word' id='word_1_608' title='bbox 3003 1683 3284 1742; x_wconf 85' lang='lat' dir='ltr'><strong>apparant,</strong></span> <span class='ocrx_word' id='word_1_609' title='bbox 3329 1676 3480 1745; x_wconf 85' lang='lat' dir='ltr'><strong>gnari</strong></span> 
     </span>
    </p>
   </div>
   <div class='ocr_carea' id='block_1_76' title="bbox 1899 1759 3481 1835">
    <p class='ocr_par' dir='ltr' id='par_1_76' title="bbox 1899 1759 3481 1835">
     <span class='ocr_line' id='line_1_76' title="bbox 1899 1759 3481 1835; baseline 0.007 -22"><span class='ocrx_word' id='word_1_610' title='bbox 1899 1759 2274 1815; x_wconf 91' lang='lat' dir='ltr'><strong>contumeliam</strong></span> <span class='ocrx_word' id='word_1_611' title='bbox 2302 1760 2444 1815; x_wconf 90' lang='lat' dir='ltr'><strong>illam</strong></span> <span class='ocrx_word' id='word_1_612' title='bbox 2474 1777 2503 1816; x_wconf 90' lang='lat' dir='ltr'><strong>a</strong></span> <span class='ocrx_word' id='word_1_613' title='bbox 2533 1762 2782 1822; x_wconf 82' lang='lat' dir='ltr'><strong>violentia</strong></span> <span class='ocrx_word' id='word_1_614' title='bbox 2814 1766 2982 1820; x_wconf 85' lang='lat' dir='ltr'><strong>morbi</strong></span> <span class='ocrx_word' id='word_1_615' title='bbox 3012 1767 3299 1835; x_wconf 87' lang='lat' dir='ltr'><strong>proficisci.</strong></span> <span class='ocrx_word' id='word_1_616' title='bbox 3331 1769 3397 1823; x_wconf 84' lang='lat' dir='ltr'><strong>Et</strong></span> <span class='ocrx_word' id='word_1_617' title='bbox 3425 1780 3481 1824; x_wconf 81' lang='lat' dir='ltr'><strong>tu</strong></span> 
     </span>
    </p>
   </div>
   <div class='ocr_carea' id='block_1_77' title="bbox 1900 1851 3482 1925">
    <p class='ocr_par' dir='ltr' id='par_1_77' title="bbox 1900 1851 3482 1925">
     <span class='ocr_line' id='line_1_77' title="bbox 1900 1851 3482 1925; baseline 0.006 -19"><span class='ocrx_word' id='word_1_618' title='bbox 1900 1851 2078 1922; x_wconf 88' lang='lat' dir='ltr'><strong>itaque</strong></span> <span class='ocrx_word' id='word_1_619' title='bbox 2110 1851 2245 1907; x_wconf 89' lang='lat' dir='ltr'><strong>hanc</strong></span> <span class='ocrx_word' id='word_1_620' title='bbox 2270 1853 2412 1908; x_wconf 87' lang='lat' dir='ltr'><strong>circa</strong></span> <span class='ocrx_word' id='word_1_621' title='bbox 2433 1853 2768 1910; x_wconf 89' lang='lat' dir='ltr'><strong>insidiatores</strong></span> <span class='ocrx_word' id='word_1_622' title='bbox 2793 1864 2971 1911; x_wconf 88' lang='lat' dir='ltr'><strong>teneto</strong></span> <span class='ocrx_word' id='word_1_623' title='bbox 2995 1862 3311 1914; x_wconf 88' lang='lat' dir='ltr'><strong>sententiam</strong></span> <span class='ocrx_word' id='word_1_624' title='bbox 3337 1903 3352 1925; x_wconf 95' lang='lat'><strong>,</strong></span> <span class='ocrx_word' id='word_1_625' title='bbox 3381 1861 3482 1916; x_wconf 75' lang='grc' dir='ltr'><strong>εἰο-</strong></span> 
     </span>
    </p>
   </div>
   <div class='ocr_carea' id='block_1_78' title="bbox 1900 1950 3482 2024">
    <p class='ocr_par' dir='ltr' id='par_1_78' title="bbox 1900 1950 3482 2024">
     <span class='ocr_line' id='line_1_78' title="bbox 1900 1950 3482 2024; baseline 0.004 -21"><span class='ocrx_word' id='word_1_626' title='bbox 1900 1966 2005 2021; x_wconf 92' lang='lat' dir='ltr'><strong>que</strong></span> <span class='ocrx_word' id='word_1_627' title='bbox 2049 1966 2172 2021; x_wconf 86' lang='lat' dir='ltr'><strong>erga</strong></span> <span class='ocrx_word' id='word_1_628' title='bbox 2220 1950 2474 2006; x_wconf 63' lang='lat' dir='ltr'><strong>[ardentes</strong></span> <span class='ocrx_word' id='word_1_629' title='bbox 2503 1963 2554 2006; x_wconf 90' lang='lat' dir='ltr'><strong>te</strong></span> <span class='ocrx_word' id='word_1_630' title='bbox 2579 1967 2734 2022; x_wconf 85' lang='lat' dir='ltr'><strong>geras</strong></span> <span class='ocrx_word' id='word_1_631' title='bbox 2769 1970 2781 2006; x_wconf 94' lang='lat'><strong>:</strong></span> <span class='ocrx_word' id='word_1_632' title='bbox 2821 1953 2893 2006; x_wconf 88' lang='lat' dir='ltr'><strong>illi</strong></span> <span class='ocrx_word' id='word_1_633' title='bbox 2938 1969 3170 2024; x_wconf 89' lang='lat' dir='ltr'><strong>namque</strong></span> <span class='ocrx_word' id='word_1_634' title='bbox 3216 1965 3341 2009; x_wconf 90' lang='lat' dir='ltr'><strong>sunt</strong></span> <span class='ocrx_word' id='word_1_635' title='bbox 3394 1958 3482 2024; x_wconf 89' lang='lat' dir='ltr'><strong>qni</strong></span> 
     </span>
    </p>
   </div>
   <div class='ocr_carea' id='block_1_79' title="bbox 1902 2044 3483 2115">
    <p class='ocr_par' dir='ltr' id='par_1_79' title="bbox 1902 2044 3483 2115">
     <span class='ocr_line' id='line_1_79' title="bbox 1902 2044 3483 2115; baseline 0.004 -20"><span class='ocrx_word' id='word_1_636' title='bbox 1902 2059 2028 2098; x_wconf 88' lang='lat' dir='ltr'><strong>vere</strong></span> <span class='ocrx_word' id='word_1_637' title='bbox 2051 2045 2236 2099; x_wconf 90' lang='lat' dir='ltr'><strong>morbo</strong></span> <span class='ocrx_word' id='word_1_638' title='bbox 2259 2044 2500 2099; x_wconf 86' lang='lat' dir='ltr'><strong>laborant</strong></span> <span class='ocrx_word' id='word_1_639' title='bbox 2527 2055 2583 2099; x_wconf 92' lang='lat' dir='ltr'><strong>ct</strong></span> <span class='ocrx_word' id='word_1_640' title='bbox 2604 2044 2706 2098; x_wconf 89' lang='lat' dir='ltr'><strong>vim</strong></span> <span class='ocrx_word' id='word_1_641' title='bbox 2733 2045 3007 2115; x_wconf 88' lang='lat' dir='ltr'><strong>patiuntur</strong></span> <span class='ocrx_word' id='word_1_642' title='bbox 3031 2062 3263 2102; x_wconf 88' lang='lat' dir='ltr'><strong>omnem.</strong></span> <span class='ocrx_word' id='word_1_643' title='bbox 3293 2049 3483 2104; x_wconf 86' lang='lat' dir='ltr'><strong>Libera</strong></span> 
     </span>
    </p>
   </div>
   <div class='ocr_carea' id='block_1_80' title="bbox 1906 2135 3484 2208">
    <p class='ocr_par' dir='ltr' id='par_1_80' title="bbox 1906 2135 3484 2208">
     <span class='ocr_line' id='line_1_80' title="bbox 1906 2135 3484 2208; baseline 0.003 -19"><span class='ocrx_word' id='word_1_644' title='bbox 1906 2135 2064 2206; x_wconf 87' lang='lat' dir='ltr'><strong>igitur</strong></span> <span class='ocrx_word' id='word_1_645' title='bbox 2091 2151 2210 2190; x_wconf 91' lang='lat' dir='ltr'><strong>eum</strong></span> <span class='ocrx_word' id='word_1_646' title='bbox 2243 2151 2271 2189; x_wconf 90' lang='lat' dir='ltr'><strong>a</strong></span> <span class='ocrx_word' id='word_1_647' title='bbox 2297 2136 2444 2206; x_wconf 86' lang='lat' dir='ltr'><strong>gravi</strong></span> <span class='ocrx_word' id='word_1_648' title='bbox 2469 2137 2569 2190; x_wconf 91' lang='lat' dir='ltr'><strong>isto</strong></span> <span class='ocrx_word' id='word_1_649' title='bbox 2592 2135 2810 2202; x_wconf 85' lang='lat' dir='ltr'><strong>damno,</strong></span> <span class='ocrx_word' id='word_1_650' title='bbox 2836 2145 2890 2191; x_wconf 90' lang='lat' dir='ltr'><strong>et</strong></span> <span class='ocrx_word' id='word_1_651' title='bbox 2917 2136 2984 2194; x_wconf 85' lang='lat' dir='ltr'><strong>da</strong></span> <span class='ocrx_word' id='word_1_652' title='bbox 3011 2152 3229 2208; x_wconf 87' lang='lat' dir='ltr'><strong>Operam</strong></span> <span class='ocrx_word' id='word_1_653' title='bbox 3269 2151 3326 2194; x_wconf 90' lang='lat' dir='ltr'><strong>ut</strong></span> <span class='ocrx_word' id='word_1_654' title='bbox 3352 2141 3484 2194; x_wconf 84' lang='lat' dir='ltr'><strong>iram</strong></span> 
     </span>
    </p>
   </div>
   <div class='ocr_carea' id='block_1_81' title="bbox 1903 2226 3486 2301">
    <p class='ocr_par' dir='ltr' id='par_1_81' title="bbox 1903 2226 3486 2301">
     <span class='ocr_line' id='line_1_81' title="bbox 1903 2226 3486 2301; baseline 0.003 -19"><span class='ocrx_word' id='word_1_655' title='bbox 1903 2226 2175 2293; x_wconf 89' lang='lat' dir='ltr'><strong>remittat;</strong></span> <span class='ocrx_word' id='word_1_656' title='bbox 2202 2244 2231 2282; x_wconf 90' lang='lat' dir='ltr'><strong>a</strong></span> <span class='ocrx_word' id='word_1_657' title='bbox 2252 2243 2397 2283; x_wconf 73' lang='grc' dir='ltr'><strong>εωνο</strong></span> <span class='ocrx_word' id='word_1_658' title='bbox 2417 2227 2682 2294; x_wconf 81' lang='lat' dir='ltr'><strong>daemone,</strong></span> <span class='ocrx_word' id='word_1_659' title='bbox 2715 2244 2906 2299; x_wconf 89' lang='lat' dir='ltr'><strong>nempe</strong></span> <span class='ocrx_word' id='word_1_660' title='bbox 2933 2230 3133 2298; x_wconf 92' lang='lat' dir='ltr'><strong>furore,</strong></span> <span class='ocrx_word' id='word_1_661' title='bbox 3157 2233 3324 2301; x_wconf 89' lang='lat' dir='ltr'><strong>eripe.</strong></span> <span class='ocrx_word' id='word_1_662' title='bbox 3353 2232 3486 2287; x_wconf 80' lang='lat' dir='ltr'><strong>Nam</strong></span> 
     </span>
    </p>
   </div>
   <div class='ocr_carea' id='block_1_82' title="bbox 1905 2320 3486 2395">
    <p class='ocr_par' dir='ltr' id='par_1_82' title="bbox 1905 2320 3486 2395">
     <span class='ocr_line' id='line_1_82' title="bbox 1905 2320 3486 2395; baseline 0.003 -19"><span class='ocrx_word' id='word_1_663' title='bbox 1905 2336 2028 2376; x_wconf 91' lang='lat' dir='ltr'><strong>cum</strong></span> <span class='ocrx_word' id='word_1_664' title='bbox 2058 2320 2418 2376; x_wconf 71' lang='lat' dir='ltr'><strong>dmnioniacos</strong></span> <span class='ocrx_word' id='word_1_665' title='bbox 2447 2322 2711 2388; x_wconf 88' lang='lat' dir='ltr'><strong>videmus,</strong></span> <span class='ocrx_word' id='word_1_666' title='bbox 2753 2321 3143 2393; x_wconf 86' lang='lat' dir='ltr'><strong>lacrymamur,</strong></span> <span class='ocrx_word' id='word_1_667' title='bbox 3174 2340 3348 2395; x_wconf 88' lang='lat' dir='ltr'><strong>neque</strong></span> <span class='ocrx_word' id='word_1_668' title='bbox 3375 2335 3486 2380; x_wconf 78' lang='lat' dir='ltr'><strong>stu-</strong></span> 
     </span>
    </p>
   </div>
   <div class='ocr_carea' id='block_1_83' title="bbox 1904 2413 3486 2487">
    <p class='ocr_par' dir='ltr' id='par_1_83' title="bbox 1904 2413 3486 2487">
     <span class='ocr_line' id='line_1_83' title="bbox 1904 2413 3486 2487; baseline 0.003 -19"><span class='ocrx_word' id='word_1_669' title='bbox 1904 2413 2094 2470; x_wconf 89' lang='lat' dir='ltr'><strong>demus</strong></span> <span class='ocrx_word' id='word_1_670' title='bbox 2139 2414 2238 2484; x_wconf 89' lang='lat' dir='ltr'><strong>ipsi</strong></span> <span class='ocrx_word' id='word_1_671' title='bbox 2267 2428 2298 2468; x_wconf 91' lang='lat' dir='ltr'><strong>a</strong></span> <span class='ocrx_word' id='word_1_672' title='bbox 2328 2413 2571 2470; x_wconf 73' lang='lat' dir='ltr'><strong>dremone</strong></span> <span class='ocrx_word' id='word_1_673' title='bbox 2611 2413 2818 2483; x_wconf 86' lang='lat' dir='ltr'><strong>agitari.</strong></span> <span class='ocrx_word' id='word_1_674' title='bbox 2849 2414 2960 2468; x_wconf 29' lang='lat' dir='ltr'><strong>l‘loc</strong></span> <span class='ocrx_word' id='word_1_675' title='bbox 2987 2415 3144 2485; x_wconf 86' lang='lat' dir='ltr'><strong>igitur</strong></span> <span class='ocrx_word' id='word_1_676' title='bbox 3167 2431 3292 2487; x_wconf 88' lang='lat' dir='ltr'><strong>erga</strong></span> <span class='ocrx_word' id='word_1_677' title='bbox 3321 2417 3486 2474; x_wconf 89' lang='lat' dir='ltr'><strong>iratos</strong></span> 
     </span>
    </p>
   </div>
   <div class='ocr_carea' id='block_1_84' title="bbox 1905 2507 3488 2578">
    <p class='ocr_par' dir='ltr' id='par_1_84' title="bbox 1905 2507 3488 2578">
     <span class='ocr_line' id='line_1_84' title="bbox 1905 2507 3488 2578; baseline 0.003 -16"><span class='ocrx_word' id='word_1_678' title='bbox 1905 2524 2045 2564; x_wconf 91' lang='lat' dir='ltr'><strong>nunc</strong></span> <span class='ocrx_word' id='word_1_679' title='bbox 2059 2507 2342 2574; x_wconf 90' lang='lat' dir='ltr'><strong>faciamus;</strong></span> <span class='ocrx_word' id='word_1_680' title='bbox 2366 2523 2489 2563; x_wconf 89' lang='lat' dir='ltr'><strong>nam</strong></span> <span class='ocrx_word' id='word_1_681' title='bbox 2515 2509 2576 2563; x_wconf 90' lang='lat' dir='ltr'><strong>iis</strong></span> <span class='ocrx_word' id='word_1_682' title='bbox 2598 2509 2797 2571; x_wconf 87' lang='lat' dir='ltr'><strong>similes</strong></span> <span class='ocrx_word' id='word_1_683' title='bbox 2817 2519 2940 2564; x_wconf 91' lang='lat' dir='ltr'><strong>sunt</strong></span> <span class='ocrx_word' id='word_1_684' title='bbox 2964 2510 3230 2578; x_wconf 87' lang='lat' dir='ltr'><strong>iracundi;</strong></span> <span class='ocrx_word' id='word_1_685' title='bbox 3255 2509 3363 2566; x_wconf 87' lang='lat' dir='ltr'><strong>imo</strong></span> <span class='ocrx_word' id='word_1_686' title='bbox 3385 2511 3488 2568; x_wconf 79' lang='lat' dir='ltr'><strong>illis</strong></span> 
     </span>
    </p>
   </div>
   <div class='ocr_carea' id='block_1_85' title="bbox 1905 2601 3489 2673">
    <p class='ocr_par' dir='ltr' id='par_1_85' title="bbox 1905 2601 3489 2673">
     <span class='ocr_line' id='line_1_85' title="bbox 1905 2601 3489 2673; baseline 0.003 -17"><span class='ocrx_word' id='word_1_687' title='bbox 1905 2601 2211 2656; x_wconf 89' lang='lat' dir='ltr'><strong>miseriores</strong></span> <span class='ocrx_word' id='word_1_688' title='bbox 2261 2608 2427 2667; x_wconf 88' lang='lat' dir='ltr'><strong>sunt,</strong></span> <span class='ocrx_word' id='word_1_689' title='bbox 2477 2601 2567 2670; x_wconf 88' lang='lat' dir='ltr'><strong>qui</strong></span> <span class='ocrx_word' id='word_1_690' title='bbox 2618 2601 2865 2656; x_wconf 89' lang='lat' dir='ltr'><strong>sensibus</strong></span> <span class='ocrx_word' id='word_1_691' title='bbox 2912 2601 3134 2673; x_wconf 84' lang='lat' dir='ltr'><strong>integris</strong></span> <span class='ocrx_word' id='word_1_692' title='bbox 3188 2603 3489 2661; x_wconf 75' lang='lat' dir='ltr'><strong>insaniunt.</strong></span> 
     </span>
    </p>
   </div>
   <div class='ocr_carea' id='block_1_86' title="bbox 1905 2691 3485 2762">
    <p class='ocr_par' dir='ltr' id='par_1_86' title="bbox 1905 2691 3485 2762">
     <span class='ocr_line' id='line_1_86' title="bbox 1905 2691 3485 2762; baseline 0.001 -15"><span class='ocrx_word' id='word_1_693' title='bbox 1905 2691 2262 2762; x_wconf 87' lang='lat' dir='ltr'><strong>Quamobrem</strong></span> <span class='ocrx_word' id='word_1_694' title='bbox 2313 2691 2527 2745; x_wconf 89' lang='lat' dir='ltr'><strong>illorum</strong></span> <span class='ocrx_word' id='word_1_695' title='bbox 2555 2691 2786 2745; x_wconf 88' lang='lat' dir='ltr'><strong>amentia</strong></span> <span class='ocrx_word' id='word_1_696' title='bbox 2818 2692 3024 2747; x_wconf 87' lang='lat' dir='ltr'><strong>veniam</strong></span> <span class='ocrx_word' id='word_1_697' title='bbox 3071 2709 3177 2748; x_wconf 90' lang='lat' dir='ltr'><strong>non</strong></span> <span class='ocrx_word' id='word_1_698' title='bbox 3222 2704 3485 2750; x_wconf 90' lang='lat' dir='ltr'><strong>meretur.</strong></span> 
     </span>
    </p>
   </div>
   <div class='ocr_carea' id='block_1_87' title="bbox 1979 2784 3492 2864">
    <p class='ocr_par' dir='ltr' id='par_1_87' title="bbox 1979 2784 3492 2864">
     <span class='ocr_line' id='line_1_87' title="bbox 1979 2784 3492 2864; baseline 0.002 -21"><span class='ocrx_word' id='word_1_699' title='bbox 1979 2787 2032 2843; x_wconf 82' lang='lat'><strong>5.</strong></span> <span class='ocrx_word' id='word_1_700' title='bbox 2071 2784 2149 2842; x_wconf 82' lang='lat' dir='ltr'><strong>Ne</strong></span> <span class='ocrx_word' id='word_1_701' title='bbox 2187 2786 2362 2856; x_wconf 88' lang='lat' dir='ltr'><strong>itaque</strong></span> <span class='ocrx_word' id='word_1_702' title='bbox 2381 2784 2642 2864; x_wconf 83' lang='lat' dir='ltr'><strong>jacentem</strong></span> <span class='ocrx_word' id='word_1_703' title='bbox 2671 2785 2913 2852; x_wconf 88' lang='lat' dir='ltr'><strong>invadas,</strong></span> <span class='ocrx_word' id='word_1_704' title='bbox 2947 2787 3054 2843; x_wconf 89' lang='lat' dir='ltr'><strong>imo</strong></span> <span class='ocrx_word' id='word_1_705' title='bbox 3091 2789 3267 2857; x_wconf 90' lang='lat' dir='ltr'><strong>potius</strong></span> <span class='ocrx_word' id='word_1_706' title='bbox 3315 2791 3492 2859; x_wconf 89' lang='lat' dir='ltr'><strong>ipsum</strong></span> 
     </span>
    </p>
   </div>
   <div class='ocr_carea' id='block_1_88' title="bbox 1907 2877 3490 2952">
    <p class='ocr_par' dir='ltr' id='par_1_88' title="bbox 1907 2877 3490 2952">
     <span class='ocr_line' id='line_1_88' title="bbox 1907 2877 3490 2952; baseline 0.001 -18"><span class='ocrx_word' id='word_1_707' title='bbox 1907 2879 2186 2936; x_wconf 90' lang='lat' dir='ltr'><strong>miserare.</strong></span> <span class='ocrx_word' id='word_1_708' title='bbox 2208 2878 2342 2935; x_wconf 88' lang='lat' dir='ltr'><strong>Nam</strong></span> <span class='ocrx_word' id='word_1_709' title='bbox 2372 2879 2416 2934; x_wconf 92' lang='lat' dir='ltr'><strong>si</strong></span> <span class='ocrx_word' id='word_1_710' title='bbox 2447 2877 2747 2950; x_wconf 91' lang='lat' dir='ltr'><strong>quempiam</strong></span> <span class='ocrx_word' id='word_1_711' title='bbox 2775 2879 3052 2936; x_wconf 86' lang='lat' dir='ltr'><strong>videamus</strong></span> <span class='ocrx_word' id='word_1_712' title='bbox 3071 2895 3100 2934; x_wconf 91' lang='lat' dir='ltr'><strong>a</strong></span> <span class='ocrx_word' id='word_1_713' title='bbox 3125 2880 3230 2936; x_wconf 90' lang='lat' dir='ltr'><strong>bile</strong></span> <span class='ocrx_word' id='word_1_714' title='bbox 3257 2884 3490 2952; x_wconf 86' lang='lat' dir='ltr'><strong>exagita-</strong></span> 
     </span>
    </p>
   </div>
   <div class='ocr_carea' id='block_1_89' title="bbox 1911 2970 3492 3041">
    <p class='ocr_par' dir='ltr' id='par_1_89' title="bbox 1911 2970 3492 3041">
     <span class='ocr_line' id='line_1_89' title="bbox 1911 2970 3492 3041; baseline 0.001 -15"><span class='ocrx_word' id='word_1_715' title='bbox 1911 2981 2020 3026; x_wconf 92' lang='lat' dir='ltr'><strong>tum</strong></span> <span class='ocrx_word' id='word_1_716' title='bbox 2050 2979 2104 3026; x_wconf 91' lang='lat' dir='ltr'><strong>et</strong></span> <span class='ocrx_word' id='word_1_717' title='bbox 2131 2970 2391 3040; x_wconf 83' lang='lat' dir='ltr'><strong>vertigine</strong></span> <span class='ocrx_word' id='word_1_718' title='bbox 2414 2981 2648 3041; x_wconf 91' lang='lat' dir='ltr'><strong>captum,</strong></span> <span class='ocrx_word' id='word_1_719' title='bbox 2681 2985 2744 3026; x_wconf 90' lang='lat' dir='ltr'><strong>ac</strong></span> <span class='ocrx_word' id='word_1_720' title='bbox 2774 2986 2994 3041; x_wconf 90' lang='lat' dir='ltr'><strong>pravum</strong></span> <span class='ocrx_word' id='word_1_721' title='bbox 3039 2973 3186 3028; x_wconf 88' lang='lat' dir='ltr'><strong>illum</strong></span> <span class='ocrx_word' id='word_1_722' title='bbox 3210 2973 3492 3034; x_wconf 85' lang='lat' dir='ltr'><strong>humorem</strong></span> 
     </span>
    </p>
   </div>
   <div class='ocr_carea' id='block_1_90' title="bbox 1911 3047 3488 3135">
    <p class='ocr_par' dir='ltr' id='par_1_90' title="bbox 1911 3047 3488 3135">
     <span class='ocr_line' id='line_1_90' title="bbox 1911 3047 3488 3135; baseline -0.001 -16"><span class='ocrx_word' id='word_1_723' title='bbox 1911 3079 2164 3119; x_wconf 89' lang='lat' dir='ltr'><strong>evomere</strong></span> <span class='ocrx_word' id='word_1_724' title='bbox 2200 3062 2562 3130; x_wconf 86' lang='lat' dir='ltr'><strong>festinantem,</strong></span> <span class='ocrx_word' id='word_1_725' title='bbox 2591 3078 2808 3118; x_wconf 90' lang='lat' dir='ltr'><strong>manum</strong></span> <span class='ocrx_word' id='word_1_726' title='bbox 2834 3047 3173 3134; x_wconf 85' lang='lat' dir='ltr'><strong>porrigimus,</strong></span> <span class='ocrx_word' id='word_1_727' title='bbox 3200 3075 3253 3120; x_wconf 91' lang='lat' dir='ltr'><strong>et</strong></span> <span class='ocrx_word' id='word_1_728' title='bbox 3273 3064 3352 3120; x_wconf 90' lang='lat' dir='ltr'><strong>sic</strong></span> <span class='ocrx_word' id='word_1_729' title='bbox 3374 3068 3488 3135; x_wconf 82' lang='lat' dir='ltr'><strong>agi-</strong></span> 
     </span>
    </p>
   </div>
   <div class='ocr_carea' id='block_1_91' title="bbox 1916 3160 3493 3229">
    <p class='ocr_par' dir='ltr' id='par_1_91' title="bbox 1916 3160 3493 3229">
     <span class='ocr_line' id='line_1_91' title="bbox 1916 3160 3493 3229; baseline 0.007 -22"><span class='ocrx_word' id='word_1_730' title='bbox 1916 3162 2085 3208; x_wconf 62' lang='lat' dir='ltr'><strong>tatum</strong></span> <span class='ocrx_word' id='word_1_731' title='bbox 2105 3160 2708 3222; x_wconf 77' lang='lat' dir='ltr'><strong>sustentantus,etiamsi</strong></span> <span class='ocrx_word' id='word_1_732' title='bbox 2727 3160 2947 3228; x_wconf 84' lang='lat' dir='ltr'><strong>pallium</strong></span> <span class='ocrx_word' id='word_1_733' title='bbox 2968 3160 3338 3229; x_wconf 90' lang='lat' dir='ltr'><strong>inquinemus,</strong></span> <span class='ocrx_word' id='word_1_734' title='bbox 3354 3162 3493 3218; x_wconf 86' lang='lat' dir='ltr'><strong>nihil</strong></span> 
     </span>
    </p>
   </div>
   <div class='ocr_carea' id='block_1_92' title="bbox 1916 3237 3489 3325">
    <p class='ocr_par' dir='ltr' id='par_1_92' title="bbox 1916 3237 3489 3325">
     <span class='ocr_line' id='line_1_92' title="bbox 1916 3237 3489 3325; baseline 0.006 -24"><span class='ocrx_word' id='word_1_735' title='bbox 1916 3261 2206 3313; x_wconf 87' lang='lat' dir='ltr'><strong>curamus;</strong></span> <span class='ocrx_word' id='word_1_736' title='bbox 2263 3248 2355 3302; x_wconf 90' lang='lat' dir='ltr'><strong>sed</strong></span> <span class='ocrx_word' id='word_1_737' title='bbox 2387 3250 2438 3303; x_wconf 88' lang='lat' dir='ltr'><strong>id</strong></span> <span class='ocrx_word' id='word_1_738' title='bbox 2473 3251 2650 3305; x_wconf 90' lang='lat' dir='ltr'><strong>solum</strong></span> <span class='ocrx_word' id='word_1_739' title='bbox 2679 3237 2957 3316; x_wconf 68' lang='lat' dir='ltr'><strong>curamus,</strong></span> <span class='ocrx_word' id='word_1_740' title='bbox 3000 3263 3060 3307; x_wconf 91' lang='lat' dir='ltr'><strong>ut</strong></span> <span class='ocrx_word' id='word_1_741' title='bbox 3086 3254 3236 3309; x_wconf 90' lang='lat' dir='ltr'><strong>illum</strong></span> <span class='ocrx_word' id='word_1_742' title='bbox 3266 3271 3298 3310; x_wconf 89' lang='lat' dir='ltr'><strong>a</strong></span> <span class='ocrx_word' id='word_1_743' title='bbox 3338 3257 3489 3325; x_wconf 87' lang='lat' dir='ltr'><strong>gravi</strong></span> 
     </span>
    </p>
   </div>
   <div class='ocr_carea' id='block_1_93' title="bbox 1917 3337 3490 3418">
    <p class='ocr_par' dir='ltr' id='par_1_93' title="bbox 1917 3337 3490 3418">
     <span class='ocr_line' id='line_1_93' title="bbox 1917 3337 3490 3418; baseline 0.009 -28"><span class='ocrx_word' id='word_1_744' title='bbox 1917 3337 2229 3407; x_wconf 73' lang='lat' dir='ltr'><strong>hujasmodi</strong></span> <span class='ocrx_word' id='word_1_745' title='bbox 2260 3343 2510 3411; x_wconf 84' lang='lat' dir='ltr'><strong>angustia</strong></span> <span class='ocrx_word' id='word_1_746' title='bbox 2541 3359 2820 3400; x_wconf 83' lang='lat' dir='ltr'><strong>eruamus.</strong></span> <span class='ocrx_word' id='word_1_747' title='bbox 2858 3344 2970 3401; x_wconf 89' lang='lat' dir='ltr'><strong>Iloc</strong></span> <span class='ocrx_word' id='word_1_748' title='bbox 2993 3346 3174 3415; x_wconf 89' lang='lat' dir='ltr'><strong>itaque</strong></span> <span class='ocrx_word' id='word_1_749' title='bbox 3196 3363 3324 3418; x_wconf 87' lang='lat' dir='ltr'><strong>erga</strong></span> <span class='ocrx_word' id='word_1_750' title='bbox 3356 3349 3490 3404; x_wconf 92' lang='lat' dir='ltr'><strong>istos</strong></span> 
     </span>
    </p>
   </div>
   <div class='ocr_carea' id='block_1_94' title="bbox 1913 3429 3486 3510">
    <p class='ocr_par' dir='ltr' id='par_1_94' title="bbox 1913 3429 3486 3510">
     <span class='ocr_line' id='line_1_94' title="bbox 1913 3429 3486 3510; baseline 0.008 -26"><span class='ocrx_word' id='word_1_751' title='bbox 1913 3429 2074 3484; x_wconf 89' lang='lat' dir='ltr'><strong>etiam</strong></span> <span class='ocrx_word' id='word_1_752' title='bbox 2109 3445 2354 3501; x_wconf 84' lang='lat' dir='ltr'><strong>agamus,</strong></span> <span class='ocrx_word' id='word_1_753' title='bbox 2407 3444 2774 3491; x_wconf 89' lang='lat' dir='ltr'><strong>sustentemus</strong></span> <span class='ocrx_word' id='word_1_754' title='bbox 2824 3449 3101 3493; x_wconf 88' lang='lat' dir='ltr'><strong>vomentes</strong></span> <span class='ocrx_word' id='word_1_755' title='bbox 3147 3447 3202 3494; x_wconf 91' lang='lat' dir='ltr'><strong>et</strong></span> <span class='ocrx_word' id='word_1_756' title='bbox 3231 3441 3486 3510; x_wconf 78' lang='lat' dir='ltr'><strong>agitatas,</strong></span> 
     </span>
    </p>
   </div>
   <div class='ocr_carea' id='block_1_95' title="bbox 1913 3524 3486 3596">
    <p class='ocr_par' dir='ltr' id='par_1_95' title="bbox 1913 3524 3486 3596">
     <span class='ocr_line' id='line_1_95' title="bbox 1913 3524 3486 3596; baseline 0.008 -22"><span class='ocrx_word' id='word_1_757' title='bbox 1913 3537 2089 3592; x_wconf 89' lang='lat' dir='ltr'><strong>neque</strong></span> <span class='ocrx_word' id='word_1_758' title='bbox 2122 3524 2274 3592; x_wconf 90' lang='lat' dir='ltr'><strong>prius</strong></span> <span class='ocrx_word' id='word_1_759' title='bbox 2301 3525 2661 3591; x_wconf 87' lang='lat' dir='ltr'><strong>dimittamus,</strong></span> <span class='ocrx_word' id='word_1_760' title='bbox 2703 3543 2866 3596; x_wconf 89' lang='lat' dir='ltr'><strong>quam</strong></span> <span class='ocrx_word' id='word_1_761' title='bbox 2901 3529 3041 3584; x_wconf 89' lang='lat' dir='ltr'><strong>hanc</strong></span> <span class='ocrx_word' id='word_1_762' title='bbox 3067 3532 3486 3587; x_wconf 87' lang='lat' dir='ltr'><strong>amaritudinem</strong></span> 
     </span>
    </p>
   </div>
   <div class='ocr_carea' id='block_1_96' title="bbox 1912 3617 3489 3692">
    <p class='ocr_par' dir='ltr' id='par_1_96' title="bbox 1912 3617 3489 3692">
     <span class='ocr_line' id='line_1_96' title="bbox 1912 3617 3489 3692; baseline 0.004 -20"><span class='ocrx_word' id='word_1_763' title='bbox 1912 3631 2130 3672; x_wconf 89' lang='lat' dir='ltr'><strong>omnem</strong></span> <span class='ocrx_word' id='word_1_764' title='bbox 2153 3617 2522 3686; x_wconf 89' lang='lat' dir='ltr'><strong>deposuerint.</strong></span> <span class='ocrx_word' id='word_1_765' title='bbox 2583 3618 2650 3672; x_wconf 90' lang='lat' dir='ltr'><strong>Et</strong></span> <span class='ocrx_word' id='word_1_766' title='bbox 2685 3628 2816 3675; x_wconf 89' lang='lat' dir='ltr'><strong>tunc</strong></span> <span class='ocrx_word' id='word_1_767' title='bbox 2863 3621 2959 3675; x_wconf 88' lang='lat' dir='ltr'><strong>tibi</strong></span> <span class='ocrx_word' id='word_1_768' title='bbox 2982 3623 3183 3692; x_wconf 88' lang='lat' dir='ltr'><strong>gratias</strong></span> <span class='ocrx_word' id='word_1_769' title='bbox 3212 3623 3489 3680; x_wconf 91' lang='lat' dir='ltr'><strong>habebunt</strong></span> 
     </span>
    </p>
   </div>
   <div class='ocr_carea' id='block_1_97' title="bbox 1912 3708 3490 3784">
    <p class='ocr_par' dir='ltr' id='par_1_97' title="bbox 1912 3708 3490 3784">
     <span class='ocr_line' id='line_1_97' title="bbox 1912 3708 3490 3784; baseline 0.004 -23"><span class='ocrx_word' id='word_1_770' title='bbox 1912 3708 2196 3774; x_wconf 88' lang='lat' dir='ltr'><strong>maximas,</strong></span> <span class='ocrx_word' id='word_1_771' title='bbox 2216 3725 2338 3764; x_wconf 89' lang='lat' dir='ltr'><strong>cum</strong></span> <span class='ocrx_word' id='word_1_772' title='bbox 2363 3712 2666 3781; x_wconf 90' lang='lat' dir='ltr'><strong>quieverint</strong></span> <span class='ocrx_word' id='word_1_773' title='bbox 2688 3729 2702 3768; x_wconf 86' lang='lat'>:</span> <span class='ocrx_word' id='word_1_774' title='bbox 2733 3723 2863 3768; x_wconf 91' lang='lat' dir='ltr'><strong>tunc</strong></span> <span class='ocrx_word' id='word_1_775' title='bbox 2891 3711 2938 3768; x_wconf 89' lang='lat' dir='ltr'><strong>is</strong></span> <span class='ocrx_word' id='word_1_776' title='bbox 2961 3713 3104 3768; x_wconf 90' lang='lat' dir='ltr'><strong>clare</strong></span> <span class='ocrx_word' id='word_1_777' title='bbox 3123 3722 3434 3784; x_wconf 88' lang='lat' dir='ltr'><strong>cognoscet,</strong></span> <span class='ocrx_word' id='word_1_778' title='bbox 3459 3729 3490 3768; x_wconf 90' lang='lat' dir='ltr'><strong>a</strong></span> 
     </span>
    </p>
   </div>
   <div class='ocr_carea' id='block_1_98' title="bbox 1914 3805 3492 3876">
    <p class='ocr_par' dir='ltr' id='par_1_98' title="bbox 1914 3805 3492 3876">
     <span class='ocr_line' id='line_1_98' title="bbox 1914 3805 3492 3876; baseline 0.002 -19"><span class='ocrx_word' id='word_1_779' title='bbox 1914 3812 2115 3872; x_wconf 87' lang='lat' dir='ltr'><strong>quanta</strong></span> <span class='ocrx_word' id='word_1_780' title='bbox 2145 3805 2293 3859; x_wconf 89' lang='lat' dir='ltr'><strong>illum</strong></span> <span class='ocrx_word' id='word_1_781' title='bbox 2319 3806 2724 3874; x_wconf 86' lang='lat' dir='ltr'><strong>perturbatione</strong></span> <span class='ocrx_word' id='word_1_782' title='bbox 2753 3807 2983 3862; x_wconf 88' lang='lat' dir='ltr'><strong>erueris.</strong></span> <span class='ocrx_word' id='word_1_783' title='bbox 3024 3806 3086 3860; x_wconf 90' lang='lat' dir='ltr'><strong>Et</strong></span> <span class='ocrx_word' id='word_1_784' title='bbox 3120 3807 3248 3876; x_wconf 88' lang='lat' dir='ltr'><strong>quid</strong></span> <span class='ocrx_word' id='word_1_785' title='bbox 3279 3808 3399 3862; x_wconf 87' lang='lat' dir='ltr'><strong>dico</strong></span> <span class='ocrx_word' id='word_1_786' title='bbox 3421 3808 3492 3861; x_wconf 88' lang='lat' dir='ltr'><strong>ab</strong></span> 
     </span>
    </p>
   </div>
   <div class='ocr_carea' id='block_1_99' title="bbox 1914 3894 3491 3966">
    <p class='ocr_par' dir='ltr' id='par_1_99' title="bbox 1914 3894 3491 3966">
     <span class='ocr_line' id='line_1_99' title="bbox 1914 3894 3491 3966; baseline 0.003 -18"><span class='ocrx_word' id='word_1_787' title='bbox 1914 3894 2008 3948; x_wconf 92' lang='lat' dir='ltr'><strong>illo</strong></span> <span class='ocrx_word' id='word_1_788' title='bbox 2026 3895 2118 3949; x_wconf 92' lang='lat' dir='ltr'><strong>tibi</strong></span> <span class='ocrx_word' id='word_1_789' title='bbox 2137 3896 2362 3966; x_wconf 87' lang='lat' dir='ltr'><strong>gratiam</strong></span> <span class='ocrx_word' id='word_1_790' title='bbox 2384 3911 2502 3952; x_wconf 87' lang='lat' dir='ltr'><strong>esse</strong></span> <span class='ocrx_word' id='word_1_791' title='bbox 2526 3897 2860 3952; x_wconf 87' lang='lat' dir='ltr'><strong>referendam</strong></span> <span class='ocrx_word' id='word_1_792' title='bbox 2882 3897 3050 3951; x_wconf 86' lang='lat' dir='ltr'><strong>?Nam</strong></span> <span class='ocrx_word' id='word_1_793' title='bbox 3073 3907 3123 3953; x_wconf 92' lang='lat' dir='ltr'><strong>te</strong></span> <span class='ocrx_word' id='word_1_794' title='bbox 3146 3897 3286 3953; x_wconf 89' lang='lat' dir='ltr'><strong>Deus</strong></span> <span class='ocrx_word' id='word_1_795' title='bbox 3307 3899 3491 3953; x_wconf 90' lang='lat' dir='ltr'><strong>statim</strong></span> 
     </span>
    </p>
   </div>
   <div class='ocr_carea' id='block_1_100' title="bbox 1911 3984 3492 4056">
    <p class='ocr_par' dir='ltr' id='par_1_100' title="bbox 1911 3984 3492 4056">
     <span class='ocr_line' id='line_1_100' title="bbox 1911 3984 3492 4056; baseline -0.004 -11"><span class='ocrx_word' id='word_1_796' title='bbox 1911 3989 2208 4054; x_wconf 88' lang='lat' dir='ltr'><strong>coronabit,</strong></span> <span class='ocrx_word' id='word_1_797' title='bbox 2237 3998 2290 4045; x_wconf 91' lang='lat' dir='ltr'><strong>et</strong></span> <span class='ocrx_word' id='word_1_798' title='bbox 2318 3988 2609 4043; x_wconf 91' lang='lat' dir='ltr'><strong>innumeris</strong></span> <span class='ocrx_word' id='word_1_799' title='bbox 2641 3985 3002 4041; x_wconf 89' lang='lat' dir='ltr'><strong>remunerabit</strong></span> <span class='ocrx_word' id='word_1_800' title='bbox 3030 3985 3204 4052; x_wconf 88' lang='lat' dir='ltr'><strong>bonis,</strong></span> <span class='ocrx_word' id='word_1_801' title='bbox 3233 3985 3355 4056; x_wconf 87' lang='lat' dir='ltr'><strong>quia</strong></span> <span class='ocrx_word' id='word_1_802' title='bbox 3388 3984 3492 4039; x_wconf 86' lang='lat' dir='ltr'><strong>fra-</strong></span> 
     </span>
    </p>
   </div>
   <div class='ocr_carea' id='block_1_101' title="bbox 1914 4075 3585 4150">
    <p class='ocr_par' dir='ltr' id='par_1_101' title="bbox 1914 4075 3585 4150">
     <span class='ocr_line' id='line_1_101' title="bbox 1914 4075 3585 4150; baseline -0.005 -14"><span class='ocrx_word' id='word_1_803' title='bbox 1914 4091 2047 4137; x_wconf 88' lang='lat' dir='ltr'><strong>trem</strong></span> <span class='ocrx_word' id='word_1_804' title='bbox 2094 4091 2240 4135; x_wconf 88' lang='lat' dir='ltr'><strong>tuum</strong></span> <span class='ocrx_word' id='word_1_805' title='bbox 2270 4077 2924 4150; x_wconf 87' lang='lat' dir='ltr'><strong>agravimorholiberasti</strong></span> <span class='ocrx_word' id='word_1_806' title='bbox 2954 4094 2966 4130; x_wconf 93' lang='lat'><strong>:</strong></span> <span class='ocrx_word' id='word_1_807' title='bbox 3007 4076 3099 4131; x_wconf 87' lang='lat' dir='ltr'><strong>sed</strong></span> <span class='ocrx_word' id='word_1_808' title='bbox 3125 4075 3283 4130; x_wconf 89' lang='lat' dir='ltr'><strong>etiam</strong></span> <span class='ocrx_word' id='word_1_809' title='bbox 3329 4075 3415 4128; x_wconf 89' lang='lat' dir='ltr'><strong>ille</strong></span> <span class='ocrx_word' id='word_1_810' title='bbox 3443 4083 3493 4128; x_wconf 90' lang='lat' dir='ltr'><strong>te</strong></span> <span class='ocrx_word' id='word_1_811' title='bbox 3583 4084 3585 4086; x_wconf 83' lang='grc'><strong>·</strong></span> 
     </span>
    </p>
   </div>
   <div class='ocr_carea' id='block_1_102' title="bbox 1913 4165 3496 4233">
    <p class='ocr_par' dir='ltr' id='par_1_102' title="bbox 1913 4165 3496 4233">
     <span class='ocr_line' id='line_1_102' title="bbox 1913 4165 3496 4233; baseline -0.007 -6"><span class='ocrx_word' id='word_1_812' title='bbox 1913 4185 1970 4227; x_wconf 87' lang='lat' dir='ltr'><strong>ut</strong></span> <span class='ocrx_word' id='word_1_813' title='bbox 1998 4171 2271 4226; x_wconf 87' lang='lat' dir='ltr'><strong>dominum</strong></span> <span class='ocrx_word' id='word_1_814' title='bbox 2313 4169 2627 4233; x_wconf 89' lang='lat' dir='ltr'><strong>honorabit,</strong></span> <span class='ocrx_word' id='word_1_815' title='bbox 2657 4177 2799 4222; x_wconf 90' lang='lat' dir='ltr'><strong>tuam</strong></span> <span class='ocrx_word' id='word_1_816' title='bbox 2832 4167 3049 4221; x_wconf 87' lang='lat' dir='ltr'><strong>omnino</strong></span> <span class='ocrx_word' id='word_1_817' title='bbox 3079 4165 3338 4220; x_wconf 81' lang='lat' dir='ltr'><strong>reveritus</strong></span> <span class='ocrx_word' id='word_1_818' title='bbox 3383 4179 3496 4218; x_wconf 90' lang='lat' dir='ltr'><strong>mo-</strong></span> 
     </span>
    </p>
   </div>
   <div class='ocr_carea' id='block_1_103' title="bbox 1912 4249 3495 4327">
    <p class='ocr_par' dir='ltr' id='par_1_103' title="bbox 1912 4249 3495 4327">
     <span class='ocr_line' id='line_1_103' title="bbox 1912 4249 3495 4327; baseline -0.007 -9"><span class='ocrx_word' id='word_1_819' title='bbox 1912 4262 2264 4318; x_wconf 88' lang='lat' dir='ltr'><strong>derationem.</strong></span> <span class='ocrx_word' id='word_1_820' title='bbox 2296 4260 2486 4315; x_wconf 85' lang='lat' dir='ltr'><strong>Annon</strong></span> <span class='ocrx_word' id='word_1_821' title='bbox 2505 4259 2659 4314; x_wconf 89' lang='lat' dir='ltr'><strong>vides</strong></span> <span class='ocrx_word' id='word_1_822' title='bbox 2685 4257 2953 4327; x_wconf 89' lang='lat' dir='ltr'><strong>parientes</strong></span> <span class='ocrx_word' id='word_1_823' title='bbox 2974 4255 3246 4319; x_wconf 90' lang='lat' dir='ltr'><strong>mulieres,</strong></span> <span class='ocrx_word' id='word_1_824' title='bbox 3273 4249 3495 4324; x_wconf 86' lang='lat' dir='ltr'><strong>quomo-</strong></span> 
     </span>
    </p>
   </div>
   <div class='ocr_carea' id='block_1_104' title="bbox 1914 4349 3494 4415">
    <p class='ocr_par' dir='ltr' id='par_1_104' title="bbox 1914 4349 3494 4415">
     <span class='ocr_line' id='line_1_104' title="bbox 1914 4349 3494 4415; baseline -0.005 -5"><span class='ocrx_word' id='word_1_825' title='bbox 1914 4355 1983 4411; x_wconf 88' lang='lat' dir='ltr'><strong>do</strong></span> <span class='ocrx_word' id='word_1_826' title='bbox 2027 4355 2227 4409; x_wconf 88' lang='lat' dir='ltr'><strong>vicinas</strong></span> <span class='ocrx_word' id='word_1_827' title='bbox 2257 4353 2355 4408; x_wconf 91' lang='lat' dir='ltr'><strong>sibi</strong></span> <span class='ocrx_word' id='word_1_828' title='bbox 2380 4354 2679 4415; x_wconf 88' lang='lat' dir='ltr'><strong>mordeant,</strong></span> <span class='ocrx_word' id='word_1_829' title='bbox 2705 4360 2759 4407; x_wconf 91' lang='lat' dir='ltr'><strong>et</strong></span> <span class='ocrx_word' id='word_1_830' title='bbox 2781 4351 2882 4404; x_wconf 72' lang='lat' dir='ltr'><strong>illa:</strong></span> <span class='ocrx_word' id='word_1_831' title='bbox 2914 4358 3088 4404; x_wconf 84' lang='lat' dir='ltr'><strong>tamen</strong></span> <span class='ocrx_word' id='word_1_832' title='bbox 3121 4363 3225 4404; x_wconf 89' lang='lat' dir='ltr'><strong>non</strong></span> <span class='ocrx_word' id='word_1_833' title='bbox 3273 4349 3494 4403; x_wconf 88' lang='lat' dir='ltr'><strong>dolent?</strong></span> 
     </span>
    </p>
   </div>
   <div class='ocr_carea' id='block_1_105' title="bbox 1915 4440 3495 4514">
    <p class='ocr_par' dir='ltr' id='par_1_105' title="bbox 1915 4440 3495 4514">
     <span class='ocr_line' id='line_1_105' title="bbox 1915 4440 3495 4514; baseline -0.006 -12"><span class='ocrx_word' id='word_1_834' title='bbox 1915 4448 2024 4503; x_wconf 90' lang='lat' dir='ltr'><strong>lmo</strong></span> <span class='ocrx_word' id='word_1_835' title='bbox 2052 4447 2252 4511; x_wconf 89' lang='lat' dir='ltr'><strong>dolent,</strong></span> <span class='ocrx_word' id='word_1_836' title='bbox 2282 4446 2373 4500; x_wconf 87' lang='lat' dir='ltr'><strong>sed</strong></span> <span class='ocrx_word' id='word_1_837' title='bbox 2405 4443 2532 4498; x_wconf 90' lang='lat' dir='ltr'><strong>illud</strong></span> <span class='ocrx_word' id='word_1_838' title='bbox 2565 4444 2772 4498; x_wconf 86' lang='lat' dir='ltr'><strong>fortiter</strong></span> <span class='ocrx_word' id='word_1_839' title='bbox 2810 4443 3020 4507; x_wconf 91' lang='lat' dir='ltr'><strong>ferunt,</strong></span> <span class='ocrx_word' id='word_1_840' title='bbox 3070 4449 3124 4494; x_wconf 90' lang='lat' dir='ltr'><strong>et</strong></span> <span class='ocrx_word' id='word_1_841' title='bbox 3148 4440 3495 4514; x_wconf 85' lang='lat' dir='ltr'><strong>commisera-</strong></span> 
     </span>
    </p>
   </div>
   <div class='ocr_carea' id='block_1_106' title="bbox 1916 4533 3494 4608">
    <p class='ocr_par' dir='ltr' id='par_1_106' title="bbox 1916 4533 3494 4608">
     <span class='ocr_line' id='line_1_106' title="bbox 1916 4533 3494 4608; baseline -0.006 -13"><span class='ocrx_word' id='word_1_842' title='bbox 1916 4541 2062 4595; x_wconf 86' lang='lat' dir='ltr'><strong>tione</strong></span> <span class='ocrx_word' id='word_1_843' title='bbox 2087 4540 2352 4594; x_wconf 91' lang='lat' dir='ltr'><strong>ducuntur</strong></span> <span class='ocrx_word' id='word_1_844' title='bbox 2377 4553 2498 4608; x_wconf 88' lang='lat' dir='ltr'><strong>erga</strong></span> <span class='ocrx_word' id='word_1_845' title='bbox 2527 4536 2772 4592; x_wconf 90' lang='lat' dir='ltr'><strong>dolentes</strong></span> <span class='ocrx_word' id='word_1_846' title='bbox 2825 4543 2879 4590; x_wconf 89' lang='lat' dir='ltr'><strong>et</strong></span> <span class='ocrx_word' id='word_1_847' title='bbox 2925 4550 2954 4589; x_wconf 91' lang='lat' dir='ltr'><strong>a</strong></span> <span class='ocrx_word' id='word_1_848' title='bbox 3007 4542 3160 4605; x_wconf 83' lang='lat' dir='ltr'><strong>partu</strong></span> <span class='ocrx_word' id='word_1_849' title='bbox 3214 4533 3494 4589; x_wconf 88' lang='lat' dir='ltr'><strong>dissectas.</strong></span> 
     </span>
    </p>
   </div>
   <div class='ocr_carea' id='block_1_107' title="bbox 1917 4623 3496 4698">
    <p class='ocr_par' dir='ltr' id='par_1_107' title="bbox 1917 4623 3496 4698">
     <span class='ocr_line' id='line_1_107' title="bbox 1917 4623 3496 4698; baseline -0.006 -12"><span class='ocrx_word' id='word_1_850' title='bbox 1917 4632 2020 4686; x_wconf 73' lang='lat' dir='ltr'><strong>llas</strong></span> <span class='ocrx_word' id='word_1_851' title='bbox 2060 4640 2114 4684; x_wconf 85' lang='grc' dir='ltr'>ιιι</span> <span class='ocrx_word' id='word_1_852' title='bbox 2157 4644 2367 4698; x_wconf 88' lang='lat' dir='ltr'><strong>quoque</strong></span> <span class='ocrx_word' id='word_1_853' title='bbox 2411 4624 2622 4682; x_wconf 87' lang='lat' dir='ltr'><strong>imitare</strong></span> <span class='ocrx_word' id='word_1_854' title='bbox 2667 4643 2839 4697; x_wconf 89' lang='lat' dir='ltr'><strong>neque</strong></span> <span class='ocrx_word' id='word_1_855' title='bbox 2891 4627 2964 4680; x_wconf 90' lang='lat' dir='ltr'><strong>sis</strong></span> <span class='ocrx_word' id='word_1_856' title='bbox 3007 4627 3135 4695; x_wconf 89' lang='lat' dir='ltr'><strong>ipsis</strong></span> <span class='ocrx_word' id='word_1_857' title='bbox 3190 4623 3496 4678; x_wconf 88' lang='lat' dir='ltr'><strong>mulieribus</strong></span> 
     </span>
    </p>
   </div>
   <div class='ocr_carea' id='block_1_108' title="bbox 1917 4717 3497 4790">
    <p class='ocr_par' dir='ltr' id='par_1_108' title="bbox 1917 4717 3497 4790">
     <span class='ocr_line' id='line_1_108' title="bbox 1917 4717 3497 4790; baseline -0.006 -11"><span class='ocrx_word' id='word_1_858' title='bbox 1917 4725 2145 4779; x_wconf 89' lang='lat' dir='ltr'><strong>mollior.</strong></span> <span class='ocrx_word' id='word_1_859' title='bbox 2180 4723 2310 4778; x_wconf 80' lang='lat' dir='ltr'><strong>Cum</strong></span> <span class='ocrx_word' id='word_1_860' title='bbox 2335 4721 2475 4775; x_wconf 81' lang='lat' dir='ltr'><strong>enim</strong></span> <span class='ocrx_word' id='word_1_861' title='bbox 2519 4723 2822 4790; x_wconf 89' lang='lat' dir='ltr'><strong>pepererint</strong></span> <span class='ocrx_word' id='word_1_862' title='bbox 2849 4720 3100 4774; x_wconf 87' lang='lat' dir='ltr'><strong>mulieres</strong></span> <span class='ocrx_word' id='word_1_863' title='bbox 3129 4719 3240 4772; x_wconf 68' lang='lat' dir='ltr'><strong>Ialll‘.</strong></span> <span class='ocrx_word' id='word_1_864' title='bbox 3272 4717 3497 4788; x_wconf 84' lang='lat' dir='ltr'><strong>(mulie-</strong></span> 
     </span>
    </p>
   </div>
   <div class='ocr_carea' id='block_1_109' title="bbox 1918 4807 3495 4887">
    <p class='ocr_par' dir='ltr' id='par_1_109' title="bbox 1918 4807 3495 4887">
     <span class='ocr_line' id='line_1_109' title="bbox 1918 4807 3495 4887; baseline -0.009 -14"><span class='ocrx_word' id='word_1_865' title='bbox 1918 4819 2062 4874; x_wconf 87' lang='lat' dir='ltr'><strong>ribus</strong></span> <span class='ocrx_word' id='word_1_866' title='bbox 2096 4818 2290 4887; x_wconf 86' lang='lat' dir='ltr'><strong>quippe</strong></span> <span class='ocrx_word' id='word_1_867' title='bbox 2312 4823 2434 4870; x_wconf 89' lang='lat' dir='ltr'><strong>sunt</strong></span> <span class='ocrx_word' id='word_1_868' title='bbox 2472 4813 2544 4867; x_wconf 92' lang='lat' dir='ltr'><strong>illi</strong></span> <span class='ocrx_word' id='word_1_869' title='bbox 2573 4814 2700 4867; x_wconf 87' lang='lat' dir='ltr'><strong>rixis</strong></span> <span class='ocrx_word' id='word_1_870' title='bbox 2758 4812 3034 4868; x_wconf 89' lang='lat' dir='ltr'><strong>movendis</strong></span> <span class='ocrx_word' id='word_1_871' title='bbox 3079 4807 3495 4879; x_wconf 84' lang='lat' dir='ltr'><strong>promptiores),</strong></span> 
     </span>
    </p>
   </div>
   <div class='ocr_carea' id='block_1_110' title="bbox 1916 4899 3504 4978">
    <p class='ocr_par' dir='ltr' id='par_1_110' title="bbox 1916 4899 3504 4978">
     <span class='ocr_line' id='line_1_110' title="bbox 1916 4899 3504 4978; baseline -0.008 -12"><span class='ocrx_word' id='word_1_872' title='bbox 1916 4922 2041 4966; x_wconf 89' lang='lat' dir='ltr'><strong>tunc</strong></span> <span class='ocrx_word' id='word_1_873' title='bbox 2068 4921 2116 4966; x_wconf 91' lang='lat' dir='ltr'><strong>te</strong></span> <span class='ocrx_word' id='word_1_874' title='bbox 2149 4911 2319 4964; x_wconf 87' lang='lat' dir='ltr'><strong>virum</strong></span> <span class='ocrx_word' id='word_1_875' title='bbox 2371 4923 2489 4964; x_wconf 90' lang='lat' dir='ltr'><strong>esse</strong></span> <span class='ocrx_word' id='word_1_876' title='bbox 2517 4913 2859 4978; x_wconf 82' lang='lat' dir='ltr'><strong>cognoscent.</strong></span> <span class='ocrx_word' id='word_1_877' title='bbox 2909 4902 3058 4970; x_wconf 91' lang='lat' dir='ltr'><strong>Quod</strong></span> <span class='ocrx_word' id='word_1_878' title='bbox 3088 4902 3130 4954; x_wconf 80' lang='lat' dir='ltr'><strong>si</strong></span> <span class='ocrx_word' id='word_1_879' title='bbox 3159 4900 3342 4970; x_wconf 86' lang='lat' dir='ltr'><strong>gravia</strong></span> <span class='ocrx_word' id='word_1_880' title='bbox 3387 4899 3504 4953; x_wconf 68' lang='lat' dir='ltr'><strong>lucc</strong></span> 
     </span>
    </p>
   </div>
   <div class='ocr_carea' id='block_1_111' title="bbox 1920 4991 3502 5076">
    <p class='ocr_par' dir='ltr' id='par_1_111' title="bbox 1920 4991 3502 5076">
     <span class='ocr_line' id='line_1_111' title="bbox 1920 4991 3502 5076; baseline -0.01 -15"><span class='ocrx_word' id='word_1_881' title='bbox 1920 5013 2181 5076; x_wconf 71' lang='lat' dir='ltr'><strong>praecepta</strong></span> <span class='ocrx_word' id='word_1_882' title='bbox 2217 5012 2362 5067; x_wconf 89' lang='lat' dir='ltr'><strong>sunt,</strong></span> <span class='ocrx_word' id='word_1_883' title='bbox 2393 5001 2566 5071; x_wconf 87' lang='lat' dir='ltr'><strong>cogita</strong></span> <span class='ocrx_word' id='word_1_884' title='bbox 2595 5001 2714 5055; x_wconf 81' lang='lat' dir='ltr'><strong>ideo</strong></span> <span class='ocrx_word' id='word_1_885' title='bbox 2741 4997 2951 5052; x_wconf 85' lang='lat' dir='ltr'><strong>venisse</strong></span> <span class='ocrx_word' id='word_1_886' title='bbox 2977 4995 3270 5058; x_wconf 87' lang='lat' dir='ltr'><strong>Christum,</strong></span> <span class='ocrx_word' id='word_1_887' title='bbox 3303 5004 3358 5045; x_wconf 89' lang='lat' dir='ltr'><strong>nt</strong></span> <span class='ocrx_word' id='word_1_888' title='bbox 3389 4991 3502 5046; x_wconf 60' lang='lat' dir='ltr'><strong>hate</strong></span> 
     </span>
    </p>
   </div>
   <div class='ocr_carea' id='block_1_112' title="bbox 1918 5083 3503 5153">
    <p class='ocr_par' dir='ltr' id='par_1_112' title="bbox 1918 5083 3503 5153">
     <span class='ocr_line' id='line_1_112' title="bbox 1918 5083 3503 5153; baseline -0.009 -2"><span class='ocrx_word' id='word_1_889' title='bbox 1918 5098 1971 5152; x_wconf 93' lang='lat' dir='ltr'><strong>in</strong></span> <span class='ocrx_word' id='word_1_890' title='bbox 2002 5096 2193 5150; x_wconf 87' lang='lat' dir='ltr'><strong>animis</strong></span> <span class='ocrx_word' id='word_1_891' title='bbox 2226 5094 2424 5148; x_wconf 86' lang='lat' dir='ltr'><strong>nostris</strong></span> <span class='ocrx_word' id='word_1_892' title='bbox 2447 5094 2726 5153; x_wconf 80' lang='lat' dir='ltr'><strong>insereret,</strong></span> <span class='ocrx_word' id='word_1_893' title='bbox 2755 5097 2813 5143; x_wconf 92' lang='lat' dir='ltr'><strong>ut</strong></span> <span class='ocrx_word' id='word_1_894' title='bbox 2839 5103 2934 5141; x_wconf 90' lang='lat' dir='ltr'><strong>nos</strong></span> <span class='ocrx_word' id='word_1_895' title='bbox 2957 5094 3010 5140; x_wconf 90' lang='lat' dir='ltr'><strong>et</strong></span> <span class='ocrx_word' id='word_1_896' title='bbox 3029 5083 3216 5138; x_wconf 87' lang='lat' dir='ltr'><strong>amicis</strong></span> <span class='ocrx_word' id='word_1_897' title='bbox 3245 5093 3296 5138; x_wconf 89' lang='lat' dir='ltr'><strong>et</strong></span> <span class='ocrx_word' id='word_1_898' title='bbox 3325 5083 3503 5136; x_wconf 70' lang='grc' dir='ltr'><strong>ἱιιίιιιίι</strong></span> 
     </span>
    </p>
   </div>
   <div class='ocr_carea' id='block_1_113' title="bbox 1916 5174 3504 5246">
    <p class='ocr_par' dir='ltr' id='par_1_113' title="bbox 1916 5174 3504 5246">
     <span class='ocr_line' id='line_1_113' title="bbox 1916 5174 3504 5246; baseline -0.011 0"><span class='ocrx_word' id='word_1_899' title='bbox 1916 5192 1993 5246; x_wconf 90' lang='lat' dir='ltr'><strong>cis</strong></span> <span class='ocrx_word' id='word_1_900' title='bbox 2022 5191 2179 5245; x_wconf 86' lang='lat' dir='ltr'><strong>utiles</strong></span> <span class='ocrx_word' id='word_1_901' title='bbox 2205 5189 2464 5243; x_wconf 83' lang='lat' dir='ltr'><strong>efficeret.</strong></span> <span class='ocrx_word' id='word_1_902' title='bbox 2489 5175 2919 5240; x_wconf 70' lang='lat' dir='ltr'><strong>ldeo&#39;ambornm</strong></span> <span class='ocrx_word' id='word_1_903' title='bbox 2965 5191 3146 5233; x_wconf 88' lang='lat' dir='ltr'><strong>curam</strong></span> <span class='ocrx_word' id='word_1_904' title='bbox 3190 5190 3374 5246; x_wconf 84' lang='lat' dir='ltr'><strong>gerere</strong></span> <span class='ocrx_word' id='word_1_905' title='bbox 3410 5174 3504 5244; x_wconf 83' lang='lat' dir='ltr'><strong>ju-</strong></span> 
     </span>
    </p>
   </div>
   <div class='ocr_carea' id='block_1_114' title="bbox 1917 5266 3507 5348">
    <p class='ocr_par' dir='ltr' id='par_1_114' title="bbox 1917 5266 3507 5348">
     <span class='ocr_line' id='line_1_114' title="bbox 1917 5266 3507 5348; baseline -0.013 -11"><span class='ocrx_word' id='word_1_906' title='bbox 1917 5283 2049 5348; x_wconf 85' lang='lat' dir='ltr'><strong>bet;</strong></span> <span class='ocrx_word' id='word_1_907' title='bbox 2104 5281 2348 5344; x_wconf 88' lang='lat' dir='ltr'><strong>fratrum,</strong></span> <span class='ocrx_word' id='word_1_908' title='bbox 2379 5293 2499 5332; x_wconf 91' lang='lat' dir='ltr'><strong>cum</strong></span> <span class='ocrx_word' id='word_1_909' title='bbox 2562 5274 2720 5338; x_wconf 88' lang='lat' dir='ltr'><strong>dicit,</strong></span> <span class='ocrx_word' id='word_1_910' title='bbox 2775 5271 2834 5326; x_wconf 91' lang='lat' dir='ltr'><strong>Si</strong></span> <span class='ocrx_word' id='word_1_911' title='bbox 2883 5266 3035 5336; x_wconf 59' lang='lat' dir='ltr'><strong>oﬂ‘ers</strong></span> <span class='ocrx_word' id='word_1_912' title='bbox 3081 5283 3261 5320; x_wconf 85' lang='lat' dir='ltr'><strong>munus</strong></span> <span class='ocrx_word' id='word_1_913' title='bbox 3317 5275 3507 5328; x_wconf 89' lang='lat' dir='ltr'><strong>tuum;</strong></span> 
     </span>
    </p>
   </div>
   <div class='ocr_carea' id='block_1_115' title="bbox 1916 5359 3501 5439">
    <p class='ocr_par' dir='ltr' id='par_1_115' title="bbox 1916 5359 3501 5439">
     <span class='ocr_line' id='line_1_115' title="bbox 1916 5359 3501 5439; baseline -0.01 -9"><span class='ocrx_word' id='word_1_914' title='bbox 1916 5374 2281 5438; x_wconf 87' lang='lat' dir='ltr'><strong>inimicorum,</strong></span> <span class='ocrx_word' id='word_1_915' title='bbox 2311 5385 2432 5424; x_wconf 91' lang='lat' dir='ltr'><strong>cum</strong></span> <span class='ocrx_word' id='word_1_916' title='bbox 2462 5369 2579 5439; x_wconf 80' lang='lat' dir='ltr'><strong>lege</strong></span> <span class='ocrx_word' id='word_1_917' title='bbox 2600 5364 2783 5421; x_wconf 89' lang='lat' dir='ltr'><strong>statuit</strong></span> <span class='ocrx_word' id='word_1_918' title='bbox 2807 5370 2866 5417; x_wconf 92' lang='lat' dir='ltr'><strong>ut</strong></span> <span class='ocrx_word' id='word_1_919' title='bbox 2893 5362 3036 5432; x_wconf 92' lang='lat' dir='ltr'><strong>ipsos</strong></span> <span class='ocrx_word' id='word_1_920' title='bbox 3057 5359 3270 5429; x_wconf 83' lang='lat' dir='ltr'><strong>diligas,</strong></span> <span class='ocrx_word' id='word_1_921' title='bbox 3303 5366 3357 5413; x_wconf 90' lang='lat' dir='ltr'><strong>et</strong></span> <span class='ocrx_word' id='word_1_922' title='bbox 3403 5372 3501 5428; x_wconf 89' lang='lat' dir='ltr'><strong>pro</strong></span> 
     </span>
    </p>
   </div>
   <div class='ocr_carea' id='block_1_116' title="bbox 1915 5449 3504 5539">
    <p class='ocr_par' dir='ltr' id='par_1_116' title="bbox 1915 5449 3504 5539">
     <span class='ocr_line' id='line_1_116' title="bbox 1915 5449 3504 5539; baseline -0.013 -15"><span class='ocrx_word' id='word_1_923' title='bbox 1915 5466 2045 5539; x_wconf 85' lang='lat' dir='ltr'><strong>ipsis</strong></span> <span class='ocrx_word' id='word_1_924' title='bbox 2076 5481 2217 5522; x_wconf 91' lang='lat' dir='ltr'><strong>ores.</strong></span> <span class='ocrx_word' id='word_1_925' title='bbox 2251 5463 2432 5533; x_wconf 88' lang='lat' dir='ltr'><strong>Neque</strong></span> <span class='ocrx_word' id='word_1_926' title='bbox 2459 5460 2551 5516; x_wconf 89' lang='lat' dir='ltr'><strong>Dei</strong></span> <span class='ocrx_word' id='word_1_927' title='bbox 2581 5466 2781 5514; x_wconf 89' lang='lat' dir='ltr'><strong>tantum</strong></span> <span class='ocrx_word' id='word_1_928' title='bbox 2805 5454 3053 5525; x_wconf 84' lang='lat' dir='ltr'><strong>exemplo</strong></span> <span class='ocrx_word' id='word_1_929' title='bbox 3082 5452 3148 5508; x_wconf 89' lang='lat' dir='ltr'><strong>ad</strong></span> <span class='ocrx_word' id='word_1_930' title='bbox 3189 5451 3292 5507; x_wconf 91' lang='lat' dir='ltr'><strong>hoc</strong></span> <span class='ocrx_word' id='word_1_931' title='bbox 3319 5449 3504 5504; x_wconf 83' lang='lat' dir='ltr'><strong>horta-</strong></span> 
     </span>
    </p>
   </div>
   <div class='ocr_carea' id='block_1_117' title="bbox 1917 5540 3507 5627">
    <p class='ocr_par' dir='ltr' id='par_1_117' title="bbox 1917 5540 3507 5627">
     <span class='ocr_line' id='line_1_117' title="bbox 1917 5540 3507 5627; baseline -0.013 -11"><span class='ocrx_word' id='word_1_932' title='bbox 1917 5568 2025 5627; x_wconf 87' lang='lat' dir='ltr'><strong>tur,</strong></span> <span class='ocrx_word' id='word_1_933' title='bbox 2056 5573 2237 5615; x_wconf 89' lang='lat' dir='ltr'><strong>verum</strong></span> <span class='ocrx_word' id='word_1_934' title='bbox 2261 5557 2420 5612; x_wconf 89' lang='lat' dir='ltr'><strong>etiam</strong></span> <span class='ocrx_word' id='word_1_935' title='bbox 2457 5570 2524 5610; x_wconf 88' lang='lat' dir='ltr'><strong>cx</strong></span> <span class='ocrx_word' id='word_1_936' title='bbox 2553 5550 2859 5608; x_wconf 89' lang='lat' dir='ltr'><strong>contrario:</strong></span> <span class='ocrx_word' id='word_1_937' title='bbox 2893 5563 3038 5616; x_wconf 91' lang='lat' dir='ltr'><strong>nam,</strong></span> <span class='ocrx_word' id='word_1_938' title='bbox 3064 5546 3151 5602; x_wconf 70' lang='grc'><strong>46.</strong></span> <span class='ocrx_word' id='word_1_939' title='bbox 3181 5546 3241 5601; x_wconf 85' lang='lat' dir='ltr'><strong>Si</strong></span> <span class='ocrx_word' id='word_1_940' title='bbox 3269 5540 3507 5600; x_wconf 73' lang='lat' dir='ltr'><strong>dilexeri-</strong></span> 
     </span>
    </p>
   </div>
   <div class='ocr_carea' id='block_1_118' title="bbox 1918 5632 3500 5724">
    <p class='ocr_par' dir='ltr' id='par_1_118' title="bbox 1918 5632 3500 5724">
     <span class='ocr_line' id='line_1_118' title="bbox 1918 5632 3500 5724; baseline -0.014 -14"><span class='ocrx_word' id='word_1_941' title='bbox 1918 5656 1998 5722; x_wconf 87' lang='lat' dir='ltr'><strong>tis,</strong></span> <span class='ocrx_word' id='word_1_942' title='bbox 2031 5650 2218 5724; x_wconf 89' lang='lat' dir='ltr'><strong>inquit,</strong></span> <span class='ocrx_word' id='word_1_943' title='bbox 2250 5665 2334 5705; x_wconf 86' lang='lat' dir='ltr'><strong>eos</strong></span> <span class='ocrx_word' id='word_1_944' title='bbox 2359 5647 2444 5720; x_wconf 85' lang='lat' dir='ltr'><strong>qui</strong></span> <span class='ocrx_word' id='word_1_945' title='bbox 2463 5662 2546 5704; x_wconf 80' lang='lat' dir='ltr'><strong>cos</strong></span> <span class='ocrx_word' id='word_1_946' title='bbox 2575 5644 2825 5717; x_wconf 82' lang='lat' dir='ltr'><strong>diligunt,</strong></span> <span class='ocrx_word' id='word_1_947' title='bbox 2854 5658 3008 5714; x_wconf 80' lang='lat' dir='ltr'><strong>quam</strong></span> <span class='ocrx_word' id='word_1_948' title='bbox 3036 5636 3311 5694; x_wconf 83' lang='lat' dir='ltr'><strong>mercedem</strong></span> <span class='ocrx_word' id='word_1_949' title='bbox 3351 5632 3500 5689; x_wconf 82' lang='lat' dir='ltr'><strong>habe-</strong></span> 
     </span>
    </p>
   </div>
  </div>
