3868 6182
394 224 493 282 ’ἔτι

393 341 740 397 bitisfnonne
762 348 811 396 et
833 340 1088 411 publicani
1128 340 1221 395 hoc
1248 338 1491 411 faciunt?
1531 339 1644 396 lloc
1682 348 1738 397 et
1780 338 1977 395 Paulus

391 435 469 489 ait
491 451 505 487 :
532 432 775 488 Nondum
800 449 958 502 usque
980 431 1049 486 ad
1074 432 1371 503 sanguinem
1391 431 1643 486 restitistis
1665 440 1843 486 contra
1863 446 1977 501 pec-

389 536 562 580 catum
601 533 880 597 pugnantes
908 525 927 596 (
956 523 1113 578 Hebr.
1132 523 1220 579 12.
1247 524 1342 595 4).
1372 523 1427 580 Si
1460 523 1617 595 igitur
1638 522 1740 579 hoc
1765 522 1975 588 feceris,

393 633 516 672 cum
541 619 651 673 Deo
678 625 825 683 stas;
879 618 925 672 si
953 616 1070 672 haec
1112 615 1398 687 reliqueris
1426 655 1442 683 ,
1495 630 1618 670 cum
1655 614 1974 686 publicanis.

395 709 583 765 Viden’
609 708 878 781 quomodo
907 723 1013 764 non
1046 716 1190 763 tanta
1212 708 1283 763 sit
1305 716 1695 779 praeceptorum
1715 706 1977 778 magnitu-

390 802 483 869 do,
506 813 698 873 quanta
727 817 1074 874 personarum
1098 800 1440 858 differentia?
1467 799 1546 856 Ne
1575 800 1753 871 itaque
1771 799 1977 871 cogite-

390 909 510 950 mus
535 893 750 950 difficile
772 902 1095 966 prmceptum
1125 908 1265 959 esse,
1288 893 1383 950 sed
1409 892 1713 950 mercedem
1744 892 1798 948 in
1828 908 1977 948 men-

390 993 499 1040 tem
528 1000 861 1055 revocemus,
887 986 1395 1058 consideremusque
1422 986 1507 1041 cui
1526 985 1731 1042 similes
1772 984 1974 1041 efﬁcia-

388 1092 529 1141 ntur,
561 1078 605 1132 si
634 1087 777 1133 recte
801 1092 900 1134 nos
922 1078 1266 1149 gesserimus,
1298 1086 1354 1133 et
1380 1076 1573 1148 quibus
1601 1091 1966 1147 exaequentur,

388 1170 434 1225 si
455 1184 757 1241 peccemus.
775 1170 1017 1226 Fratrem
1047 1171 1225 1241 itaque
1264 1168 1418 1239 jubet
1459 1168 1831 1235 reconciliari,
1873 1182 1973 1223 nec

388 1263 537 1332 prius
564 1262 877 1328 abscedere,
908 1262 1079 1318 donec
1099 1261 1430 1317 inimicitiam
1458 1260 1764 1317 auferamus
1788 1276 1803 1326 ;
1848 1274 1970 1315 eum

385 1362 565 1409 autem
592 1354 661 1409 de
684 1354 932 1409 omnibus
953 1353 1188 1419 disserit,
1213 1367 1316 1409 non
1339 1353 1479 1409 ultra
1508 1367 1606 1408 nos
1637 1350 1730 1407 tali
1760 1351 1972 1422 subjicit

385 1445 714 1511 necessitati,
740 1444 834 1501 sed
856 1454 1038 1500 nostra
1070 1453 1273 1500 tantum
1300 1444 1546 1516 requirit,
1586 1444 1796 1515 hocque
1817 1453 1972 1516 pacto

385 1537 556 1609 legem
588 1537 796 1593 facilem
845 1537 1030 1595 efficit.
1060 1538 1193 1608 Quia
1240 1540 1386 1596 enim
1438 1538 1612 1606 dixit,
1670 1537 1970 1608 Persequttti

384 1638 500 1684 sunt
528 1631 820 1700 prophetas,
850 1631 939 1703 qui
976 1640 1092 1686 ante
1129 1648 1214 1687 vos
1242 1640 1405 1696 erant.
1435 1647 1502 1688 ne
1530 1641 1810 1703 propterea
1840 1632 1970 1701 ipsis

382 1721 578 1778 infensi
603 1733 816 1789 essent,
845 1724 997 1795 jubet
1026 1740 1132 1780 non
1163 1725 1323 1781 modo
1348 1725 1470 1781 illos
1496 1724 1614 1781 haec
1634 1736 1853 1797 agentes
1884 1736 1966 1782 to-

381 1813 576 1882 lerare,
606 1816 703 1872 sed
732 1817 894 1874 etiam
921 1817 1164 1889 diligere.
1192 1817 1380 1873 Viden’
1410 1818 1680 1888 quomodo
1707 1818 1840 1873 iram
1864 1859 1880 1884 ,
1912 1828 1968 1875 et

356 1890 869 1980 concupiscentiam
916 1911 1030 1968 sive
1078 1926 1384 1982 corporum,
1415 1910 1529 1967 sive
1580 1912 1964 1982 pecuniarum,

379 2001 495 2056 sive
518 2002 720 2072 gloriae,
744 2002 858 2058 sive
886 2016 1064 2058 rerum
1086 2002 1151 2057 ad
1182 2012 1496 2074 prmsentem
1524 2002 1687 2059 vitam
1717 2014 1967 2075 spectan-

380 2091 512 2147 tium
542 2091 799 2149 radicitus
816 2092 1065 2149 auferat?
1092 2092 1204 2150 Hoc
1225 2094 1366 2149 enim
1388 2094 1513 2150 fecit
1537 2093 1606 2151 ab
1628 2095 1800 2163 initio,
1821 2096 1963 2152 mul-

380 2193 541 2254 toque
568 2185 738 2253 magis
766 2200 928 2240 nunc.
957 2184 1089 2240 Nam
1120 2185 1211 2257 qui
1240 2200 1461 2257 pauper,
1510 2187 1602 2259 qui
1656 2188 1800 2243 mitis
1852 2196 1955 2257 est,

375 2276 465 2343 qui
497 2274 660 2347 luget,
693 2276 825 2331 iram
858 2292 1076 2347 prorsus
1114 2290 1372 2346 evacuat;
1399 2278 1489 2351 qui
1510 2280 1688 2351 justus
1714 2290 1770 2338 et
1796 2282 1959 2339 mise-

376 2369 546 2423 ricors
568 2410 584 2433 ,
621 2369 967 2439 pecuniarum
995 2370 1346 2440 cupiditatem
1385 2371 1653 2440 excludit;
1690 2372 1780 2446 qui
1799 2374 1960 2432 corde

373 2458 634 2524 mundus,
663 2474 693 2513 a
723 2460 1153 2531 concupiscentia
1180 2463 1318 2517 mala
1343 2462 1479 2520 liber
1504 2474 1617 2527 est;
1648 2467 1738 2536 qui
1769 2482 1957 2538 perse-

372 2552 685 2621 quutionem
714 2553 914 2625 patitur
937 2564 993 2611 et
1021 2553 1244 2625 injurias
1268 2557 1515 2619 sustinet.
1567 2559 1775 2614 etiamsi
1816 2560 1957 2617 male

368 2641 588 2711 audiat,
636 2644 982 2714 praasentium
1056 2646 1295 2701 omnium
1364 2662 1543 2704 rerum
1590 2643 1955 2721 contemptum

368 2732 594 2798 obtinet,
627 2742 787 2805 atque
813 2749 843 2788 a
872 2735 1011 2791 fastu
1038 2745 1095 2792 et
1118 2751 1249 2791 vana
1277 2738 1443 2808 gloria
1466 2739 1739 2796 liberatur.
1787 2740 1955 2798 Audi-

368 2831 487 2879 tore
518 2824 681 2896 igitur
701 2826 771 2883 ab
793 2827 942 2884 hisce
962 2828 1189 2886 vinculis
1222 2830 1434 2897 soluto,
1466 2841 1521 2887 et
1543 2833 1611 2889 ad
1658 2836 1952 2892 certamina

369 2915 623 2983 inuncto,
666 2933 851 2976 rursus
877 2920 1159 2977 aliomodo
1201 2932 1395 2978 etcum
1424 2925 1613 2995 majori
1661 2926 1939 2999 diligentia

370 3006 487 3064 haec
517 3008 643 3064 vitia
663 3010 866 3066 evellit.
892 3010 1061 3069 Orsus
1090 3014 1234 3069 enim
1261 3014 1330 3070 ab
1359 3016 1438 3072 ira
1459 3055 1476 3082 ,
1529 3016 1794 3089 hujusque
1838 3021 1952 3077 vitii

369 3098 549 3155 nervis
573 3102 793 3158 omnino
820 3104 1083 3172 succisis;
1122 3116 1401 3178 postquam
1432 3108 1596 3175 dixit,
1626 3110 1727 3179 Qui
1770 3111 1954 3168 irasci-

368 3200 456 3245 tur
478 3192 627 3247 fratri
656 3208 757 3249 suo
779 3234 795 3262 ,
820 3202 875 3250 et
901 3195 991 3267 qui
1020 3194 1222 3252 fatuum
1251 3207 1426 3265 vocat,
1457 3207 1512 3255 et
1539 3200 1629 3272 qui
1651 3217 1771 3256 raca
1801 3203 1949 3271 dicit,

368 3287 617 3355 puniatur
642 3306 657 3344 :
689 3296 755 3344 et'
770 3289 860 3360 qui
891 3289 1047 3345 offert
1079 3289 1277 3346 donum
1298 3331 1314 3356 ,
1372 3309 1438 3348 ne
1467 3294 1615 3364 prius
1638 3295 1859 3352 accedat
1883 3297 1951 3353 ad

368 3392 648 3443 mensam,
681 3394 839 3449 quam
860 3381 1074 3441 solverit
1099 3381 1462 3440 inimicitiam:
1506 3394 1562 3441 et
1585 3386 1674 3456 qui
1701 3387 1952 3444 adversa-

364 3469 502 3523 rium
529 3469 707 3536 habet,
734 3472 1037 3542 priusquam
1059 3473 1316 3544 judicium
1363 3475 1557 3545 videat,
1589 3479 1817 3535 amicum
1848 3480 1947 3537 sibi

363 3580 488 3619 eum
531 3579 600 3620 ex
647 3566 861 3622 inimico
887 3567 1079 3633 faciat,
1134 3567 1201 3623 ad
1247 3571 1735 3640 concupiscentiam
1766 3590 1950 3632 rursus

296 3662 301 3665 “
364 3659 576 3715 transit.
604 3659 672 3714 Et
703 3661 829 3731 quid
857 3661 970 3716 ait?
1001 3662 1100 3730 Qui
1128 3664 1346 3734 respicit
1372 3666 1651 3736 impudicis
1671 3668 1860 3736 oculis,
1893 3680 1952 3727 ut

364 3751 611 3807 mcechus
628 3753 912 3821 puniatur;
939 3753 1029 3824 qui
1059 3754 1431 3810 offendiculum
1466 3758 1661 3827 patitur
1676 3759 1743 3815 ab
1770 3760 1947 3831 impu-

363 3841 481 3896 dica
509 3842 761 3909 muliere,
814 3853 906 3898 aut
933 3860 963 3899 a
1001 3845 1146 3913 viro,
1191 3856 1281 3901 aut
1305 3862 1336 3902 a
1357 3849 1604 3919 quopiam
1630 3850 1737 3906 alio
1761 3868 1948 3911 eorum

362 3932 452 4000 qui
480 3931 580 3988 sibi
605 3933 1179 4005 necessitudiuejuncti
1201 3944 1346 4004 sunt,
1387 3937 1489 3995 hos
1507 3954 1697 3997 omnes
1727 3943 1939 4012 penitus

363 4025 657 4092 abscindat;
682 4028 771 4096 qui
803 4027 919 4098 lege
938 4030 1187 4085 connubii
1210 4046 1429 4087 uxorem
1450 4031 1628 4098 habet,
1658 4050 1945 4108 numquam

364 4116 512 4171 illam
535 4117 811 4188 repudiet,
842 4134 943 4176 nec
964 4119 1030 4176 ad
1060 4121 1217 4176 aliam
1246 4124 1517 4194 respiciat.
1539 4125 1642 4182 Per
1670 4126 1785 4184 haec
1805 4129 1946 4185 enim

364 4210 519 4265 mala:
533 4210 980 4281 concupiscentia:
1005 4214 1212 4270 radices
1237 4216 1451 4271 evulsit.
1468 4218 1667 4276 Deinde
1698 4222 1949 4293 pecunia-

363 4314 482 4355 rum
511 4314 749 4356 amorem
798 4311 1030 4372 coercet,
1056 4305 1252 4376 jubeus
1300 4324 1472 4380 neque
1499 4310 1714 4381 jurarc,
1773 4329 1948 4386 neque

363 4392 599 4459 mentiri,
639 4407 813 4465 neque
840 4395 1076 4453 tunicam
1104 4398 1337 4455 retinere
1356 4443 1372 4468 ,
1405 4416 1508 4473 qua
1536 4404 1658 4475 quis
1678 4404 1944 4466 induitur:

364 4484 473 4538 imo
510 4485 669 4540 etiam
699 4486 900 4543 volenti
946 4489 1169 4560 pallium
1211 4491 1440 4561 offerre,
1483 4504 1537 4550 et
1578 4500 1821 4569 corporis
1862 4502 1946 4557 sui

362 4592 615 4648 operam:
645 4581 793 4636 omni
818 4582 995 4638 studio
1022 4586 1364 4655 pecuniarum
1410 4604 1646 4648 amorem
1674 4593 1941 4653 auferens.

433 4669 486 4725 6.
504 4670 751 4727 Cacumen
772 4673 968 4729 virtutis
991 4684 1062 4730 est
1086 4694 1179 4747 pro
1199 4678 1414 4734 inimicis
1439 4683 1805 4740 oram—Post
1833 4685 1947 4742 ha‘c

360 4764 543 4812 autem
564 4761 744 4813 omnia
764 4763 1080 4835 variamque
1097 4769 1232 4822 horti
1242 4785 1357 4824 mce
1379 4783 1770 4840 praeceptorum
1788 4789 1946 4830 coro-

360 4850 844 4924 nam,subjungit:
890 4853 1054 4912 Orate
1078 4874 1174 4928 pro
1219 4862 1663 4918 calumniantibus
1712 4880 1822 4929 vos,
1876 4864 1945 4920 ad

357 4956 673 5012 supremum
706 4946 1065 5016 philosophia:
1093 4964 1354 5007 cacumen
1382 4954 1655 5010 attollens.
1670 4955 1944 5022 Quemad-

361 5034 578 5089 modum
608 5035 751 5091 enim
778 5036 1035 5108 colaphos
1086 5041 1198 5110 pati
1229 5042 1402 5112 majus
1447 5054 1562 5114 est,
1612 5062 1769 5118 quam
1824 5065 1944 5107 esse

359 5128 569 5196 mitem,
600 5138 654 5184 et
682 5130 903 5201 pallium
930 5147 1051 5188 cum
1074 5134 1250 5190 tunica
1276 5135 1544 5194 dimittere
1568 5142 1908 5210 praestantius
1925 5184 1942 5210 ,

356 5233 519 5290 quam
545 5220 944 5278 misericordem
974 5238 1093 5280 esse
1120 5240 1135 5291 ;
1159 5234 1216 5281 et
1241 5225 1463 5298 injurias
1490 5228 1651 5295 ferre,
1677 5248 1835 5303 quam
1856 5232 1945 5305 ju-

355 5318 499 5364 stum
519 5325 661 5378 esse;
677 5320 731 5367 et
745 5313 926 5386 alapas
952 5314 1091 5372 ferre
1110 5326 1166 5373 et
1189 5317 1256 5373 ad
1276 5320 1606 5391 sequendum
1621 5325 1760 5395 cogi,
1786 5341 1943 5397 quam

356 5405 636 5473 pacificum
686 5421 842 5464 esse:
875 5410 954 5467 sic
977 5413 1319 5484 persequenti
1357 5430 1417 5471 se
1459 5416 1780 5476 benedicere
1826 5435 1947 5492 per-

356 5495 546 5551 fectius
571 5505 654 5553 est
679 5512 839 5570 quam
869 5502 1293 5571 persecutionem
1321 5506 1448 5575 pati.
1473 5506 1634 5563 Vides
1675 5511 1947 5580 quomodo

359 5588 614 5658 paulatim
668 5606 766 5647 nos
819 5593 886 5647 ad
928 5594 1072 5664 ipsos
1126 5598 1380 5654 caelorum
1431 5599 1663 5659 fornices
1697 5604 1946 5660 attollat?

357 5680 606 5752 Quonam
637 5682 797 5758 igitur
818 5683 963 5758 digni
1002 5686 1261 5760 supplicio
1300 5705 1505 5763 sumus,
1535 5693 1623 5764 qui
1664 5694 1732 5752 ad
1779 5696 1942 5753 Deum

1162 220 1221 277 S.
1260 219 1536 280 JOANNIS
1572 217 2042 279 CHRYSOSTOMI
2081 218 2395 279 ARClllEP.
2436 224 2964 288 CONSTANTINOP.

3580 236 3687 296 τε

2086 338 2398 395 imitandum
2421 341 2655 398 studium
2704 360 2903 414 ponere
2925 345 3086 416 jussi,
3138 362 3206 403 ne
3230 348 3525 418 publicanis
3560 354 3686 424 qui-

2083 432 2206 487 dem
2231 449 2386 503 pares
2432 434 2569 491 forte
2624 437 2833 493 simus?
2882 439 2940 494 Si
2997 440 3141 496 enim
3193 442 3403 499 amicos
3449 445 3681 517 diligere

2084 524 2531 595 publicanorum,
2582 541 2922 599 peccatorum
2971 542 3131 605 atque
3168 536 3509 595 ethnicorum
3576 540 3678 596 sit:

2084 617 2299 686 quando
2335 633 2403 673 ne
2466 618 2517 674 id
2548 621 2759 691 quidem
2790 623 3015 681 facimus
3048 628 3067 699 (
3098 645 3203 684 non
3255 632 3399 687 enim
3446 634 3683 690 facimus

2082 707 2296 776 quando
2344 708 2500 765 laude
2528 709 2842 770 florentibus
2868 715 3126 775 fratribus
3155 721 3503 796 invidemus),
3533 740 3681 798 quas

2082 814 2187 854 non
2218 798 2462 859 dabimus
2492 819 2701 875 pteuas,
2722 808 2810 879 qui
2838 810 3041 867 scribas
3058 829 3309 884 superare
3328 816 3484 888 jussi,
3507 821 3674 877 etiam

2081 890 2309 946 ethnicis
2328 892 2607 953 inferiores
2635 901 2860 957 sumus?
2884 901 3188 973 Quomodo,
3218 923 3421 978 quaeso,
3442 926 3669 982 regnum

2081 980 2412 1039 videbimus?
2436 988 2705 1057 quomodo
2747 1006 2904 1049 sacra
2935 994 3024 1050 illa
3048 996 3317 1055 adibimus
3346 980 3610 1059 vestibula
3643 1044 3663 1068 ,

2081 1087 2190 1126 non
2215 1074 2466 1132 meliores
2493 1079 2831 1148 publicanis?
2882 1083 3016 1141 lllud
3040 1088 3181 1143 enim
3206 1091 3563 1152 subindicavit
3582 1096 3672 1152 his

2081 1166 2275 1235 verbis,
2300 1168 2485 1226 Nonne
2505 1181 2551 1227 et
2575 1174 2831 1245 publicani
2856 1178 2951 1233 Itoc
2970 1182 3163 1252 faciunt
3178 1184 3204 1237 ?
3223 1182 3279 1241 In
3304 1202 3410 1256 quo
3435 1190 3669 1248 maxime

2078 1256 2197 1327 ejus
2221 1257 2464 1315 doctrina
2486 1272 2570 1318 est
2604 1263 2942 1335 admiranda,
2974 1272 3115 1342 quod
3143 1289 3264 1329 cum
3292 1276 3487 1348 ubique
3528 1294 3670 1350 pra:-

2077 1348 2181 1402 mia
2234 1352 2587 1409 certaminum
2663 1359 3161 1427 superabundanter
3209 1377 3407 1436 ponat,
3460 1348 3668 1429 scilicet

2078 1437 2245 1494 Deum
2291 1441 2496 1511 videre,
2528 1460 2753 1517 regnum
2778 1451 3031 1509 caelorum
3063 1455 3360 1518 hereditate
3378 1466 3662 1534 accipere,

2076 1529 2217 1586 filios
2246 1532 2336 1587 Dei
2368 1534 2502 1604 fieri,
2536 1538 2585 1592 ei
2615 1540 2818 1598 similes
2854 1558 2994 1613 esse,
3026 1548 3445 1609 misericordiam
3479 1529 3665 1614 conse-

2073 1623 2163 1695 qui
2190 1664 2205 1690 ,
2234 1627 2655 1686 consolationem
2681 1634 2943 1705 accipere,
2985 1637 3037 1693 in
3066 1642 3211 1697 ca-lis
3236 1660 3480 1715 magnam
3507 1664 3664 1719 repo-

2072 1716 2231 1771 sitam
2276 1718 2475 1776 haberc
2512 1724 2858 1794 mercedem;
2906 1729 2952 1785 si
2995 1732 3209 1802 quando
3240 1736 3470 1792 tristium
3509 1716 3661 1796 men~

2076 1808 2150 1864 tio
2172 1808 2416 1867 habenda
2441 1813 2532 1882 sit,
2582 1815 2636 1870 id
2693 1822 2906 1889 parcius
2947 1821 3105 1890 facit;
3152 1825 3413 1897 gebcnna:
3460 1832 3661 1904 quippe

2073 1915 2270 1958 nomen
2300 1905 2469 1962 semel
2495 1915 2697 1964 tantum
2727 1911 2778 1966 in
2811 1921 2888 1968 tot
2906 1917 3245 1974 sermonibus
3273 1921 3484 1990 posuit;
3521 1932 3578 1980 et
3604 1928 3661 1981 in

2066 1993 2186 2049 aliis
2218 1994 2532 2065 quibusdam
2592 2000 2910 2071 remissius,
2953 2004 3217 2065 hortando
3276 2027 3442 2083 magis
3494 2031 3659 2087 quam

2066 2089 2461 2157 comminando,
2477 2092 2772 2151 auditorem
2790 2098 3002 2170 corrigit
3017 2100 3202 2159 dicens
3216 2121 3229 2157 :
3243 2103 3423 2163 Nonne
3432 2118 3480 2163 et
3495 2110 3664 2179 publi-

2065 2177 2182 2231 cani
2197 2178 2290 2234 hoc
2308 2181 2500 2252 faciunt
2513 2183 2624 2250 ?et,
2638 2186 2699 2242 Si
2717 2187 2796 2242 sal
2810 2188 3118 2258 infamatum
3132 2196 3304 2265 fuerit;
3319 2206 3393 2265 et,
3409 2197 3462 2251 Μ
3468 2177 3662 2257 inimus

2064 2267 2319 2325 vocabitur
2337 2271 2388 2326 in
2408 2290 2562 2345 regno
2578 2276 2838 2335 caelorum.
2864 2279 2956 2335 Est
2969 2281 3129 2338 etiam
3141 2298 3263 2341 cum
3279 2298 3489 2357 peccata
3506 2295 3662 2361 ponit

2064 2374 2163 2430 pro
2179 2362 2372 2432 pinnis,
2386 2366 2631 2439 supplicii
2650 2370 2860 2441 pondus
2879 2374 3108 2431 auditori
3141 2376 3654 2451 subintelligendum

2063 2452 2364 2523 proferens;
2384 2466 2571 2514 utcum
2588 2460 2736 2518 dicit:
2759 2462 3043 2521 Marc/tatus
3062 2478 3135 2524 est
3150 2486 3261 2524 eam
3279 2472 3333 2527 in
3352 2475 3502 2529 corde
3526 2493 3651 2542 suo;

2060 2556 2111 2599 et
2119 2586 2136 2613 ,
2156 2545 2257 2613 Qui
2275 2548 2499 2619 dimittit,
2528 2551 2651 2623 facit
2677 2570 2788 2610 eam
2809 2558 3082 2629 uttecltari;
3107 2572 3183 2627 et,
3210 2562 3359 2631 Quod
3386 2567 3463 2622 Itis
3482 2569 3654 2624 abun-

2060 2637 2266 2696 dantius
2291 2651 2384 2708 est,
2411 2659 2444 2697 a
2473 2645 2608 2701 malo
2641 2658 2735 2703 est.
2766 2650 2900 2707 Nam
2931 2663 3114 2710 mente
3141 2658 3380 2726 prmditis
3401 2676 3501 2732 pro
3518 2678 3655 2735 sup-

2058 2729 2202 2802 plicii
2228 2734 2446 2792 nomine
2490 2736 2687 2795 sufficit
2711 2741 2779 2798 ad
2804 2745 3234 2805 emendationem
3286 2729 3493 2823 peccati
3524 2729 3648 2811 ma.

2056 2824 2300 2920 gnitudo.
2327 2826 2685 2896 Quamobrem
2733 2833 2821 2892 hic
2867 2854 3081 2910 quoque
3109 2841 3352 2901 ethnicos
3375 2855 3433 2903 et
3460 2848 3646 2920 publi-

2056 2930 2221 2972 canos
2247 2917 2298 2974 in
2330 2920 2561 2977 medium
2589 2923 2840 2997 adducit,
2869 2943 2933 2985 ex
2966 2946 3206 3000 personae
3230 2917 3534 2995 conditione
3560 2940 3649 2998 di-

2056 3008 2320 3080 scipulum
2351 3012 2553 3083 pudore
2572 3015 2830 3073 afficiens.
2845 3016 2996 3088 Quod
3014 3034 3069 3079 et
3089 3024 3282 3082 Paulus
3312 3027 3541 3087 faciebat
3568 3034 3648 3089 di-

2055 3115 2217 3158 cens:
2249 3102 2424 3159 Nolite
2448 3108 2740 3164 contristari
2758 3111 2886 3167 sicut
2911 3123 2958 3167 et
2985 3118 3175 3183 caueri,
3230 3120 3318 3187 qui
3349 3137 3490 3193 spem
3532 3140 3645 3182 non

2054 3196 2274 3265 habent;
2310 3208 2386 3267 et,
2434 3200 2581 3256 Sicut
2628 3214 2839 3276 gentes,
2890 3223 3004 3277 qua:
3038 3210 3273 3281 ignorant
3323 3212 3486 3270 Deum
3536 3219 3643 3290 (1.

2056 3287 2237 3344 Thess.
2274 3290 2329 3347 4.
2381 3291 2468 3348 12.
2498 3294 2532 3349 5
2560 3292 2602 3366 ).
2653 3295 2723 3351 Et
2770 3298 3062 3355 ostendens
3110 3317 3169 3358 se
3216 3304 3349 3360 nihil
3397 3307 3470 3362 ita
3517 3287 3641 3370 exi-

2054 3380 2220 3436 mium
2264 3391 2465 3453 petere,
2492 3385 2587 3441 sed
2607 3388 2763 3454 paulo
2804 3392 3032 3462 amplius
3075 3393 3234 3450 solito
3257 3438 3272 3464 ,
3308 3398 3418 3454 ait:
3451 3397 3645 3458 Nonne

2052 3482 2101 3527 et
2143 3474 2328 3529 ethnici
2371 3475 2466 3531 hoc
2509 3480 2751 3549 faciunt?
2782 3482 3029 3541 Attamen
3072 3501 3177 3541 non
3224 3487 3310 3544 hic
3347 3492 3510 3548 finem
3550 3494 3642 3549 di-

2054 3567 2211 3653 cendi
2244 3568 2389 3634 facit,
2436 3572 2530 3627 sed
2574 3573 2627 3627 in
2670 3579 2886 3644 prmmia
2911 3586 2965 3633 et
3003 3578 3056 3634 in
3085 3578 3278 3637 bonam
3304 3599 3456 3655 spem
3530 3583 3649 3641 de-u

2047 3650 2175 3718 sinit
2203 3660 2286 3718 his
2302 3663 2479 3719 verbis
2503 3681 2516 3717 :
2545 3664 2636 3721 48.
2664 3665 2840 3722 Estote
2874 3685 2993 3741 ergo
3022 3673 3232 3743 perfecti
3253 3714 3270 3741 ,
3300 3650 3428 3730 sicut
3453 3687 3503 3732 et
3531 3678 3642 3733 Pa-

2053 3764 2129 3813 ter
2168 3767 2327 3811 vester
2380 3757 2613 3815 cwlestis.
2661 3759 2923 3834 Smpeque
2966 3765 3221 3823 cazlorum
3264 3784 3459 3827 nomen
3502 3773 3645 3829 ubi...

2050 3864 2158 3919 que
2207 3849 2555 3921 disseminat,
2600 3868 2630 3908 a
2677 3854 2798 3913 loco
2844 3857 3003 3913 etiam
3058 3873 3248 3916 sensus
3292 3877 3476 3919 eorum
3512 3867 3641 3921 eri-

2050 3958 2199 4015 gens.
2231 3943 2499 4002 Hactenus
2520 3946 2662 4002 enim
2692 3946 3011 4007 inﬁrmiores
3040 3952 3435 4026 crassioresque
3458 3968 3636 4014 erant.

2050 4036 2242 4094 Omnia
2280 4038 2440 4109 igitur
2476 4054 2595 4110 qua:
2637 4039 2777 4095 dicta
2817 4050 2943 4097 sunt
2976 4053 3155 4098 mente
3197 4045 3492 4115 volventes,
3520 4064 3637 4105 ma-

2049 4146 2209 4203 gnam
2234 4132 2395 4187 etiam
2420 4146 2548 4203 erga
2579 4130 2826 4189 inimicos
2841 4132 3117 4189 caritate
3151 4135 3498 4193 exhibeamus
3523 4158 3537 4195 :
3582 4150 3642 4197 et

2050 4226 2329 4282 ridiculam
2352 4225 2493 4280 illam
2514 4225 2957 4282 consuetudinem
2983 4226 3276 4296 cjiciamus,
3309 4246 3467 4301 quam
3500 4234 3640 4287 mul-

2051 4318 2089 4374 ti
2117 4334 2183 4375 cx
2212 4318 2297 4384 iis,
2319 4317 2411 4389 qui
2434 4318 2610 4373 minus
2652 4319 2860 4378 ratione
2884 4318 3087 4386 valent,
3110 4320 3417 4390 sustinent,
3436 4339 3638 4395 exspe-

2049 4421 2256 4469 clames
2299 4421 2356 4468 ut
2398 4412 2490 4484 qui
2517 4412 2728 4469 obviam
2759 4413 2978 4469 veniunt
3004 4428 3063 4470 se
3090 4413 3237 4486 prius
3281 4415 3514 4472 salutent
3540 4436 3554 4472 :
3583 4418 3639 4474 id

2048 4506 2191 4577 quod
2220 4505 2441 4560 multam
2498 4505 2882 4561 beatitudinem
2954 4506 3196 4563 continet
3251 4507 3628 4579 negligentes;

2049 4598 2191 4670 quod
2216 4605 2395 4653 autem
2434 4596 2715 4653 ridiculum
2764 4605 2848 4654 est
2879 4598 3174 4671 exigentes.
3229 4598 3341 4669 Qua
3390 4616 3522 4673 ergo
3568 4601 3640 4659 de

2049 4706 2211 4747 causa
2234 4705 2338 4746 non
2374 4689 2520 4746 illum
2543 4689 2692 4763 prior
2711 4691 2956 4746 salutas?
2997 4690 3133 4759 Quia
3162 4691 3264 4748 hoc
3310 4702 3591 4765 exspectat
3617 4734 3637 4761 ,

2050 4782 2280 4855 inquies.
2320 4782 2479 4855 Atqui
2516 4783 2637 4840 ideo
2683 4783 2916 4840 maxime
2939 4782 3196 4842 festinare
3233 4784 3550 4856 oportebat,
3580 4796 3642 4845 ut

2051 4885 2108 4932 tu
2145 4891 2400 4933 coronam
2423 4877 2720 4947 acciperes.
2748 4876 2889 4943 Non,
2952 4877 3164 4949 inquies
3193 4893 3212 4944 ;
3263 4878 3387 4949 quia
3413 4877 3516 4935 hoc
3558 4879 3640 4950 ipe

2049 4986 2169 5028 sum
2209 4971 2299 5027 ille
2323 4970 2593 5041 qumsivit.
2640 4969 2709 5026 Et
2728 4970 2855 5040 quid
2921 4969 3022 5027 hac
3073 4972 3309 5027 amentia
3351 4971 3641 5028 deterius!

2049 5061 2186 5131 Quia
2214 5061 2356 5118 enim
2380 5061 2430 5117 id
2463 5061 2553 5117 ille
2577 5061 2845 5133 quaesivit,
2870 5062 3048 5133 inquis
3074 5102 3091 5130 ,
3128 5071 3187 5117 ut
3214 5064 3476 5119 mercedis
3507 5066 3639 5121 mihi

2050 5156 2205 5213 ﬁeret
2223 5155 2455 5221 occasio,
2486 5153 2613 5211 nolo
2640 5153 2779 5210 hanc
2803 5155 3044 5226 arripere
3071 5155 3408 5213 occasionem
3438 5155 3538 5227 (a).
3566 5158 3638 5212 At

2114 5332 2187 5405 (α)
2222 5340 2355 5382 Hunc
2552 5345 2606 5405 in
2638 5338 2752 5382 nota
2776 5330 3082 5405 explicantes
3112 5338 3192 5380 re.
3228 5332 3530 5405 Benedictini
3565 5336 3637 5383 sic

2048 5391 2234 5464 habent
2258 5408 2271 5444 :
2298 5394 2428 5464 Quia
2452 5392 2505 5444 id
2544 5391 2917 5464 illaut
2938 5392 3059 5464 mihi
3079 5394 3318 5464 mercedis
3339 5393 3541 5464 occasio
3558 5407 3638 5464 es-

2049 5464 2152 5517 set;
2176 5458 2243 5526 id_
2263 5454 2358 5526 αι,
2377 5461 2445 5526 ut,
2469 5469 2547 5507 me
2569 5455 2730 5526 primo
2760 5454 3015 5526 salutante,
3039 5454 3143 5518 ipse
3167 5456 3434 5526 reddenda:
3465 5455 3640 5526 salutis

2048 5516 2320 5569 mercedem
2330 5516 2593 5589 tribueret,
2627 5516 2882 5589 nolojmnc
2902 5516 3122 5589 arripere
3145 5517 3473 5589 occasionem:_
3497 5516 3640 5589 stulto

2050 5582 2208 5643 potius
2229 5580 2487 5649 crederem
2512 5581 2592 5630 hic
2622 5581 2700 5642 agi
2721 5579 2797 5649 de
2836 5578 3070 5649 mercede
3106 5592 3250 5641 qttam
3287 5578 3548 5649 humilitati
3567 5584 3637 5647 .et

2047 5641 2407 5692 mansuetudini
2436 5649 2565 5713 Deus
2583 5641 2821 5713 j‘irmiisit.
2846 5643 2939 5713 Hic
2952 5642 3082 5689 enim
3106 5653 3282 5713 sensus
3296 5641 3451 5703 magis
3464 5641 3639 5691 obvius

2050 5712 2147 5768 est,
2174 5705 2272 5754 imo
2295 5712 2347 5756 et
2369 5705 2525 5768 magis
2546 5702 2719 5755 rationi
2740 5711 3103 5753 consentaneus
3129 5702 3267 5752 Ευιτ.
