3868 6182
159 240 264 293 273

160 356 203 408 si
247 354 339 411 ille
380 366 430 411 te
470 354 617 425 prior
645 355 879 424 salutet,
910 355 1041 411 nihil
1093 355 1184 413 tibi
1226 358 1346 428 plus
1379 360 1483 415 erit
1524 353 1570 416 si
1610 361 1756 417 salu-

161 457 267 502 tem
307 447 544 513 reddas;
594 448 639 502 si
695 463 823 505 vero
870 456 923 503 tu
954 448 1102 519 prior
1128 464 1383 520 properes
1412 451 1481 507 ad
1515 452 1753 508 salutan-

161 538 312 605 dum,
337 538 535 594 fastum
583 539 703 609 ejus
744 539 1112 609 intercepisti,
1164 548 1220 595 et
1267 540 1473 611 largum
1513 557 1579 597 ex
1626 543 1743 612 ejus

154 631 465 701 arrogantia
507 632 735 686 fructum
790 632 1080 687 messuisti.
1122 632 1403 701 Quomodo
1444 634 1605 705 igitur
1643 650 1750 690 non

155 731 416 778 extremae
483 722 769 778 dementia:
813 722 1016 788 fuerit,
1068 738 1189 779 cum
1237 739 1305 780 ex
1358 726 1516 781 nudis
1568 727 1749 783 verbis

157 824 364 869 tantum
418 829 616 885 capere
668 813 897 869 fructum
982 816 1290 884 valeamus,
1348 817 1555 872 lucrum
1627 832 1750 888 per—

152 909 301 970 dere,
334 917 391 962 et
420 923 543 961 cum
571 906 721 961 illum
744 906 1129 976 improbemus,
1163 909 1216 963 in
1248 909 1436 965 eadem
1466 910 1744 966 incidere?

152 999 203 1054 Si
232 999 380 1053 enim
411 998 558 1052 illum
593 998 713 1052 ideo
752 999 933 1068 culpas
960 999 1101 1069 quod
1129 999 1274 1068 prior
1293 999 1519 1055 aliorum
1550 1001 1751 1057 saluta-

157 1091 356 1144 tionem
407 1099 716 1160 exspectet,
769 1106 865 1145 cur
918 1090 1143 1145 imitaris
1175 1090 1227 1145 id
1257 1090 1399 1160 quod
1432 1090 1741 1161 improbas;

154 1195 204 1238 et
234 1184 381 1254 quod
403 1186 602 1239 malum
633 1199 754 1239 esse
774 1184 928 1247 dicis,
970 1183 1071 1238 hoc
1098 1192 1155 1237 ut
1181 1184 1378 1238 bonum
1430 1185 1743 1239 aemularis?

154 1276 342 1332 \‘iden’
371 1275 502 1330 nihil
533 1275 746 1331 stultius
794 1291 911 1331 esse
936 1276 1149 1331 homine
1171 1276 1223 1330 in
1245 1276 1475 1345 nequitia
1503 1277 1746 1332 vivente?

152 1368 519 1438 Quamobrem
565 1368 794 1423 obsecro
817 1409 832 1435 ,
865 1371 1001 1423 hanc
1042 1368 1338 1437 improbam
1366 1376 1421 1422 ct
1462 1367 1742 1422 ridiculam

152 1463 597 1518 consuetudinem
642 1462 924 1533 fugiamus.
972 1462 1066 1517 llic
1091 1462 1286 1531 quippe
1332 1462 1550 1517 morbus
1598 1462 1745 1518 mille

151 1556 415 1609 amicitias
444 1555 653 1620 evertit,
690 1555 991 1623 multasque
1018 1554 1226 1623 peperit
1253 1552 1581 1608 inimicitias.
1617 1554 1742 1608 Ideo

150 1662 247 1701 nos
267 1647 661 1718 praeveniamus
678 1645 833 1701 alios.
857 1645 988 1699 Nam
1011 1646 1098 1714 qui
1116 1645 1369 1713 jubemur
1390 1645 1527 1700 ferre
1546 1655 1603 1699 ut
1627 1646 1740 1699 ala-

150 1744 226 1812 pis
258 1740 640 1810 percutiamur,
671 1739 771 1794 iter
799 1738 967 1794 coacti
996 1738 1367 1808 suscipiamus,
1393 1738 1655 1793 nudentur
1674 1738 1742 1793 ab

148 1834 400 1898 inimicis,
420 1848 523 1903 qua
549 1831 701 1887 venia
719 1830 863 1901 digni
889 1830 1109 1895 erimus,
1138 1830 1183 1885 si
1214 1830 1266 1884 in
1293 1830 1519 1900 simplici
1543 1831 1740 1885 saluta—
1766 1902 1769 1903 ν

147 1929 292 1982 tione
334 1935 535 1981 tantam
559 1923 906 1981 adhibeamus
927 1924 1361 1979 contentionem?
1386 1925 1735 1994 DeSpicimur,

147 2022 375 2091 inquies,
394 2030 447 2075 et
460 2021 957 2090 conspuimur,cum
976 2018 1078 2073 hoc
1095 2019 1192 2089 ipsi
1210 2020 1569 2075 concedimus.
1590 2020 1655 2073 Et
1672 2035 1738 2074 ne

146 2125 192 2168 te
206 2112 468 2183 despiciat
481 2112 661 2178 homo,
685 2111 849 2165 Deum
864 2110 1087 2166 oll'endis
1103 2110 1126 2163 ?
1141 2127 1206 2165 ne
1222 2120 1270 2166 te
1287 2121 1592 2166 contemnat
1610 2126 1737 2166 cou-

146 2219 330 2259 servus
350 2203 554 2266 furens,
591 2204 871 2257 Dominum
896 2204 1215 2270 contemnis,
1245 2202 1333 2270 qui
1358 2211 1498 2257 tanta
1531 2203 1620 2257 tibi
1654 2203 1739 2257 bc-

147 2303 334 2357 nclicia
360 2300 590 2355 contulit
604 2300 625 2351 ?
639 2298 694 2354 Si
713 2298 855 2354 enim
867 2295 1154 2352 absurdum
1168 2304 1249 2352 est
1269 2306 1318 2351 te
1337 2298 1594 2366 aequalem
1609 2312 1736 2351 cou-

1320 242 1387 301 lN
1424 244 1834 303 MATTHEUM
1873 248 2099 305 HOMIL.
2144 250 2286 308 XIX.

3355 270 3456 325 27$

1866 371 2123 430 temnere,
2140 367 2313 422 multo
2333 368 2502 438 magis
2518 368 2807 428 absurdum
2829 381 3173 435 contemnere
3191 387 3244 436 te
3258 380 3425 439 Deum
3440 428 3455 452 ,

1862 456 1955 525 qui
1983 456 2201 518 refecit.
2232 458 2313 514 Ad
2336 459 2449 515 hinc
2474 462 2782 519 consideres
2812 466 2988 534 velim,
3013 482 3134 524 cum
3163 478 3214 525 te
3243 472 3332 528 ille
3354 475 3456 530 de-

1860 550 2052 618 spicit,
2085 558 2208 607 tunc
2224 553 2484 623 majorem
2516 555 2607 611 tibi
2644 558 2948 614 mercedem
2973 560 3280 619 conciliare.
3313 566 3449 621 Pro-

1856 651 1977 712 pter
2002 643 2167 698 Deum
2199 646 2341 699 enim
2372 646 2487 700 haec
2514 648 2732 717 pateris,
2762 651 2884 720 quia
2907 652 3052 723 leges
3072 655 3188 726 ejus
3231 656 3452 714 audisti.

1859 732 1972 789 Hoc
2017 746 2195 791 autem
2222 752 2328 806 quo
2353 753 2458 793 non
2484 739 2687 796 honore
2734 741 2951 813 dignum
2997 747 3099 801 sit?
3127 749 3318 819 quibus
3341 765 3453 806 non

1856 825 2246 883 diadematibus
2262 830 2286 882 ?
2304 830 2591 901 Contingat
2629 833 2757 887 mihi
2781 846 2836 890 et
2861 841 3198 896 contumeliis
3224 841 3365 898 affici
3391 853 3447 899 et

1856 920 2131 973 contemni
2190 931 2408 991 propter
2452 924 2641 990 Deum,
2676 927 2851 994 potius
2893 944 3053 998 quam
3096 931 3346 989 honorari
3378 936 3447 989 ab

1855 1013 2102 1068 omnibus
2133 1014 2348 1084 regibus
2398 1033 2410 1069 :
2458 1017 2588 1073 nihil
2617 1020 2781 1083 enim,
2812 1021 2943 1076 nihil
2970 1024 3151 1094 utique
3181 1025 3305 1081 huic
3343 1028 3449 1081 ho-

1854 1105 1971 1158 nori
1999 1119 2095 1173 par
2124 1114 2224 1159 est.
2258 1106 2407 1161 Hunc
2446 1108 2624 1177 itaque
2643 1120 3017 1167 consectentur
3061 1125 3120 1168 ut
3146 1116 3232 1170 ille
3250 1116 3445 1186 jussit;

1855 1195 2223 1265 humanosque
2253 1196 2485 1254 honores
2515 1198 2663 1254 nihili
2683 1200 2963 1269 facientes,
2996 1204 3091 1259 sed
3125 1220 3304 1259 veram
3335 1206 3447 1275 phi-

1854 1288 2155 1358 losophiam
2184 1305 2279 1358 per
2325 1291 2501 1345 omnia
2534 1291 2882 1362 exhibentes,
2911 1296 2990 1350 sic
3024 1297 3185 1352 vitam
3229 1298 3446 1353 ordine-

1853 1394 1972 1434 mus
2026 1388 2285 1435 nostram.
2334 1379 2467 1436 Nam
2508 1383 2797 1438 cmlestium
2838 1400 3155 1442 coronarum
3196 1388 3305 1458 jam
3357 1391 3442 1445 hic

1850 1470 2082 1526 fructum
2133 1472 2511 1543 percipiemus,
2554 1475 2704 1544 quasi
2734 1477 2906 1545 angeli
2962 1493 3082 1532 cum
3133 1479 3440 1536 hominibus

1849 1574 2146 1629 versantes,
2183 1574 2452 1635 tamquam
2480 1567 2736 1636 angelicae
2761 1575 3052 1637 potestates
3080 1568 3132 1623 in
3161 1579 3300 1624 terra
3332 1572 3439 1625 cir-

1849 1669 2163 1713 cumeuutes
2191 1699 2207 1726 ,
2241 1660 2388 1714 omni
2432 1660 2721 1729 cupiditate
2760 1661 3014 1730 omnique
3040 1664 3440 1732 perturbatione

1846 1748 2082 1819 exempti
2108 1766 2122 1815 ;
2147 1758 2201 1804 et
2225 1764 2344 1804 cum
2367 1750 2453 1806 his
2473 1751 2720 1806 omnibus
2740 1751 3022 1807 ineffabilia
3046 1768 3438 1825 consequemur

1845 1840 1983 1894 bona
2017 1859 2029 1895 :
2057 1856 2175 1910 qua:
2200 1842 2398 1896 utinam
2422 1857 2520 1897 nos
2542 1858 2733 1899 omnes
2762 1844 3119 1913 adipiscamur
3146 1888 3160 1912 ,
3189 1848 3356 1917 gratia
3385 1858 3439 1902 ct

1846 1934 2174 2003 benignitate
2228 1936 2438 1989 Domini
2487 1935 2657 1989 nostri
2705 1935 2831 1990 Jesu
2862 1935 3081 2001 Christi,
3114 1939 3198 1992 cui
3244 1939 3431 2007 gloria,

1845 2028 2127 2097 imperium
2156 2038 2212 2083 et
2240 2029 2485 2084 adoratio
2512 2044 2633 2099 cum
2661 2028 2906 2099 principii
2943 2040 3163 2099 experte
3203 2030 3361 2085 Patre
3384 2041 3438 2085 et

1843 2130 2029 2175 sancto
2056 2122 2305 2191 bonoque
2334 2121 2557 2192 Spiritu,
2591 2136 2732 2176 nunc
2754 2130 2809 2176 et
2832 2135 3067 2193 semper,
3090 2131 3143 2178 et
3161 2121 3213 2177 in
3239 2124 3434 2178 smcula

1839 2213 2177 2268 saeculorum.
2206 2214 2393 2268 Amen.

1499 2517 1846 2580 HOMlLlA
1892 2519 2072 2579 XIX.

143 2667 268 2721 Car.
315 2667 369 2722 6.
399 2683 451 2721 v.
486 2668 537 2720 1.
567 2666 821 2720 Attendite
870 2681 931 2719 ne
983 2665 1353 2734 eleemosynam
1395 2676 1612 2719 vestram
1653 2668 1734 2737 {a-

208 2762 359 2815 ciatis
386 2776 560 2814 caram
588 2760 891 2823 hominibus,
924 2766 977 2812 ut
1006 2759 1277 2812 videamini
1301 2758 1363 2812 ab
1390 2759 1482 2812 eis.

209 2856 257 2907 l.
278 2851 424 2906 Vana
449 2852 614 2923 gloria
634 2853 815 2921 probos
832 2851 980 2904 etiam
998 2850 1542 2907 invadit.—Omnium
1566 2852 1734 2905 maxi-

144 2962 225 3001 me
253 2947 593 3016 tyrannicum
615 2946 723 3015 jam
749 2946 985 3001 eliminat
1003 2944 1167 3000 animi
1194 2944 1436 3001 morbum
1461 2985 1476 3011 ,
1503 2944 1728 3009 rabiem,

144 3038 379 3109 inquam,
412 3038 553 3091 illam
593 3046 647 3092 et
688 3035 919 3091 furorem
943 3036 1084 3093 circa
1106 3051 1295 3090 vanam
1321 3034 1541 3106 gloriam
1567 3076 1580 3099 ,
1613 3049 1731 3104 qua:

143 3130 384 3185 homines
431 3131 591 3184 etiam
637 3128 802 3198 probe
845 3137 1063 3199 agentes
1105 3125 1325 3183 invadit.
1380 3130 1427 3183 A
1472 3127 1731 3197 principio

142 3222 351 3293 quidem
382 3222 517 3277 nihil
546 3221 644 3277 hac
668 3221 734 3278 de
763 3238 822 3277 re
842 3220 1091 3293 loquutus
1110 3229 1210 3277 est.
1238 3218 1371 3276 Nam
1401 3221 1727 3292 superﬂuum

143 3316 341 3385 luisset,
376 3316 686 3387 priusquam
714 3314 853 3370 bona
875 3329 1035 3385 opera
1057 3313 1217 3374 edere
1237 3312 1505 3379 suaderet,
1533 3314 1729 3371 docere

142 3409 412 3479 quomodo
440 3408 530 3463 illa
560 3407 798 3463 facienda
843 3416 898 3463 et
936 3403 1179 3461 adeunda
1205 3415 1405 3461 essent.
1437 3405 1724 3478 Postquam

142 3512 307 3560 autem
328 3506 384 3559 in
407 3502 797 3575 philosophiam
825 3501 1047 3567 induxit,
1068 3510 1193 3557 tunc
1211 3500 1425 3556 demum
1446 3515 1587 3569 eam,
1609 3516 1728 3571 qua:

143 3598 480 3669 subrependo
506 3597 674 3668 ipsam
702 3596 920 3652 inlicere
948 3595 1106 3661 solet,
1135 3604 1339 3666 pestem
1364 3593 1575 3651 auferre
1603 3595 1728 3650 niti-

143 3702 239 3747 tur.
270 3692 457 3763 Neque
483 3690 627 3746 enim
672 3700 955 3761 utcumque
980 3690 1212 3761 gignitur
1238 3688 1325 3745 hic
1352 3689 1601 3755 morbus,
1630 3688 1726 3745 sed

145 3796 419 3854 postquam
448 3784 616 3839 multa
639 3791 902 3854 prmcepta
929 3782 1140 3853 egregie
1161 3781 1518 3851 implevimus.
1550 3780 1723 3849 Opor-

145 3876 275 3932 lebat
316 3877 481 3948 igitur
525 3876 670 3947 prius
712 3875 961 3930 virtutem
1007 3875 1278 3939 inserere,
1328 3882 1383 3929 et
1424 3882 1547 3928 tunc
1573 3873 1724 3927 illum

142 3968 295 4023 animi
319 3967 573 4023 affectum
601 3965 847 4035 auferre,
892 3967 980 4037 qui
1016 3967 1131 4037 ejus
1160 3966 1388 4021 fructum
1418 3965 1722 4021 labefactat.

142 4066 214 4117 Ac
239 4064 358 4119 vide
384 4062 527 4119 unde
556 4061 832 4118 exordium
863 4070 1068 4117 sumat:
1101 4076 1129 4116 a
1156 4059 1381 4131 jejunio,
1413 4060 1654 4114 oratione
1670 4066 1725 4113 et

141 4158 496 4229 elcemosyna.
529 4155 586 4211 ln
616 4156 699 4212 his
721 4156 864 4212 enim
894 4154 1126 4209 maxime
1165 4162 1312 4209 recte
1341 4153 1491 4208 factis
1519 4153 1721 4209 versari

142 4253 289 4307 solet.
308 4251 442 4306 Nam
469 4250 773 4306 Phariszeus
794 4248 919 4305 inde
942 4248 1154 4303 inflatus
1175 4246 1419 4303 dicebat:
1445 4246 1632 4319 Jejuno
1648 4246 1723 4302 bis

145 4352 191 4404 in
218 4348 551 4415 hebdomada,
581 4346 802 4402 decimas
832 4345 897 4399 do
916 4345 1139 4399 omnium
1164 4359 1277 4414 qua:
1306 4342 1535 4413 possidco
1565 4342 1719 4414 (Luc.

145 4444 224 4498 18.
252 4443 319 4498 12
342 4443 363 4513 )
390 4460 404 4497 :
433 4442 488 4496 in
520 4441 632 4510 ipsa
653 4439 895 4494 oratione
922 4451 1109 4493 vanam
1135 4435 1383 4508 captabat
1404 4435 1649 4506 gloriam,
1669 4443 1724 4490 et

141 4537 205 4591 ad
230 4535 641 4593 ostentationem
674 4533 1007 4604 precabatur.
1033 4531 1164 4600 Quia
1194 4530 1335 4585 enim
1362 4527 1542 4584 nullus
1585 4528 1721 4583 alius

146 4630 355 4697 aderat,
385 4627 727 4699 publicanum
755 4625 1024 4681 indicabat
1044 4623 1227 4680 dicens
1256 4640 1271 4677 :
1298 4621 1422 4676 Non
1451 4637 1565 4675 sum
1592 4622 1720 4676 sicut

144 4725 299 4779 ueteri
341 4721 642 4783 hominum,
692 4735 850 4789 neque
891 4718 1020 4773 sicut
1047 4718 1127 4771 Itic
1157 4716 1455 4787 publicanus
1479 4713 1639 4788 (Ibid.
1665 4730 1713 4769 υ.

146 4816 201 4869 il
233 4817 268 4884 ).
289 4814 355 4869 Et
374 4812 497 4869 vide
523 4809 797 4882 quomodo
818 4808 1069 4865 Servator
1089 4808 1332 4879 coeperit,
1356 4822 1420 4863 ac
1439 4808 1485 4864 si
1514 4807 1581 4864 de
1609 4807 1717 4863 fera

144 4912 301 4957 astuta
339 4920 406 4959 ac
434 4904 780 4973 deprehensu
803 4903 1001 4958 difﬁcili
1032 4914 1233 4975 ageret,
1256 4920 1378 4974 quae
1401 4921 1504 4959 non
1524 4907 1712 4958 admo-

146 4994 259 5049 dum
272 4996 485 5067 vigilem
500 5010 695 5066 capere
708 5004 887 5067 posset
918 5013 931 5049 :
953 5011 1077 5050 nam
1090 4996 1165 5051 ait
1186 5012 1199 5049 :
1215 4997 1254 5049 Α
1268 4996 1485 5051 (tendite
1503 5013 1564 5050 ne
1579 4995 1713 5049 elec-

149 5106 401 5158 mosynam
420 5100 780 5153 vestram,etc.
800 5088 889 5145 Sic
901 5087 1162 5144 etPaulus
1176 5089 1613 5160 Philippensibus
1631 5090 1711 5143 di-

151 5179 432 5236 citzVidcte
447 5196 605 5235 canes
620 5178 877 5251 (Philipp.
898 5180 952 5234 5.
970 5179 1047 5247 2).
1073 5178 1224 5234 Clam
1244 5180 1385 5234 enim
1412 5179 1711 5250 ingreditur

148 5270 513 5336 fera,etomnia
528 5273 647 5328 sine
658 5272 886 5343 strepitu
901 5271 1237 5343 inﬂat,atque
1250 5273 1430 5327 omnia
1443 5286 1561 5343 quae
1575 5272 1715 5326 intra

148 5366 601 5423 nihilsentientem
621 5365 961 5421 suntaufert.
978 5366 1114 5433 Quia
1136 5364 1298 5436 igitu’r
1316 5366 1609 5436 plurimum
1640 5362 1716 5423 fe-

150 5460 288 5515 citdc
312 5459 655 5528 eleemosyna
701 5466 1007 5510 sermonem
1030 5492 1045 5517 ,
1088 5451 1364 5523 Deumque
1402 5452 1453 5507 in
1483 5452 1717 5509 medium

153 5550 366 5617 adduxit,
400 5548 500 5617 Qui
529 5545 692 5603 solem
711 5560 859 5599 suum
886 5542 1008 5597 oriri
1038 5541 1161 5614 facit
1186 5558 1337 5614 super
1364 5543 1523 5598 malos
1553 5554 1598 5598 et
1624 5543 1717 5598 bo-

154 5659 244 5704 uas,
274 5651 323 5695 ct
350 5640 583 5710 undique
610 5637 675 5692 ad
705 5635 757 5692 id
784 5635 1094 5691 cohortatus
1114 5642 1216 5701 est,
1244 5643 1297 5690 et
1321 5634 1579 5691 donorum
1612 5635 1720 5691 lar-

154 5740 289 5804 gitate
313 5732 635 5798 conspicuos
676 5742 800 5786 esse
829 5727 1033 5792 suasit.
1079 5727 1293 5785 demum
1322 5728 1497 5786 omnia
1538 5730 1669 5787 tollit
1695 5771 1710 5791 .

1841 2681 1959 2735 qua:
1998 2665 2121 2720 huic
2150 2666 2384 2736 pulchrae
2425 2666 2558 2722 oleae
2587 2682 2783 2723 nocere
2810 2678 3048 2739 possent.
3096 2668 3429 2743 Quapropter

1839 2759 1950 2812 ait:
1996 2759 2250 2813 Attendite
2274 2777 2335 2814 ne
2361 2761 2727 2831 eleemosynam
2770 2773 2987 2817 vestram
3025 2765 3225 2835 faciatis
3259 2782 3430 2831 ceram

1840 2851 2146 2907 hominibus.
2174 2852 2307 2907 Nam
2334 2853 2423 2908 illa
2452 2855 2597 2923 prius
2625 2865 2938 2921 memorata,
2966 2856 3059 2911 Dei
3085 2866 3167 2912 est
3193 2858 3428 2915 eleemo-

1839 2961 1989 3016 syna.
2014 2943 2147 2999 Cum
2170 2961 2297 3001 vero
2317 2946 2559 3014 dixisset,
2592 2945 2674 3001 Ne
2696 2949 2899 3020 faciatis
2927 2965 3098 3003 coram
3122 2951 3426 3020 hominibus,

1837 3037 2134 3108 subjunxit,
2171 3037 2238 3094 Ut
2265 3039 2535 3094 videamini
2563 3042 2626 3093 ab
2655 3041 2746 3095 eis.
2781 3041 2849 3095 Et
2878 3041 3084 3097 videtur
3104 3043 3317 3113 quidem
3349 3044 3430 3100 id-

1837 3130 2011 3199 ipsum
2036 3130 2147 3200 jam
2173 3140 2297 3187 ante
2323 3131 2555 3187 dixisse:
2590 3131 2635 3187 si
2663 3132 2784 3203 quis
2804 3148 2931 3189 vero
2952 3134 3232 3205 diligenter
3255 3145 3431 3193 atten-

1835 3220 1947 3289 dat,
1975 3237 2083 3277 non
2110 3221 2339 3293 idipsum
2369 3232 2489 3279 est:
2520 3223 2616 3279 sed
2642 3223 2784 3279 aliud
2813 3224 2946 3292 hoc,
2979 3226 3121 3281 aliud
3148 3226 3277 3284 illud
3299 3236 3383 3283 est
3407 3245 3423 3284 :

1836 3313 2169 3384 multamque
2196 3314 2416 3370 adhibet
2439 3315 2763 3380 cautionem,
2784 3314 3216 3389 inell'abilcmque
3243 3321 3425 3389 provi-

1834 3406 2068 3463 dentiam
2089 3415 2249 3478 atque
2270 3407 2670 3479 indulgentiam.
2696 3409 2880 3465 Potest
2899 3409 3040 3465 enim
3062 3410 3108 3465 is
3133 3412 3222 3482 qui
3243 3428 3423 3468 coram

1836 3499 2141 3555 hominibus
2171 3499 2225 3553 id
2251 3499 2396 3567 facit,
2417 3515 2522 3555 non
2558 3509 2615 3555 ut
2639 3500 2883 3557 videatur
2917 3501 2968 3556 id
2992 3502 3203 3559 facere:
3232 3513 3286 3560 et
3306 3521 3425 3560 rur-

1833 3608 1925 3649 sus
1942 3594 2030 3664 qui
2055 3608 2233 3649 coram
2261 3593 2313 3649 id
2342 3609 2445 3649 non
2464 3594 2606 3659 facit,
2631 3603 2688 3649 ut
2705 3593 2964 3660 videatur,
2991 3593 3188 3651 facere.
3218 3596 3419 3663 Quam-

1832 3686 2019 3744 obrem
2064 3703 2169 3743 non
2203 3687 2515 3757 simpliciter
2545 3703 2687 3753 rem,
2720 3687 2816 3743 sed
2846 3688 3170 3751 voluntatem
3220 3691 3301 3744 vel
3334 3706 3422 3760 pu-

1832 3782 1912 3836 nit
1934 3781 2021 3837 vel
2046 3791 2287 3836 coronat.
2315 3780 2426 3835 Nisi
2461 3780 2603 3836 enim
2639 3795 2702 3836 ea
2736 3780 3081 3853 adhiberetur
3107 3782 3378 3837 accuratio
3402 3825 3417 3846 ,

1831 3873 1933 3929 hoc
1977 3873 2175 3928 multos
2220 3872 2289 3927 ad
2333 3872 2731 3943 eleemosynam
2775 3872 3097 3943 erogandam
3145 3874 3421 3943 Segltiorcs

1830 3965 2171 4032 reddidisset,
2200 3964 2323 4035 quia
2346 3964 2400 4018 id
2432 3978 2536 4018 non
2566 3964 2760 4034 ubique
2779 3964 2916 4019 clam
2940 3964 3054 4018 fieri
3078 3973 3272 4034 potest.
3298 3965 3419 4019 Ideo

1829 4058 1899 4114 ab
1929 4058 2028 4114 hac
2057 4069 2106 4113 te
2130 4057 2415 4113 absolvens
2450 4057 2793 4124 necessitate,
2827 4073 2933 4112 non
2964 4056 3055 4111 fini
3077 4057 3255 4127 operis
3274 4100 3288 4124 ,
3322 4058 3415 4113 sed

1828 4148 2089 4205 voluntati
2117 4147 2357 4203 facientis
2380 4188 2397 4213 ,
2424 4155 2481 4203 et
2508 4162 2721 4217 pmnam
2748 4156 2801 4203 et
2822 4147 3125 4203 mercedem
3155 4148 3413 4204 decernit.

1826 4242 1905 4301 Ne
1925 4242 2071 4298 dicas
2095 4242 2259 4307 enim,
2284 4240 2419 4307 Quid
2447 4240 2669 4296 interest
2688 4255 2807 4295 mea
2829 4241 2873 4294 si
2897 4240 3031 4295 alius
3056 4239 3275 4295 videat?
3297 4241 3413 4295 Nott

1827 4336 1930 4393 hoc
1955 4350 2157 4406 quaero,
2192 4332 2383 4403 inquit,
2412 4332 2508 4388 sed
2548 4340 2782 4388 mentem
2815 4342 2959 4387 tuam
3003 4340 3058 4386 et
3088 4330 3304 4387 modum
3334 4332 3414 4387 i'a-

1826 4430 2031 4487 ciendre
2077 4428 2175 4485 rei.
2223 4428 2469 4483 Animam
2514 4426 2710 4499 quippe
2755 4426 2869 4482 vult
2912 4426 3235 4493 eh‘ormare,
3266 4426 3414 4481 etab

1825 4522 1973 4579 omni
2003 4521 2191 4577 morbo
2221 4519 2471 4575 liberare.
2513 4518 2797 4588 Postquam
2839 4517 2999 4588 igitur
3031 4518 3221 4585 edixit,
3252 4534 3319 4573 ne
3344 4519 3411 4572 ad

1826 4616 2240 4672 ostentationem
2270 4598 2398 4678 fiat,
2446 4619 2502 4667 et
2526 4611 2778 4666 damnum
2808 4608 2989 4666 docuit
3013 4625 3296 4681 emergens
3321 4652 3333 4675 ,
3366 4612 3410 4665 si

1825 4718 2028 4766 temere
2048 4717 2102 4763 et
2128 4705 2521 4763 inconsiderate
2543 4704 2652 4771 liat,
2681 4717 2865 4759 rursus
2884 4703 3183 4759 auditorum
3204 4704 3413 4758 animos

1826 4803 2022 4875 erigit,
2062 4802 2277 4857 Patrem
2304 4812 2730 4857 commemorans
2763 4806 2922 4867 atque
2961 4797 3148 4851 czelum
3169 4837 3184 4862 ,
3217 4812 3284 4850 ne
3312 4796 3411 4849 da-

1825 4909 2011 4952 mnum
2031 4894 2203 4949 solum
2229 4891 2492 4962 tangeret,
2507 4890 2599 4946 sed
2619 4890 2776 4946 etiam
2796 4888 2971 4943 Patris
2988 4887 3242 4942 memoria
3257 4901 3414 4941 coer-

1824 4998 1988 5048 ceret.
2021 4986 2144 5043 Non
2173 4985 2416 5042 habebitis
2435 5025 2451 5051 ,
2484 4983 2693 5053 inquit,
2725 4978 3004 5035 mercedem
3032 4976 3171 5048 apud
3201 4975 3411 5032 Patrem

1824 5091 2043 5137 vestrum
2072 5080 2157 5151 qui
2185 5080 2239 5134 in
2264 5078 2401 5133 cteli:
2430 5083 2520 5132 est.
2545 5075 2728 5144 Neque
2755 5072 2847 5139 hic,
2867 5070 3089 5142 gradum
3110 5069 3286 5137 sistit,
3314 5071 3411 5125 sed

1824 5175 1963 5230 ultra
1991 5171 2263 5243 procedit;
2288 5180 2640 5240 magnamque
2656 5166 2733 5220 cis
2755 5164 2913 5234 hujus
2937 5162 3050 5216 vitii
3074 5162 3409 5217 aversionem

1826 5265 1981 5321 indit.
2024 5260 2482 5331 Quemadmodum
2528 5256 2669 5313 enim
2707 5268 2865 5323 supra
2897 5252 3209 5323 publicanos
3237 5252 3411 5308 ethni-

1825 5372 2023 5427 eosque
2050 5353 2263 5425 posuit,
2314 5359 2374 5408 ut
2421 5348 2725 5406 conditione
2763 5358 3114 5414 personarum
3159 5342 3281 5399 illos
3319 5343 3407 5412 qui

1825 5449 1941 5505 hmc
1966 5449 2301 5503 imitarentur
2326 5443 2531 5514 pudore
2557 5438 2796 5495 alliceret
2823 5456 2835 5493 :
2866 5437 2935 5492 ita
2961 5436 3047 5491 hic
3076 5450 3287 5505 quoque
3315 5436 3411 5506 hy-

1824 5541 2058 5612 pocritas
2079 5546 2360 5593 memorat.
2388 5534 2443 5588 2.
2473 5532 2599 5588 Cum
2619 5530 2763 5601 facis,
2794 5528 2983 5601 inquit,
3009 5527 3380 5598 eleemosynam
3401 5568 3414 5585 .

1824 5631 1929 5687 noli
1960 5630 2077 5686 tuba
2101 5643 2278 5684 canere
2306 5634 2423 5681 ante
2452 5634 2499 5680 te
2519 5665 2535 5689 ,
2580 5623 2709 5677 sicut
2750 5620 3026 5693 hypocrita:
3055 5618 3269 5688 faciunt.
3302 5618 3380 5671 Ilo

1823 5727 1954 5787 dicit
1974 5768 1990 5789 .
2018 5740 2126 5797 non
2154 5721 2296 5790 quod
2323 5721 2398 5780 illi
2436 5720 2590 5779 tubas
2616 5717 2902 5786 haberent,
2932 5712 3026 5771 sed
3066 5722 3124 5769 ut
3151 5723 3346 5781 magna
