3868 6182
428 265 536 329 275

428 384 694 445 insaniam
713 377 981 445 ostendat,
1004 374 1105 431 hac
1124 372 1435 444 metaphora
1461 370 1581 426 illos
1600 367 1807 425 deridet
1830 373 1888 422 et
1904 371 2017 420 «ηι-

429 480 613 544 dueit;
660 485 822 546 atque
847 470 1018 545 probe
1057 467 1366 540 bypocritas
1408 472 1583 520 vocat.
1616 461 1783 516 larva
1820 458 2023 530 quippe

429 573 790 641 eleemosyna:
831 572 984 621 erat:
1015 575 1168 617 mens
1204 573 1333 615 vero
1361 555 1747 613 immanitatem
1783 549 2020 606 crudeli-

431 640 704 731 tatemque
746 654 1124 712 meditabatur.
1165 648 1283 706 Non
1324 649 1468 704 enim
1513 646 1567 702 id
1607 644 1836 716 agebant
1879 640 2023 713 quod

434 750 709 824 proximos
734 748 1140 808 miserarentur,
1168 739 1264 797 sed
1286 748 1343 794 ut
1369 739 1469 809 ipsi
1495 736 1663 808 gloria
1680 734 2023 789 fruerentur:

435 841 578 914 quod
618 850 876 897 extremae
900 845 1020 894 erat
1043 831 1404 899 crudelitatis,
1431 830 1538 885 alio
1564 828 1704 883 fame
1731 834 1989 898 pereunte
2006 864 2023 893 ,

439 935 697 988 honorem
724 938 941 1000 captare
967 967 983 991 .
1014 941 1121 981 non
1163 923 1280 994 ejus
1315 920 1507 992 inopia:
1542 918 1844 976 consulere.
1888 916 2027 972 Vera

438 1040 571 1095 ergo
595 1025 937 1093 eleemosyna
963 1033 1069 1074 non
1090 1025 1170 1073 est
1201 1015 1377 1088 largiri
1404 1023 1631 1081 tantum,
1658 1012 1755 1069 sed
1784 1020 1843 1066 ut
1870 1024 2031 1080 opor-

439 1128 519 1173 tet
544 1117 695 1182 dare,
721 1123 776 1170 et
801 1122 1020 1186 propter
1048 1109 1281 1179 inapiam
1305 1108 1458 1163 dare.

510 1213 567 1267 2.
613 1210 896 1266 Ostentatio
933 1223 966 1261 a
1001 1204 1202 1261 Christo
1236 1201 1491 1275 prohibita
1516 1215 1535 1254 :
1577 1197 1895 1254 Humilitatis
1918 1190 2033 1268 fru-

442 1316 571 1360 ctus.
608 1303 767 1359 Vana:
794 1301 972 1374 gloria:
997 1299 1260 1353 damnum.
1282 1326 1354 1337 -—
1378 1295 1669 1365 Postquam
1708 1292 1868 1364 igitur
1904 1291 2035 1345 satis

447 1403 568 1457 illos
598 1399 830 1456 traduxit
853 1406 909 1453 et
947 1395 1180 1463 notavit,
1212 1401 1271 1449 ut
1297 1390 1593 1447 auditorem
1626 1387 1829 1460 pudore
1857 1386 2036 1442 attice-

444 1503 563 1558 ret,
602 1495 715 1564 jam
752 1490 973 1560 corrigit
1013 1495 1249 1544 mentem
1289 1485 1391 1540 hoc
1428 1482 1617 1539 morbo
1658 1480 2033 1536 laborantem:

444 1601 675 1656 cumque
703 1578 1027 1639 ostendisset
1061 1576 1333 1650 quomodo
1362 1591 1468 1631 non
1496 1573 1613 1628 fieri
1640 1571 1884 1637 deberet,
1911 1584 2036 1623 rur-

444 1694 541 1734 sus
578 1674 849 1747 quomodo
890 1672 1003 1728 ﬁeri
1043 1671 1239 1727 debeat
1266 1666 1523 1725 ostendit.
1559 1662 1841 1732 Quomodo
1882 1661 2041 1731 igitur

453 1772 568 1827 ﬁeri
592 1768 793 1826 debet?
818 1762 875 1824 3.
906 1765 1113 1821 Nesciat
1137 1764 1345 1820 sinistra
1386 1771 1475 1815 tua
1512 1756 1638 1832 quid
1681 1757 1806 1829 facit
1835 1756 2041 1810 dextera

453 1873 560 1917 tua.
587 1861 795 1917 Rursus
825 1858 911 1915 hie
939 1873 1046 1913 non
1073 1870 1265 1912 manus
1290 1852 1629 1915 subindieat;
1660 1849 1756 1907 sed
1775 1848 2044 1920 hyperbo-

449 1954 555 2011 lice
583 1953 638 2009 id
669 1952 867 2024 posuit.
896 1945 1032 2007 Nam
1066 1951 1110 2023 si
1140 1948 1258 2005 ﬁeri
1286 1953 1468 2018 posset
1483 1987 1505 2011 ,γ
1525 1944 1697 2015 inquit
1719 1983 1734 2007 ,
1765 1951 1822 1997 ut
1850 1940 2044 2008 tuipse

452 2049 733 2117 ignorares
752 2087 767 2109 ,
799 2042 931 2099 illud
956 2042 1116 2098 etiam
1145 2039 1439 2096 curandum
1467 2046 1629 2102 esset,
1652 2035 1817 2090 etiam
1848 2034 1891 2088 si
1920 2048 2045 2102 pos-t

452 2150 540 2197 set
569 2140 680 2194 ﬁeri
714 2139 857 2209 ipsas
885 2150 1073 2191 manus
1092 2133 1456 2189 ministrantes
1478 2131 1648 2184 latere
1667 2126 1907 2183 deberet.
1931 2124 2045 2178 Non

458 2241 522 2285 ut
563 2231 778 2301 quidam
825 2228 1047 2291 dicunt,
1078 2224 1139 2279 id
1165 2224 1341 2294 pravis
1386 2218 1761 2276 occultandum
1797 2225 2049 2301 oportere

461 2291 800 2378 hominibus:
830 2318 1037 2375 cunctis
1063 2291 1205 2373 enim
1226 2314 1387 2385 jussit
1415 2310 1689 2367 abscondi.
1717 2291 1918 2367 Deinde
1958 2321 2051 2361 co-

455 2417 565 2487 'gita
596 2422 798 2486 quanta
844 2412 914 2467 sit
941 2424 1170 2465 merces.
1214 2407 1504 2476 Postquam
1547 2403 1690 2457 enim
1731 2398 2048 2472 supplicium

456 2511 724 2576 edixerat,
756 2504 988 2564 ostendit
1007 2503 1131 2559 hinc
1156 2498 1551 2571 decerpendum
1576 2496 1855 2561 honorem,
1881 2494 2054 2550 utrin-

457 2586 587 2677 que'
611 2618 706 2659 eos
731 2596 1012 2671 impellens
1049 2608 1105 2653 et
1136 2596 1202 2651 ad
1226 2595 1508 2651 sublimem
1535 2606 1698 2663 agens
1726 2587 2050 2645 doctrinam.

464 2699 631 2753 Docet
648 2695 849 2766 quippe
874 2700 933 2746 ut
958 2691 1127 2747 sciant
1149 2688 1349 2759 ubique
1370 2688 1537 2742 Deum
1562 2699 1682 2740 esse
1713 2689 2053 2753 praesentem,

464 2798 659 2860 resque
684 2795 899 2843 nostras
926 2799 1031 2840 non
1056 2796 1181 2839 esse
1206 2780 1489 2852 praesentis
1518 2777 1642 2832 vita:
1673 2775 1927 2831 limitibus
1951 2773 2057 2828 cir-

464 2879 839 2948 cumscriptas,
870 2875 964 2930 sed
992 2871 1282 2929 terribilius
1301 2869 1426 2925 hinc
1450 2882 1551 2923 nos
1569 2874 1914 2935 excepturum
1937 2876 2058 2918 esse

471 2970 726 3033 tribunal,
747 2977 800 3024 et
819 2967 1055 3023 rationes
1078 2962 1379 3020 reddendas
1407 2959 1521 3016 fore
1542 2968 1756 3014 actuum
1774 2956 2017 3012 omnium
2036 2968 2056 3019 ;

469 3064 700 3131 hincque
730 3059 811 3115 vel
828 3054 1067 3113 honores
1090 3054 1175 3110 vel
1196 3051 1474 3123 supplicia,
1504 3063 1569 3105 ac
1586 3062 1689 3103 nec
1712 3060 1932 3118 parvum
1960 3059 2061 3101 nec

468 3171 720 3227 magnum
746 3166 880 3222 opus
913 3150 1080 3205 latere
1112 3159 1273 3218 posse
1292 3186 1307 3211 ,
1338 3144 1466 3200 licet
1503 3142 1748 3197 homines
1775 3140 1942 3196 latere
1972 3138 2060 3193 vi.

470 3225 680 3306 deatur.
720 3245 843 3300 Haec
890 3242 1088 3314 quippe
1115 3238 1293 3294 omnia
1332 3232 1695 3292 subindicavit
1731 3231 1953 3288 dicens:
2001 3225 2057 3286 tl.

474 3339 634 3395 Pater
662 3348 809 3404 tuus,
836 3336 922 3407 qui
949 3332 1083 3389 videt
1112 3332 1165 3386 in
1193 3326 1485 3385 abscondito
1508 3368 1524 3394 ,
1557 3325 1733 3381 reddet
1758 3323 1846 3379 tibi
1873 3325 1928 3377 in
1952 3339 2064 3377 ma-

471 3435 697 3506 nifesto:
724 3441 972 3499 maguum
1000 3435 1055 3482 et
1079 3421 1394 3480 honurabile
1424 3419 1690 3476 theatrum
1724 3418 1832 3488 ipsi
1854 3415 2062 3472 consti-

471 3536 631 3581 tuens
655 3565 670 3590 ,
697 3522 784 3577 ubi
814 3520 865 3576 id
892 3518 1033 3591 quod
1054 3515 1420 3587 concupiscit,
1448 3513 1497 3570 ei
1518 3511 1730 3567 abunde
1773 3509 2062 3565 admodum

470 3616 702 3671 dabitur.
750 3612 888 3681 Quid
934 3609 1056 3666 vis?
1100 3609 1335 3678 inquiet:
1382 3620 1563 3663 annon
1609 3601 1819 3676 aliquos
1863 3602 2063 3658 habere

469 3719 748 3780 gestorum
795 3702 1166 3775 spectatores?
1194 3700 1335 3757 Ecce
1358 3700 1524 3756 habes
1550 3741 1566 3765 ,
1608 3713 1715 3753 non
1757 3698 1980 3768 angelus
2010 3704 2065 3752 et

470 3799 822 3869 archangclos
865 3804 1069 3851 tantum
1093 3836 1110 3862 ,
1150 3793 1245 3850 sed
1287 3802 1344 3849 et
1384 3793 1751 3848 universorum
1784 3788 1948 3846 Deum
1975 3806 1989 3843 :
2015 3789 2063 3844 si

464 3894 636 3949 etiam
676 3890 925 3946 homines
973 3886 1170 3942 habere
1206 3894 1541 3957 spectatores
1583 3883 1953 3952 concupiscis,
1995 3895 2065 3937 ne

470 3985 579 4041 hoc
604 3982 820 4054 quidem
862 3978 1189 4036 desiderium
1224 3976 1396 4033 fructu
1436 3990 1662 4032 vacuum
1691 3968 1795 4030 erit
1821 3983 2064 4044 tempore

471 4086 815 4150 opportuno;
848 4074 956 4130 imo
986 4070 1039 4129 id
1066 4072 1157 4128 tibi
1184 4085 1307 4127 cum
1332 4068 1523 4139 majori
1551 4068 1769 4124 cumulo
1798 4064 2065 4136 prrestabi-

474 4181 584 4227 tur.
616 4169 766 4225 Nunc
804 4166 946 4222 enim
974 4164 1019 4220 si
1062 4173 1115 4219 te
1160 4161 1517 4218 ostentaveris
1539 4204 1554 4225 ,
1583 4159 1723 4230 apud
1762 4158 1949 4215 decem
1979 4156 2063 4213 vel

473 4262 686 4334 viginti,
707 4260 793 4316 vel
823 4267 1036 4315 centum
1064 4255 1309 4311 homines
1339 4263 1545 4309 tantum
1573 4258 1847 4308 ostentare
1878 4259 1929 4305 te
1961 4264 2060 4320 ρο-

473 4354 641 4418 teris;
669 4351 752 4406 sin
783 4348 1001 4405 studeas
1030 4362 1171 4402 nunc
1196 4346 1383 4411 latere,
1404 4353 1530 4400 tunc
1556 4354 1612 4399 te
1630 4342 1747 4412 ipse
1770 4342 1911 4397 Deus
1933 4355 2065 4411 prte-

471 4444 695 4507 dicabit,
721 4451 833 4498 toto
861 4447 1124 4511 praesente
1151 4437 1298 4492 orbe.
1324 4436 1507 4506 Itaque
1541 4434 1592 4490 si
1621 4443 1901 4503 tantopere
1931 4432 2064 4487 velis

475 4535 724 4591 homines
752 4540 901 4602 gesta
926 4541 1013 4585 tua
1036 4529 1241 4595 videre,
1270 4525 1540 4583 absconde
1556 4540 1703 4580 nunc
1728 4525 1837 4591 illa,
1861 4532 2060 4579 utcnm

474 4625 669 4697 majori
702 4624 906 4679 honore
932 4629 1025 4676 tuo
1055 4620 1143 4675 illa
1171 4632 1359 4673 omnes
1386 4626 1515 4671 tunc
1539 4615 1777 4680 videant,
1805 4614 1914 4668 Deo
1949 4613 2061 4684 ipsa

473 4715 759 4775 manifesta
789 4713 1067 4777 reddente,
1100 4711 1391 4766 extollente
1415 4750 1430 4774 ,
1459 4717 1515 4764 et
1543 4707 1683 4778 apud
1713 4721 1902 4762 omnes
1928 4721 2063 4776 ιιι-ει)-

464 4812 712 4867 dicante.
741 4806 893 4862 Nunc
924 4817 1103 4859 autem
1136 4812 1188 4858 te
1230 4804 1320 4871 qui
1356 4800 1589 4855 viderint
1612 4800 1975 4864 damnabunt,
2008 4807 2066 4853 ut

465 4917 627 4959 vanae
651 4899 837 4973 gloria:
862 4897 1111 4968 cupidum
1135 4910 1151 4954 :
1173 4908 1294 4950 cum
1318 4907 1477 4964 porro
1500 4901 1551 4947 te
1575 4900 1889 4947 coronatum
1913 4889 2062 4945 vide-

462 4995 629 5063 ‘bunt,
656 5008 765 5049 non
787 4989 947 5046 modo
974 5001 1080 5043 non
1104 4984 1454 5050 damnabunt,
1482 4983 1575 5039 sed
1599 4984 1760 5039 etiam
1789 4981 2064 5037 mirabun-

465 5099 563 5145 tur
586 5100 797 5143 omnes.
828 5084 964 5140 Cum
993 5081 1174 5151 itaque
1200 5088 1256 5134 et
1284 5092 1493 5134 merces
1537 5085 1718 5147 parata
1746 5076 1853 5141 sit,
1884 5084 1940 5131 et
1963 5075 2062 5130 ad-

464 5179 741 5238 anirationi
779 5178 987 5233 futurus
1011 5174 1109 5239 sis,
1139 5173 1184 5227 si
1216 5172 1433 5243 paulum
1480 5169 1738 5241 temporis
1758 5178 2059 5238 exspectes,

464 5272 645 5343 cogita
666 5276 877 5342 quantas
896 5266 1135 5323 stultitia:
1150 5273 1295 5321 esset
1314 5272 1598 5333 utrumque
1618 5262 1777 5317 simut
1793 5261 2059 5324 amittere,

459 5363 601 5420 dum
627 5374 682 5417 et
706 5376 736 5415 a
758 5360 871 5418 Deo
891 5374 1097 5415 merces
1118 5358 1337 5429 petitur,
1359 5364 1415 5411 et
1434 5356 1550 5411 Deo
1574 5354 1789 5410 vidente
1815 5352 2062 5407 homines

464 5461 768 5511 evocantur
804 5460 1076 5521 gestorum
1121 5458 1470 5520 spectatores.
1499 5447 1555 5502 Si
1581 5446 1724 5501 enim
1754 5459 1854 5499 nos
1876 5452 2061 5499 osten-

475 5554 592 5602 tare
620 5543 889 5610 volumus,
919 5542 1066 5597 Patri
1086 5550 1211 5598 ante
1236 5541 1413 5596 omnia
1443 5555 1563 5595 sese
1589 5538 1877 5594 ostendere
1903 5551 2065 5606 Opor-

473 5645 552 5694 tet
577 5653 592 5703 ;
630 5634 863 5690 maxime
888 5648 1018 5690 vero
1046 5647 1169 5688 cum
1196 5641 1251 5688 et
1278 5632 1571 5689 coronandi
1612 5638 1668 5686 et
1695 5627 1947 5701 puniendi
1967 5627 2064 5681 do-

465 5726 653 5783 minus
677 5728 746 5786 sit
767 5725 945 5785 Pater.
965 5724 1124 5783 Certe
1149 5724 1356 5782 etiamsi
1379 5724 1582 5789 nullum
1606 5723 1733 5781 hinc
1749 5725 2066 5793 sequeretur

1170 251 1229 315 S.
1273 247 1553 314 JOANNIS
1588 240 2092 307 CHRYSOSTOMI.
2124 238 2448 300 ARCHIEP.
2487 240 3028 300 CONSTANTINOP.

3607 243 3718 301 276

2128 361 2390 420 damnum
2411 403 2427 429 ,
2447 377 2556 417 non
2576 370 2851 433 oporteret
2871 360 3057 431 gloria:
3078 360 3333 433 cupidum
3357 404 3373 429 ,
3401 362 3504 419 hoc
3530 362 3725 419 relicto

2127 455 2340 511 theatro
2364 454 2639 509 hominum
2668 461 2922 523 expetere
2962 454 3253 509 theatrum.
3300 453 3432 523 Quis
3470 455 3619 510 enim
3649 455 3725 511 ita

2128 549 2293 604 miser
2320 555 2485 610 esset,
2515 556 2573 600 ut
2598 561 2724 616 rege
2748 545 3037 601 festinante
3053 544 3118 600 ad
3141 553 3286 600 recte
3311 545 3575 600 factorum
3605 545 3728 615 ejus

2129 639 2493 712 spectaculum
2542 635 2818 704 accedere,
2852 635 2943 692 illo
2984 635 3191 703 relicto,
3220 651 3513 707 pauperum
3560 644 3731 706 atque

2132 732 2498 792 mendicorum
2548 731 2652 787 sibi
2698 730 3063 802 spectaculum
3104 730 3404 786 statueret?
3442 729 3568 784 ideo
3615 744 3729 783 non

2132 829 2296 885 modo
2319 827 2562 899 prmcipit
2588 833 2648 881 ut
2688 840 2790 882 nos
2818 840 2924 881 non
2949 833 3282 880 ostentemus
3300 865 3316 889 ,
3358 823 3452 879 sed
3477 823 3641 878 etiam
3671 833 3733 876 ut

2134 921 2305 977 latere
2344 919 2675 975 studeamus.
2711 918 2827 973 Non
2858 919 3002 975 enim
3032 918 3235 989 arquale
3262 925 3377 985 est,
3417 931 3526 973 non
3547 932 3611 973 se
3633 932 3729 972 os-

2136 1013 2375 1072 tentandi
2401 1013 2635 1069 studium
2664 1008 2867 1068 habere
2890 1053 2906 1078 ,
2930 1022 2989 1067 et
3017 1012 3248 1067 latebras
3283 1025 3547 1081 quaerere.
3574 1013 3631 1067 5.
3664 1010 3736 1068 Et

2132 1123 2253 1161 cum
2286 1106 2445 1161 oratis
2467 1146 2483 1172 ,
2514 1106 2672 1159 nolite
2704 1105 2815 1172 ﬁeri
2861 1105 2990 1159 sicut
3016 1105 3293 1174 hypocrita:
3315 1144 3331 1171 ,
3363 1105 3451 1175 qui
3479 1114 3658 1159 amant
3679 1105 3735 1158 in

2138 1199 2413 1270 synagogis
2452 1207 2499 1251 et
2522 1198 2576 1251 in
2604 1197 2807 1267 angulis
2846 1197 3128 1267 platearum
3150 1206 3339 1251 stantes
3361 1214 3509 1252 orare
3530 1238 3544 1262 ,
3576 1208 3634 1250 ut
3660 1198 3737 1250 vi-

2136 1290 2356 1345 deantur
2378 1289 2442 1343 ab
2468 1283 2771 1344 hominibus.
2796 1289 2954 1343 Amen
2971 1289 3085 1343 dico
3104 1290 3263 1353 vobis,
3281 1300 3575 1358 receperunt
3603 1305 3740 1343 mer—

2137 1382 2312 1437 cedem
2339 1397 2505 1436 suam.
2536 1381 2592 1436 6.
2622 1380 2700 1434 Tu
2728 1390 2894 1435 autem
2934 1398 3049 1435 cum
3074 1380 3330 1447 oraveris,
3361 1381 3497 1435 intra
3524 1383 3577 1435 in
3601 1380 3741 1434 cubi-

2140 1477 2317 1532 culum
2344 1485 2488 1529 tuum
2514 1517 2528 1541 ,
2561 1484 2610 1529 et
2634 1476 2810 1530 clauso
2840 1476 2992 1541 ostio,
3021 1491 3113 1529 ora
3135 1473 3344 1529 Patrem
3378 1485 3521 1528 tuum
3545 1476 3632 1541 qui
3662 1486 3738 1529 est

2142 1572 2197 1626 in
2223 1570 2538 1625 abscondito.
2578 1570 2808 1626 Rursum
2840 1570 2938 1625 hos
2968 1569 3274 1640 hypocritas
3301 1582 3494 1638 vocat,
3537 1580 3593 1626 et
3615 1572 3742 1642 jure

2145 1660 2361 1733 quidem
2384 1670 2403 1715 ξ
2428 1660 2548 1731 quia
2574 1674 2697 1715 cum
2730 1675 2787 1715 se
2812 1661 2976 1715 Deum
3001 1676 3158 1716 orare
3188 1662 3461 1729 simulant,
3493 1663 3743 1717 homines

2147 1752 2605 1823 circumSpiciunt,
2638 1768 2741 1808 non
2771 1753 3071 1824 supplicum
3098 1764 3247 1809 veste
3267 1754 3457 1820 induti,
3489 1755 3583 1810 sed
3613 1755 3746 1809 ridi-

2148 1847 2394 1903 culorum
2438 1846 2737 1903 hominum.
2779 1848 2879 1914 Qui
2925 1849 3069 1904 enim
3111 1848 3177 1903 ad
3223 1850 3633 1921 supplicandum
3684 1868 3746 1908 se

2150 1948 2417 2012 przeparat
2438 1982 2452 2005 ,
2480 1941 2730 1995 ontnibus
2749 1941 2975 2008 relictis,
3008 1942 3152 1996 illum
3183 1943 3416 1998 intuetur
3440 1958 3630 2011 unum,
3652 1947 3751 2014 qui

2153 2043 2330 2104 potest
2354 2034 2616 2106 postulata
2647 2034 2796 2089 dare.
2826 2034 2979 2102 Quod
3008 2034 3053 2089 si
3085 2035 3177 2090 illo
3204 2035 3412 2100 relicto,
3443 2037 3747 2092 Circumeas

2155 2140 2344 2181 errans
2367 2167 2384 2192 ,
2414 2130 2470 2181 et
2497 2124 2731 2195 undique
2774 2126 3211 2198 circumspiciens
3232 2168 3248 2194 ,
3290 2127 3469 2183 vacuis
3495 2129 3749 2183 manibus

2154 2219 2431 2275 abscedes.
2464 2219 2576 2274 lloc
2598 2222 2743 2279 enim
2782 2229 2838 2276 tu
2874 2220 3108 2277 voluisti.
3134 2216 3260 2278 Ideo
3292 2232 3398 2275 non
3430 2218 3578 2287 dixit,
3609 2221 3745 2275 tales

2157 2310 2404 2369 homines
2439 2312 2736 2369 mercedem
2768 2329 2873 2369 non
2917 2324 3232 2386 accepturos
3269 2330 3390 2371 esse
3411 2358 3424 2380 ,
3450 2315 3545 2371 sed
3593 2330 3751 2371 rece-

2157 2416 2335 2486 pisse;
2360 2415 2411 2469 id
2432 2423 2516 2469 est
2537 2456 2553 2480 ,
2581 2414 2842 2483 recipient
2865 2413 3078 2484 quidem
3101 2454 3115 2479 ,
3143 2414 3236 2469 Sed
3263 2429 3295 2469 a
3319 2414 3511 2485 quibus
3533 2414 3751 2469 deside.

2158 2516 2300 2562 rant.
2338 2505 2456 2562 Non
2482 2506 2625 2562 enim
2659 2506 2760 2561 hoc
2797 2506 2937 2562 Deus
2973 2506 3207 2571 volebat,
3234 2506 3329 2563 sed
3354 2508 3603 2577 cupiebat
3636 2508 3753 2577 ipse

2160 2616 2313 2658 suam
2336 2600 2577 2672 praebere
2604 2599 2928 2656 mercedem.
2960 2600 3040 2656 Illi
3070 2616 3198 2656 vero
3225 2601 3526 2657 mercedem
3558 2601 3633 2656 ab
3656 2600 3757 2655 lto-

2162 2694 2399 2750 minibus
2427 2704 2735 2765 quaerentes
2754 2728 2773 2760 ,
2802 2708 2910 2749 non
2939 2693 3009 2749 ab
3046 2692 3141 2749 illo
3167 2702 3439 2750 merentur
3462 2693 3714 2763 accipere
3738 2736 3755 2759 .

2164 2798 2385 2861 propter
2415 2804 2572 2859 quem
2594 2786 2727 2843 nihil
2754 2786 3015 2845 fecerunt.
3032 2787 3112 2844 Tu
3137 2803 3264 2844 vero
3284 2788 3416 2843 mihi
3440 2788 3757 2844 consideres

2164 2884 2321 2939 velim
2350 2881 2443 2939 Dei
2486 2881 2866 2954 benignitatem
2886 2925 2903 2951 ,
2934 2887 3191 2954 quoniam
3217 2887 3281 2939 de
3307 2883 3498 2952 quibus
3527 2898 3557 2937 a
3600 2882 3759 2938 nobis

2166 2984 2383 3047 rogatur
2408 2975 2563 3031 bonis
2586 3016 2602 3043 ,
2632 2973 2935 3030 mercedem
2959 2988 3021 3030 se
3048 2973 3295 3030 daturum
3337 2974 3638 3046 pollicetur.
3668 2974 3759 3029 Vi-

2168 3076 2419 3138 tuperans
2465 3066 2626 3138 igitur
2662 3066 2822 3133 illos,
2864 3066 2953 3137 qui
2997 3081 3102 3120 non
3148 3074 3206 3120 ut
3247 3065 3401 3122 decet
3444 3065 3547 3121 hoc
3577 3064 3761 3121 ofﬁcio

2166 3172 2409 3225 utuntur.
2438 3171 2551 3219 tum
2576 3177 2607 3218 a
2637 3160 2776 3230 loco,
2803 3170 2912 3217 tum
2943 3160 3011 3217 ab
3038 3158 3252 3228 aﬂ‘ectu,
3280 3176 3402 3217 cum
3431 3160 3762 3217 ostendisset

2167 3257 2287 3313 illos
2315 3255 2601 3312 admodum
2630 3254 2883 3311 ridiculos
2911 3269 3051 3319 esse,
3072 3256 3330 3327 optimum
3357 3255 3621 3311 orationis
3650 3270 3762 3311 mo-

2166 3350 2293 3406 dum
2334 3348 2572 3415 inducit,
2606 3358 2661 3405 et
2704 3364 2890 3404 rursus
2937 3346 3240 3405 mercedem
3271 3346 3496 3415 tribuit,
3518 3346 3711 3403 dicens
3746 3367 3759 3401 :

2168 3443 2318 3500 Intra
2342 3445 2396 3499 in
2425 3443 2711 3498 cubiculum
2738 3453 2901 3497 luunt.

2239 3540 2291 3596 δι
2319 3539 2500 3608 Qualis
2519 3540 2802 3610 requiratur
2821 3537 2872 3591 in
2894 3535 3122 3591 oratione
3140 3534 3418 3590 humilitas.
3441 3532 3627 3589 Oratio
3645 3550 3763 3589 cum

2168 3632 2439 3689 voluntatis
2469 3630 2637 3685 studio
2665 3628 2958 3684 emittenda.
2990 3626 3261 3683 Precantis
3288 3643 3389 3681 non
3418 3643 3516 3682 vox
3541 3627 3765 3697 requiri-

2170 3738 2270 3782 tur.
2299 3757 2372 3769 —-
2391 3724 2528 3794 Quid
2556 3723 2736 3796 igitur,
2769 3723 3041 3795 inquit,'in
3071 3721 3295 3778 ecclesia
3326 3734 3430 3775 non
3461 3719 3765 3775 orandum?

2167 3818 2308 3877 Sane
2332 3818 2545 3891 quidem
2585 3818 2845 3874 orandum
2864 3858 2879 3883 ,
2911 3815 3004 3872 sed
3033 3831 3156 3872 eum
3186 3816 3452 3871 voluntate
3481 3814 3593 3869 tali.
3628 3813 3763 3869 Nam

2169 3918 2313 3974 Deus
2334 3914 2530 3986 ubique
2551 3928 2672 3971 cum
2703 3913 2791 3979 sit,
2818 3920 3087 3985 gestorum
3113 3924 3334 3981 scopum
3356 3909 3599 3980 requirit.
3625 3908 3766 3963 Alio-

2168 4010 2295 4080 quin
2326 4008 2371 4063 si
2398 4008 2453 4062 in
2480 4005 2784 4062 cubiculum
2822 4004 3092 4075 ingressus
3120 4001 3231 4068 sis,
3260 4002 3585 4072 jannamque
3611 3999 3766 4055 clau-

2164 4101 2264 4157 das
2284 4143 2301 4171 ,
2331 4100 2490 4172 idque
2524 4098 2589 4153 ad
2619 4096 3029 4154 ostentationem
3069 4095 3263 4161 iacias,
3292 4092 3425 4150 nihil
3457 4094 3549 4149 tibi
3581 4093 3768 4163 ianuis

2166 4209 2306 4264 opus
2335 4202 2437 4249 est.
2468 4189 2600 4247 Vide
2630 4188 2788 4262 igitur
2824 4197 2881 4244 et
2916 4188 3002 4244 hic
3038 4200 3199 4259 quam
3228 4194 3532 4242 accuratam
3558 4184 3763 4241 distin-

2163 4288 2400 4344 ctionem
2427 4282 2667 4356 posuerit
2686 4280 2897 4349 dicens,
2928 4279 2996 4335 Ut
3018 4288 3297 4351 appareant
3321 4276 3628 4332 hominibus.
3656 4275 3767 4331 ita-

2165 4397 2276 4454 que
2320 4379 2529 4437 etiamsi
2563 4379 2755 4449 januas
2795 4374 3085 4439 clauseris,
3132 4372 3184 4428 id
3228 4380 3279 4427 te
3320 4371 3434 4426 vult
3472 4380 3765 4441 antequam

2165 4474 2388 4532 claudas
2418 4482 2562 4529 recte
2585 4471 2764 4526 facere
2785 4510 2802 4537 ,
2832 4483 3025 4539 nempe
3051 4476 3107 4522 ut
3131 4467 3291 4523 etiam
3322 4466 3516 4522 mentis
3544 4475 3651 4521 tuae
3674 4466 3765 4535 ja-

2172 4585 2303 4624 nuas
2331 4566 2567 4622 claudas.
2600 4564 2731 4619 Nam
2762 4576 2895 4616 vana
2935 4560 3101 4633 gloria
3143 4573 3357 4628 semper
3384 4572 3610 4612 vacuum
3641 4572 3766 4613 esse

2168 4662 2427 4732 optim-um
2449 4666 2571 4723 est;
2599 4655 2830 4712 maxime
2856 4669 2984 4710 vero
3012 4654 3064 4708 in
3092 4652 3353 4709 oratione.
3382 4648 3440 4706 Si
3464 4652 3611 4705 enim
3642 4651 3767 4705 abs-

2165 4770 2273 4826 que
2307 4751 2413 4808 hoc
2448 4750 2578 4806 vitio
2618 4756 2798 4804 mente
2835 4761 3111 4811 erramus,
3141 4754 3197 4800 et
3222 4742 3690 4810 circumferimur;
3720 4742 3765 4796 si

2168 4862 2291 4902 cum
2319 4845 2419 4899 hoc
2449 4844 2636 4898 morbo
2664 4839 3044 4912 ingrediamur,
3072 4835 3411 4908 quandonam
3441 4849 3504 4889 ea
3531 4849 3654 4904 qme
3677 4833 3762 4887 di-

2168 4940 2340 4994 cimus
2381 4934 2699 4991 audiemus?
2734 4934 2817 4989 sin
2861 4946 2960 4988 nos
2997 4931 3088 5002 qui
3126 4929 3487 5000 supplicamus
3514 4936 3569 4981 et
3599 4926 3764 4982 obse-

2164 5049 2381 5091 cramus
2401 5073 2417 5099 ,
2448 5047 2553 5086 non
2580 5029 2825 5085 audimus
2844 5069 2860 5096 ,
2886 5023 3154 5097 quomodo
3183 5024 3344 5077 Deum
3378 5029 3434 5075 ut
3457 5018 3644 5074 audiat
3670 5035 3762 5075 ro-

2168 5127 2391 5199 gamus?
2418 5126 2666 5181 Attamen
2696 5121 2910 5194 qnidam
2950 5128 3073 5176 sunt
3104 5116 3194 5189 qui
3233 5125 3355 5187 post
3398 5121 3474 5169 tot
3509 5122 3750 5184 tantaque
3770 5138 3781 5232 ι

2169 5231 2433 5292 prtecepta
2460 5223 2533 5278 ita
2562 5216 2783 5288 turpiter
2802 5215 2857 5270 in
2878 5213 3121 5271 oratione
3145 5225 3204 5266 se
3230 5218 3441 5282 gerunt,
3468 5216 3526 5262 ut
3548 5208 3748 5263 etiams‘

2168 5325 2396 5381 corpore
2424 5309 2617 5369 occulti
2645 5307 2753 5364 sint
2772 5348 2789 5375 ,
2820 5320 2953 5362 voce
2990 5303 3237 5360 omnibus
3266 5315 3326 5357 se
3359 5300 3555 5356 faciant
3583 5300 3757 5353 mani-

2168 5402 2333 5459 festos
2352 5446 2365 5469 ,
2391 5401 2693 5461 scurriliter
2719 5399 3012 5455 clamantes
3034 5438 3051 5465 ,
3080 5404 3133 5451 et
3161 5393 3344 5450 habitu
3374 5406 3612 5463 voceque
3642 5405 3764 5446 sese

2170 5495 2425 5551 ridiculos
2465 5493 2797 5551 exhibentes.
2835 5494 3030 5548 Annon
3069 5488 3218 5545 vides
3252 5487 3411 5544 etiam
3442 5485 3498 5540 in
3529 5485 3648 5539 foro
3669 5526 3685 5550 ,
3718 5483 3763 5537 si

2170 5596 2290 5667 quis
2319 5590 2387 5642 ita
2417 5603 2476 5644 se
2506 5596 2677 5659 gerat,
2704 5597 2901 5642 etcum
2926 5584 3159 5641 clamore
3184 5580 3466 5651 supplicet,
3490 5575 3765 5649 quomodo

2173 5690 2320 5748 illum
2340 5697 2499 5746 etiam
2531 5699 2689 5757 quem
2727 5688 2878 5754 rogat
2906 5685 3189 5746 umoveat;
3220 5675 3265 5731 si
3293 5680 3472 5729 autem
3496 5668 3680 5744 quiete
3708 5678 3763 5727 et
