3868 6182
140 288 248 343 επ

142 420 265 459 cum
294 400 508 460 decenti
554 399 733 454 habitu
758 439 772 457 .
805 406 916 451 tum
953 394 1184 449 maxime
1220 393 1455 449 inﬂectat
1487 407 1608 457 eum
1638 393 1727 462 qui

143 497 369 568 gratiam
401 493 649 549 conferre
684 489 897 559 potest?
924 486 1002 542 Ne
1041 486 1218 556 itaque
1246 484 1427 539 habitu
1455 485 1693 553 corporis
1717 526 1731 549 ,

145 605 318 660 neque
345 588 493 643 vocis
519 587 756 641 clamore
774 623 791 648 ,
824 581 916 637 sed
949 582 1235 635 voluntatis
1263 578 1440 634 studio
1466 578 1736 632 orationes

143 685 487 745 omittamus;
530 693 704 748 neque
748 691 870 731 cum
918 674 1144 743 Strepitu
1185 682 1239 727 et
1283 672 1500 733 sonitu,
1546 670 1629 724 vel
1669 670 1733 722 ad

143 776 595 839 ostentationem,
627 786 696 826 ne
733 769 1005 839 proximos
1049 767 1201 820 nobis
1236 764 1567 834 expellamus
1589 804 1604 827 ,
1641 761 1735 815 sed

142 884 265 923 cum
308 865 573 920 modestia
613 862 795 924 omni,
824 858 986 914 animi
1021 857 1375 920 contritione,
1401 863 1461 910 et
1487 854 1737 924 Iacrymis

144 958 509 1014 interioribus.
538 953 643 1011 Sed
672 952 823 1008 doles
851 950 1063 1015 animo,
1098 962 1198 1002 nec
1225 955 1378 1015 potes
1404 960 1512 998 non
1536 943 1735 998 clama-

144 1055 238 1109 re?
281 1052 396 1106 hno
430 1050 662 1104 maxime
686 1046 913 1102 dolentis
941 1052 1023 1099 est
1052 1042 1130 1096 sic
1152 1055 1308 1096 orare
1328 1082 1341 1101 .
1371 1048 1427 1093 et
1452 1038 1737 1093 obsecrare

144 1154 199 1199 ut
240 1144 374 1197 dixi.
423 1142 554 1196 Nam
590 1150 650 1195 et
690 1138 898 1208 Moyses
933 1134 1177 1197 dolebat,
1212 1131 1393 1200 sicque
1433 1127 1651 1193 orabat,
1682 1134 1738 1181 et

143 1235 461 1290 audiebatur
488 1250 501 1286 :
532 1231 757 1297 ideoque
787 1228 921 1283 dixit
964 1226 1034 1279 illi
1083 1225 1220 1278 Deus
1249 1238 1265 1273 ι
1295 1220 1430 1286 Quid
1456 1221 1645 1274 clamas
1669 1218 1737 1271 ad

143 1347 219 1382 me
260 1327 460 1398 (Exod.
498 1326 586 1379 Η.
618 1320 754 1394 15)?
796 1324 945 1375 Anna
974 1332 1184 1398 quoque
1218 1329 1451 1377 rursum,
1482 1327 1602 1366 cum
1632 1326 1735 1364 Vox

143 1436 249 1475 non
279 1419 578 1480 audiretur,
609 1413 785 1469 omnia
813 1427 931 1481 qua:
955 1396 1121 1462 voluit
1144 1405 1469 1473 impetravit,
1496 1404 1616 1473 quia
1643 1417 1737 1455 eor

141 1512 259 1580 ejus
301 1507 569 1563 clamabat
611 1505 689 1577 (1.
717 1503 841 1572 Reg.
874 1500 949 1572 l).
978 1500 1112 1554 Abel
1138 1512 1265 1551 vero
1295 1510 1399 1550 non
1425 1493 1587 1549 silens
1616 1507 1735 1547 mo-

141 1604 244 1663 do,
277 1600 373 1655 sed
419 1600 579 1652 etiam
620 1595 858 1650 moriens
901 1592 1247 1662 precabatur,
1278 1599 1333 1643 et
1375 1585 1590 1656 sanguis
1619 1584 1737 1653 ejus

142 1697 265 1749 tuba
291 1693 574 1748 clariorem
614 1688 893 1743 emittebat
926 1700 1133 1739 vocem.
1176 1681 1467 1753 Ingemisce
1498 1679 1654 1748 igitur
1682 1690 1736 1732 et

143 1796 196 1841 tu
222 1786 475 1841 similiter
505 1792 561 1837 ut
590 1782 683 1836 ille
713 1788 928 1835 sanctus
956 1794 969 1829 :
1000 1775 1052 1830 id
1082 1790 1187 1830 non
1218 1772 1473 1843 impedio.
1504 1769 1731 1832 Scinde,

140 1888 198 1934 ut
222 1879 488 1948 propheta
521 1874 715 1944 jussit,
747 1886 842 1926 cor
870 1879 1019 1924 tuum
1041 1907 1057 1933 ,
1086 1875 1142 1921 et
1168 1880 1272 1919 non
1301 1862 1615 1918 vestimenta
1648 1870 1734 1914 tua

142 1972 308 2043 (Joel
332 1970 391 2023 2.
422 1970 494 2023 I5
526 1970 564 2038 ).
597 1967 672 2021 De
711 1961 985 2035 profundis
1028 1959 1213 2014 invoca
1256 1956 1462 2019 Deum;
1501 1968 1624 2007 nam
1663 1951 1738 2005 ait

141 2041 230 2118 ille
252 2104 269 2128 ,
299 2060 382 2115 De
406 2057 677 2131 profundis
704 2053 918 2109 clamavi
941 2052 1009 2104 ad
1032 2060 1117 2117 te,
1149 2047 1365 2102 Domine
1395 2045 1413 2116 (
1431 2043 1577 2099 Psal.
1609 2041 1733 2097 I29.

144 2156 196 2224 1)
228 2173 243 2208 :
276 2170 340 2210 ex
384 2153 573 2207 intimo
601 2149 781 2205 cordis
808 2146 885 2201 tui
915 2158 1103 2200 vocem
1144 2139 1352 2195 attrahe
1375 2180 1389 2202 ,
1422 2137 1507 2193 fac
1534 2137 1734 2191 oratio-

142 2262 263 2303 nem
297 2254 443 2299 tuam
473 2258 593 2299 esse
633 2238 968 2312 mysterium.
1004 2234 1119 2290 Non
1156 2232 1304 2286 vides
1334 2231 1384 2284 in
1413 2229 1548 2284 aulis
1577 2228 1737 2297 regiis

66 2356 77 2365 ·
142 2341 431 2396 tumultum
455 2350 671 2393 onmem
696 2330 961 2388 elimiuari
980 2369 994 2394 ,
1027 2336 1081 2382 et
1107 2326 1331 2381 multum
1358 2322 1587 2391 undique
1615 2335 1735 2374 esse

140 2432 452 2491 silentium?
486 2431 555 2486 Et
593 2438 647 2484 tu
688 2428 866 2497 itaque
895 2421 1050 2494 quasi
1092 2424 1143 2476 in
1186 2418 1387 2487 regiam
1435 2412 1736 2483 ingrediens

140 2542 246 2582 non
276 2535 570 2587 terrenam,
599 2520 693 2576 sed
716 2519 771 2575 in
796 2516 963 2572 multo
990 2512 1384 2574 terribiliorem,
1418 2520 1609 2575 nempe
1630 2521 1736 2560 cm-

142 2620 356 2683 lestem,
391 2628 638 2685 magnam
668 2609 863 2667 exhibe
891 2604 1227 2661 modestiam.
1258 2600 1391 2656 Nam
1417 2609 1470 2655 et
1492 2613 1614 2653 eum
1640 2612 1737 2650 au-

141 2710 275 2781 gelis
308 2707 541 2767 choreas
583 2705 730 2774 agis,
771 2708 826 2757 et
862 2696 1300 2768 archangelorum
1338 2709 1398 2748 es
1436 2691 1613 2746 socius
1636 2731 1651 2755 ,
1681 2698 1737 2744 et

142 2819 261 2859 cum
293 2799 579 2869 Seraphim
604 2796 755 2852 canis
778 2796 819 2847 ¹.
848 2792 1047 2849 Omnes
1085 2803 1245 2859 porro
1284 2787 1371 2841 isti
1408 2794 1581 2841 cattus
1616 2796 1735 2837 ma-

140 2911 303 2966 gnum
332 2892 600 2947 exhibent
624 2889 866 2944 ordinem
887 2927 903 2952 ,
934 2899 1056 2941 cum
1087 2882 1310 2936 horrore
1337 2878 1506 2934 multo
1544 2877 1733 2947 mysti-

142 3006 262 3045 cmn
294 2988 427 3043 illud
457 2985 627 3041 melos
654 2991 710 3037 et
735 2994 917 3035 sacres
947 2979 1174 3047 hymnos
1197 2980 1449 3028 canentes
1478 2969 1587 3039 regi
1620 2968 1736 3022 uni-

143 3094 423 3137 versorum
456 3078 586 3132 Deo.
618 3075 713 3129 llis
743 3074 917 3141 itaque
949 3077 1001 3125 te
1022 3067 1322 3122 admisceas
1351 3064 1403 3117 in
1432 3061 1697 3131 precando
1717 3103 1731 3124 ,

144 3173 541 3245 mysticumque
578 3168 812 3237 ipsorum
847 3170 1090 3217 ornatum
1126 3158 1353 3213 imitare.
1380 3154 1564 3225 Neque
1590 3152 1731 3207 enim

144 3266 455 3321 hominibus
484 3259 753 3333 precaris;
783 3256 877 3312 sed
909 3256 1019 3310 Deo
1044 3252 1240 3323 ubique
1271 3248 1549 3319 prtesenli,
1579 3258 1732 3298 anu--

143 3377 302 3431 quam
344 3372 539 3415 vocem
591 3351 847 3409 emittas’
888 3346 1162 3411 audienti,
1206 3344 1294 3414 qui
1350 3341 1496 3397 novit
1539 3354 1733 3393 arcana

145 3455 361 3509 tuentis.
394 3452 452 3508 Si
480 3451 559 3506 sic
584 3446 828 3504 oraveris
848 3485 862 3510 ,
888 3442 1112 3498 multam
1152 3438 1378 3507 recipies
1405 3433 1731 3491 mercedem.

149 3548 322 3611 Pater,
350 3544 547 3615 inquit,
577 3550 711 3605 tuus,
741 3538 827 3609 qui
859 3537 991 3590 videt
1020 3535 1075 3588 in
1107 3529 1417 3595 abscondito,
1446 3526 1618 3581 reddet
1648 3526 1735 3578 tibi

142 3643 195 3695 in
232 3640 526 3709 ntauifesto.
560 3635 672 3689 Non
704 3633 793 3695 ait,
832 3627 1059 3684 Donabit
1087 3625 1204 3689 tibi,
1235 3621 1350 3687 sed,
1384 3620 1598 3675 Reddet.
1631 3620 1735 3673 Ile-

146 3735 375 3787 biterem
415 3744 475 3785 se
512 3728 710 3799 quippe
739 3724 833 3779 tibi
870 3719 1180 3786 constituit,
1206 3725 1365 3786 teque
1408 3730 1599 3783 magno
1640 3728 1735 3779 pro

148 3825 247 3879 hoc
275 3826 440 3878 etiam
470 3821 677 3875 honore
706 3815 941 3871 donavit.
978 3811 1111 3879 Quia
1138 3810 1278 3865 enim
1317 3810 1432 3878 ipse
1460 3806 1737 3861 invisibilis

149 3925 248 3981 est,
280 3915 401 3968 ideo
423 3912 536 3965 vult
562 3909 857 3964 orationem
882 3916 1025 3959 tuam
1048 3898 1348 3970 hujusmodi
1368 3912 1509 3953 esse.
1539 3895 1738 3950 Deinde

152 4009 313 4063 verba
339 4007 457 4074 ipsa
480 4000 739 4059 orationis
781 3998 962 4053 refert.
995 3997 1048 4049 ’7.
1084 3993 1328 4056 Orontes,
1359 3992 1523 4059 inquit
1543 4032 1555 4050 .
1585 3989 1739 4043 nolite

152 4101 367 4154 multum
395 4096 550 4167 loqui,
579 4094 707 4149 sicut
735 4090 919 4145 ethnici
946 4087 1157 4158 faciunt.
1186 4084 1318 4139 Nam
1346 4099 1466 4137 cum
1497 4081 1563 4135 de
1593 4082 1736 4133 elec-

154 4206 374 4262 mosyoa
408 4185 753 4258 loquebatur,
783 4196 933 4237 vame
971 4178 1153 4249 gloriae
1190 4183 1391 4245 pestem
1422 4183 1624 4226 tantum
1652 4186 1740 4225 se-

157 4286 349 4344 morit.
382 4280 622 4348 nihilque
650 4275 879 4344 amplius
905 4271 1136 4341 adjecit,
1166 4283 1339 4338 neque
1367 4266 1534 4329 dixit,
1564 4266 1737 4320 unde-

158 4393 272 4431 nam
300 4376 700 4441 eleemosynam
740 4368 918 4421 facere
955 4371 1264 4431 oporteret;
1297 4358 1442 4414 verbi
1483 4372 1639 4411 causa
1673 4374 1736 4411 ex

155 4471 306 4541 iustis
332 4464 627 4528 laboribus,
658 4476 761 4514 non
790 4474 854 4512 ex
890 4456 1093 4525 rapina,
1124 4454 1206 4507 vel
1236 4468 1300 4507 ex
1331 4451 1574 4505 avaritia.
1608 4448 1737 4503 Illud

162 4576 382 4631 namque
404 4559 458 4612 in
479 4553 729 4611 confesso
751 4548 890 4621 apud
911 4561 1097 4601 omnes
1122 4553 1253 4597 erat.
1285 4541 1539 4611 Superius
1560 4549 1737 4593 autem

160 4655 276 4709 illud
296 4655 409 4722 jam
437 4650 846 4718 expurgavewt,
872 4655 990 4695 cum
1013 4637 1311 4692 esurientes
1334 4633 1592 4701 justitiam
1619 4632 1741 4685 hea-

162 4757 236 4803 tos
263 4741 595 4816 pra-dicavit.
623 4737 783 4793 Circa
811 4732 1105 4787 orationem
1130 4743 1259 4782 vero
1287 4723 1483 4794 aliquid
1513 4723 1740 4792 amplius

160 4815 367 4907 adjicit,
392 4829 786 4899 multiloquium
813 4838 934 4879 esse
958 4819 1229 4876 vitandum
1258 4834 1272 4869 :
1296 4832 1360 4870 ac
1388 4815 1739 4885 quemadmo—

159 4906 277 4984 dum
306 4928 380 4982 ibi
414 4923 742 4995 hypocritas,
767 4918 836 4970 ita
859 4925 919 4995 et
932 4913 1020 4968 hic
1043 4911 1287 4966 ethnicos
1315 4907 1520 4974 irridet,
1548 4906 1741 4975 ubique

160 5037 218 5075 ex
265 4981 617 5090 persona-rum
665 4981 866 5063 vilitate
891 4981 1196 5059 .auditerem
1242 4999 1443 5071 pudere
1478 4997 1737 5053 alliciens.

161 5089 283 5183 Quia
305 5112 452 5168 enim
479 5116 537 5161 ut
564 5106 850 5173 plurimum
883 5100 981 5152 hoc
1008 5096 1243 5151 maxime
1276 5092 1481 5147 mordet
1500 5099 1553 5146 et
1574 5089 1740 5158 angit,

161 5224 271 5263 cum
295 5205 421 5277 quis
480 5197 709 5265 abjectis
766 5191 1068 5247 heminilms
1094 5195 1450 5257 comparatur,
1476 5185 1599 5239 hinc
1624 5184 1743 5238 illos

160 5299 407 5362 abducit,
446 5289 839 5359 multiloquium
880 5286 966 5339 hic
1000 5284 1199 5363 futilem
1239 5279 1611 5350 loquacitatem
1644 5292 1743 5331 vo-

161 5407 315 5455 cans;
340 5398 400 5444 ut
424 5400 547 5442 cum
574 5397 682 5438 non
708 5386 1066 5435 consentanea
1088 5390 1119 5428 a
1141 5374 1250 5427 Deo
1278 5372 1525 5441 petimus,
1553 5382 1745 5437 nempe

166 5483 449 5553 potentiam
478 5486 535 5534 et
570 5475 817 5547 gloriam,
848 5468 1123 5524 victoriam
1155 5465 1221 5520 de
1251 5462 1497 5526 inimicis,
1531 5460 1744 5515 divitia-

166 5550 270 5631 rum
298 5573 579 5629 facultates
597 5609 612 5634 ,
639 5567 963 5634 domumque
991 5575 1053 5616 ea
1078 5572 1198 5629 qua:
1227 5556 1356 5610 nihil
1386 5554 1538 5609 nobis
1565 5550 1745 5623 profu-

221 5736 237 5768 ¹
270 5734 386 5793 Alii,
408 5729 651 5782 canticum
674 5720 927 5789 serapltim
947 5717 1080 5771 canis
1088 5731 1110 5793 ξ
1116 5684 1233 5793 Δρδῐι
1257 5712 1403 5763 male.

225 5802 245 5829 ι
274 5785 492 5855 Quidam.
516 5799 774 5855 antequam
795 5785 1000 5849 precem
1015 5785 1217 5830 emittas.

1276 279 1348 334 IN
1387 277 1792 334 MATTHA'JUM
1836 275 2063 333 IlOMIL.
2106 276 2248 331 XIX.

3324 280 3428 337 278

1850 402 1963 445 tura
2008 401 2149 445 sunt.
2198 390 2308 445 Scit
2354 389 2506 455 enim,
2552 390 2749 460 inquit,
2792 391 2968 461 quibus
3010 407 3138 461 apus
3183 394 3426 449 habeatis.

1911 484 1966 537 4.
1997 480 2063 536 In
2091 482 2319 536 oratione
2345 483 2785 552 perseverandum.
2821 484 2948 551 Quae
2975 485 3037 539 sit
3064 487 3306 541 orationis
3332 490 3432 541 uti-

1841 572 1974 626 litas.
2016 572 2313 642 Adoptionis
2349 573 2533 627 divina:
2568 573 2783 643 fructus.
2820 605 2891 614 —
2935 575 3061 630 Post
3100 575 3214 632 haec
3252 589 3430 633 autem

1842 664 2050 718 videtur
2095 663 2225 717 mihi
2272 665 2459 734 longas
2506 665 2778 721 orationes
2826 674 3041 729 vetare;
3090 667 3275 737 longas
3324 685 3431 726 non

1842 761 2082 823 tempore
2106 796 2119 818 ,
2152 753 2245 809 sed
2285 754 2623 811 multitudine
2662 766 2716 811 et
2756 757 3083 827 longitudine
3121 760 3431 816 verborum.

1840 847 2294 902 Perseverandum
2331 848 2475 903 enim
2499 861 2583 902 est
2613 849 2800 904 eadem
2831 850 2943 918 ipsa
2989 852 3218 919 petendo
3250 872 3263 907 :
3296 852 3434 907 Ora-

1839 940 1983 1006 tioni,
2014 940 2202 1010 inquit,
2226 942 2467 995 instantes
2490 940 2669 1011 (Rom.
2700 942 2787 996 I2.
2822 944 2932 1013 12).
2965 944 3028 997 Et
3056 946 3168 1015 ipse
3188 944 3433 1001 Christus

1840 1032 2087 1102 exemplo
2126 1032 2302 1087 viduae
2325 1074 2340 1099 ,
2382 1050 2500 1102 qua:
2549 1035 3027 1091 immisericordem
3066 1048 3119 1091 et
3160 1040 3432 1095 crudelem

1840 1124 2134 1194 principem
2166 1125 2423 1180 orationis
2454 1126 2699 1179 instantia
2732 1127 2878 1181 ﬂexit
2904 1126 3051 1197 (Luc.
3088 1129 3211 1197 18);
3244 1145 3432 1184 exem-

1841 1217 2036 1287 ploque
2060 1218 2217 1272 amici
2247 1217 2391 1272 illius
2415 1218 2504 1288 qui
2529 1219 2842 1288 intempesta
2871 1229 3026 1274 nocte
3048 1222 3209 1287 venit,
3236 1231 3289 1275 et
3308 1221 3435 1274 dor-

1842 1309 2092 1363 mientem
2128 1324 2157 1362 a
2190 1307 2329 1363 lecto
2367 1308 2673 1373 suscitavit,
2707 1325 2812 1363 non
2843 1324 2909 1363 ex
2939 1310 3170 1365 amicitia
3192 1351 3209 1373 ,
3241 1310 3333 1365 sed
3365 1328 3432 1365 ex

1843 1400 2233 1467 perseverantia
2263 1398 2409 1469 (Luc.
2444 1400 2534 1468 11)
2562 1418 2575 1455 :
2600 1399 2728 1453 nihil
2755 1399 2897 1453 aliud
2928 1400 3242 1469 praescribit,
3270 1416 3430 1471 quam

1840 1506 2027 1544 omnes
2053 1490 2150 1559 ipsi
2178 1490 2483 1561 supplicare
2510 1490 2726 1544 assidue
2754 1501 3023 1558 oportere,
3053 1505 3157 1545 non
3189 1506 3283 1560 per
3310 1506 3432 1546 ora-

1842 1581 2039 1635 tionem
2089 1581 2233 1635 mille
2279 1581 2521 1636 versibus
2567 1590 2936 1646 constantem,
2978 1582 3071 1635 sed
3121 1582 3432 1651 simpliciter

1841 1689 1953 1727 rem
1980 1672 2173 1728 efferre
2195 1674 2367 1741 jubet.
2398 1673 2526 1728 Illud
2557 1675 2698 1728 enim
2726 1674 3081 1729 subindicavit
3104 1675 3187 1729 his
3210 1676 3388 1731 verbis
3411 1692 3426 1728 :

1847 1765 2038 1818 Putant
2068 1766 2201 1818 enim
2237 1767 2372 1835 quod
2406 1767 2460 1819 in
2479 1764 2816 1841 _multiloquio
2851 1782 2944 1819 suo
2983 1766 3341 1821 exaudiantur.
3372 1770 3431 1823 8.

1843 1856 1925 1910 Ne
1951 1858 2140 1912 similes
2166 1868 2318 1912 estote
2341 1860 2463 1913 illis.
2494 1858 2606 1913 Scit
2630 1859 2763 1913 enim
2793 1859 2949 1914 Pater
2975 1872 3131 1915 uester
3154 1862 3275 1931 quid
3296 1864 3432 1918 vobis

1840 1966 1968 2019 opus
1990 1951 2077 2015 sit,
2107 1960 2375 2019 antequam
2396 1951 2459 2004 ab
2483 1951 2572 2005 illo
2609 1952 2809 2019 petatis.
2839 1952 2910 2010 Et
2934 1952 2979 2006 si
3007 1954 3172 2019 novit,
3202 1955 3430 2024 inquies,

1840 2041 2030 2110 quibus
2056 2056 2189 2112 opus
2214 2042 2497 2109 habemus,
2524 2058 2621 2098 cur
2644 2052 2856 2111 oportet
2880 2043 3075 2097 orare?
3094 2044 3208 2098 Non
3232 2054 3289 2100 ut
3308 2061 3433 2102 eum

1841 2135 2034 2190 doceas
2054 2176 2072 2201 ,
2103 2135 2195 2189 sed
2220 2145 2283 2189 ut
2313 2136 2551 2190 inﬂectas
2575 2153 2590 2201 ;
2618 2144 2678 2189 ut
2707 2135 3109 2204 supplicationis
3135 2136 3432 2207 frequentia

1843 2225 1916 2279 illi
1950 2223 2224 2280 familiaris
2260 2226 2454 2281 evadas
2477 2265 2493 2290 ,
2522 2235 2583 2281 ut
2622 2226 2921 2280 humilieris
2945 2266 2961 2291 ,
2994 2234 3052 2280 ut
3089 2236 3432 2296 peccatorum

1844 2329 2052 2371 tuorum
2078 2316 2397 2372 recorderis.
2430 2317 2484 2372 9.
2516 2317 2603 2372 Sic
2631 2318 2786 2387 igitur
2813 2328 2969 2381 orate,
3005 2318 3079 2371 ait
3107 2335 3122 2372 :
3154 2318 3310 2374 Pater
3336 2337 3433 2374 uo-

1840 2420 1942 2463 ster
1959 2409 2046 2480 qui
2065 2426 2116 2463 es
2143 2409 2195 2463 in
2215 2410 2373 2470 aclis.
2403 2410 2743 2477 sanctiﬁcetur
2781 2426 2960 2463 nomen
2999 2420 3137 2464 tuum
3170 2408 3267 2481 (a).
3299 2411 3434 2467 Vide

1841 2502 2110 2571 quomodo
2136 2503 2315 2557 statim
2343 2501 2639 2556 auditorem
2668 2501 2877 2566 erexit,
2903 2509 2958 2556 et
2986 2517 3145 2556 omne
3186 2501 3431 2558 beneficii

1840 2611 2009 2665 genus
2031 2595 2081 2647 in
2107 2593 2380 2664 prooemiis
2404 2593 2736 2647 memoravit.
2763 2592 2894 2646 Nam
2917 2593 3005 2662 qui
3030 2592 3238 2647 Patrem
3264 2593 3430 2648 Deum

1842 2686 2165 2756 appellavit,
2206 2694 2260 2740 et
2299 2694 2635 2754 peccatorum
2672 2682 3079 2747 remissionem,
3108 2691 3162 2736 et
3187 2683 3431 2752 supplicii

1841 2778 2238 2849 abregatioucm
2266 2818 2281 2841 ,
2311 2785 2366 2832 et
2399 2776 2657 2847 justitiam
2684 2816 2699 2840 ,
2733 2784 2787 2831 et
2828 2775 3304 2831 sanctiﬁcationem
3330 2816 3345 2838 ,
3376 2786 3433 2831 et

1841 2871 2286 2940 redemptionem,
2318 2877 2371 2923 et
2402 2867 2633 2922 filiorum
2665 2866 3030 2936 adeptionem,
3062 2874 3117 2920 et
3156 2865 3427 2921 heredita-

1843 2976 1968 3028 tem,
1999 2977 2052 3019 et
2090 2963 2472 3017 fraternitatem
2500 2977 2620 3016 cum
2653 2961 2957 3031 Unigenito,
2989 2968 3044 3015 et
3069 2960 3300 3028 Spiritus
3328 2960 3431 3015 d0-

1841 3074 1930 3124 ua,
1958 3058 2057 3111 hac
2081 3071 2184 3110 una
2206 3038 2640 3110 deiieminatione
2657 3053 2937 3108 confessus
2956 3060 3058 3107 est.
3083 3052 3264 3122 Neque
3285 3052 3430 3107 enim

1842 3151 2007 3204 Deum
2038 3148 2249 3202 Patrem
2277 3147 2396 3216 quis
2424 3145 2695 3215 appellare
2730 3154 2943 3213 potest,
2976 3144 3074 3198 nisi
3107 3143 3221 3199 haec
3249 3144 3430 3197 omnia

1840 3240 1980 3295 bona
2004 3245 2383 3309 consequutus.
2412 3236 2613 3305 Duplici
2642 3235 2802 3305 igitur
2828 3234 2987 3288 modo
3012 3250 3196 3288 eorum
3222 3233 3431 3287 animos

1840 3332 2032 3403 erigit;
2062 3339 2118 3387 et
2153 3346 2217 3386 ex
2257 3328 2511 3399 dignitate
2540 3328 2655 3398 ejus
2689 3343 2847 3397 quem
2890 3327 3098 3381 Patrem
3126 3334 3345 3391 Vocant,
3377 3335 3432 3379 et

1840 3441 1907 3480 ex
1933 3422 2298 3494 magnitudine
2327 3435 2535 3481 eorum,
2566 3434 2682 3489 quae
2711 3433 2987 3487 accepere,
3027 3417 3426 3485 beneficiorum.

1839 3517 1972 3573 Cum
1995 3526 2172 3570 autem
2198 3515 2347 3578 dicit,
2372 3512 2437 3567 In
2462 3512 2619 3579 etatis,
2644 3526 2749 3566 non
2778 3510 2847 3564 ibi
2877 3510 3042 3565 Deum
3075 3509 3176 3564 hoc
3202 3509 3429 3562 dicendo

1840 3607 2147 3682 concludit,
2178 3605 2271 3660 sed
2303 3612 2607 3673 precantem
2635 3601 2701 3656 de
2730 3612 2868 3656 terra
2896 3600 3111 3655 abducit
3133 3642 3146 3661 ,
3174 3614 3225 3655 et
3255 3600 3305 3654 iu
3331 3617 3428 3655 cx-

1841 3702 1996 3755 celsis
2037 3700 2165 3754 Iecis
2205 3698 2553 3767 supernisque
2588 3693 2900 3749 habitaculis
2927 3693 3114 3763 afﬁgit.
3149 3693 3309 3747 Docet
3336 3707 3431 3745 au-

1844 3805 1947 3848 tem
1969 3806 2303 3847 communem
2328 3803 2422 3857 pro
2445 3786 2695 3841 fratribus
2710 3785 3005 3839 orationem
3028 3785 3292 3840 emitti-re.
3311 3783 3430 3839 Non

1843 3886 1983 3940 enim
2013 3883 2137 3937 dicit
2162 3922 2176 3944 ,
2212 3882 2367 3935 Pater
2397 3894 2548 3935 meus
2568 3919 2581 3941 .
2611 3878 2702 3949 qui
2735 3893 2794 3933 es
2824 3877 3079 3939 iu~ca3lis;
3108 3877 3201 3932 sed
3227 3918 3241 3940 ,
3279 3875 3431 3930 Pater

1843 3989 2030 4044 noster,
2057 3992 2152 4046 pro
2176 3974 2445 4029 communi
2471 3987 2699 4041 corpore
2722 3971 3137 4040 supplicationes
3158 3969 3427 4031 einiuens,

1846 4086 1945 4127 nec
1970 4084 2217 4139 umquam
2258 4066 2470 4137 prepria
2499 4064 2777 4120 commoda
2809 4073 3089 4134 spectans,
3118 4063 3210 4118 sed
3238 4062 3433 4132 ubique

1845 4166 2092 4236 proximi.
2122 4163 2233 4218 Hoc
2258 4170 2435 4216 autem
2464 4160 2629 4215 verbo
2670 4158 2972 4213 inimicitias
2998 4157 3065 4212 de
3091 4156 3267 4211 medie
3297 4156 3434 4210 tollit

1844 4268 1899 4315 et
1921 4256 2275 4326 arrogantiam
2314 4252 2585 4325 reprimit,
2617 4249 2981 4318 invidiamque
3007 4248 3246 4302 eliminat
3271 4264 3284 4311 ;
3314 4261 3431 4301 ma-

1847 4363 1979 4407 trem
2002 4364 2131 4403 vero
2151 4345 2388 4401 omnium
2412 4344 2673 4398 bonorum
2697 4341 2975 4395 caritatem
3000 4340 3220 4405 inducit,
3246 4338 3435 4392 Imma-

1846 4454 2142 4508 narmnque
2181 4451 2361 4491 rerum
2401 4433 2817 4503 inaequalitatem
2846 4431 3095 4499 expellit,
3128 4441 3182 4484 et
3212 4430 3434 4484 multam

1846 4534 1986 4603 regis
2011 4546 2130 4585 cmn
2162 4542 2393 4599 paupere
2419 4516 2651 4579 Treueris
2676 4522 3031 4592 aequalitatem
3065 4521 3330 4585 ostendit;
3362 4522 3437 4576 si-

1846 4625 2058 4696 quidem
2108 4623 2159 4675 in
2210 4618 2458 4675 maximis
2510 4628 2565 4672 et
2608 4616 2830 4672 omnino
2877 4614 3195 4669 necessariis
3246 4629 3437 4668 omnes

1848 4715 2222 4773 communione
2261 4710 2431 4781 juncti
2466 4722 2668 4764 sumus.
2700 4705 2835 4772 Quid
2862 4706 3005 4760 enim
3038 4705 3339 4759 nocmuenti
3368 4721 3437 4758 ex

1849 4822 2059 4865 terrena
2086 4805 2401 4877 cognatione
2422 4844 2438 4867 ,
2468 4816 2590 4857 cum
2616 4798 2907 4856 secundum
2935 4812 3219 4866 supernam
3247 4811 3437 4850 oinnes

1912 4966 1984 5073 (αξ
2019 4972 2125 5012 Hzec
2149 4962 2315 5018 verba,
2356 4966 2495 5007 Pater
2512 4962 2749 5005 uestem...
2779 4960 2930 5011 tuum,
2957 4952 3083 5001 tituli
3112 4965 3247 5000 more
3269 4953 3438 5012 jacent

1926 5034 1969 5073 tu
1991 5026 2220 5073 itionibus
2244 5019 2530 5071 Commelini
2568 5024 2619 5066 et
2646 5016 2842 5068 Morelli,
2869 5017 2980 5073 quia
3020 5014 3070 5061 in
3095 5014 3271 5061 latinis
3294 5013 3438 5061 Edilis

1850 5030 1897 5077 in
1917 5013 2220 5075 ‘Filitienilms
2244 5013 2530 5071 (lommelini
2568 5024 2619 5066 et
2646 5016 2842 5068 Morelli.
2869 5017 2980 5077 quia
3020 5014 3070 5061 in
3095 5014 3271 5077 latinis
3294 5013 3439 5077 Editis

1849 5074 2046 5139 homilia
2070 5087 2192 5144 haec,
2211 5097 2321 5146 quae
2337 5084 2395 5146 fin
2414 5082 2588 5146 (graccis
2617 5074 2945 5146 MflnttSCrijlilS
2968 5090 3061 5146 una
3076 5074 3439 5146 'serieopenitur

1851 5136 1951 5201 iiii
1968 5136 2311 5210 Chr3'sosteino
2335 5144 2497 5210 habita
2522 5141 2627 5195 fuit,
2648 5141 2699 5188 in
2719 5138 3001 5210 dynasdivisa
3024 5136 3299 5207 I'uit._latini
3326 5149 3439 5206 por-

1849 5198 2003 5272 {Qui
2026 5198 2238 5266 videtur,
2271 5221 2369 5272 quo
2392 5208 2444 5272 in
2474 5217 2618 5272 unam
2647 5202 2923 5272 Orationem
2957 5199 3244 5272 Dominicam
3278 5198 3441 5246 Homi-

1852 5260 1964 5324 liain
1988 5260 2311 5334 Chrysostom'i
2330 5268 2586 5334 haberent,
2605 5264 2729 5334 hanc
2746 5263 2807 5334 in.
2821 5261 2942 5309 duas
2962 5270 3133 5334 partes
3149 5260 3439 5316 diviserunt,

1852 5320 2057 5399 iniiinii)
2080 5320 2327 5399 postrema
2359 5320 2597 5399 Orationis
2629 5324 2883 5399 Dominicze
2904 5320 3284 5399 explicationem
3299 5334 3440 5392 .eom-

1854 5383 2098 5470 plectitur:
2127 5399 2179 5440 et
2202 5393 2326 5440 hanc
2351 5394 2642 5470 postremam
2667 5392 2855 5446 partem
2883 5384 3130 5431 HomtIiam
3152 5383 3440 5470 vigesimum

1853 5445 2232 5520 inscripserunt;
2250 5445 2527 5520 secundum,
2540 5445 2687 5520 quem
2705 5459 2984 5519 numerum,
2995 5455 3267 5519 sequentes
3284 5445 3441 5520 homi-

1854 5508 2027 5574 Iiarum
2043 5508 2233 5567 numeri
2251 5508 2613 5564 concinnanttir.
2632 5511 2717 5567 Qui
2734 5509 3054 5574 numeriquia
3073 5508 3444 5574 a‘seriptoribus

2193 5561 2300 5627 loca
2313 5561 2635 5623 efferentibus
2648 5561 2849 5643 semper
2864 5561 3061 5643 adhibiti
3088 5561 3304 5643 fuerunt,
3318 5575 3444 5629 post--

1857 5630 2004 5708 quam
2024 5642 2235 5708 decimte
2252 5649 2393 5708 nona:
2416 5648 2551 5685 suam
2584 5630 2773 5683 seriem
2797 5634 3116 5708 restituinluts,
3144 5630 3446 5708 positoris-ro

1859 5692 2175 5769 genuiueque
2198 5698 2499 5769 singularum
2513 5709 2737 5769 nurnero,
2763 5702 2986 5765 veterem
3007 5692 3138 5741 illum
3159 5692 3442 5759 adj'ecimus.
3526 5722 3531 5729 ι

1862 5757 2078 5829 Exempli
2094 5757 2236 5815 causa
2262 5757 2544 5824 :Vtiigesinta,
2562 5757 2623 5808 al.
2650 5758 2873 5817 riqesinw
2895 5757 3067 5813 prima.
