3868 6182
427 281 563 338 27a

428 397 701 467 conjuncti
722 395 911 463 simus,
933 401 987 448 et
1008 407 1166 450 nemo
1184 392 1304 463 plus
1325 392 1494 447 altero
1513 390 1781 462 quidpiam
1796 389 2015 456 habeat,

420 505 536 546 non
562 470 726 545 «lives
767 501 1036 560 paupere,
1067 500 1172 540 non
1215 484 1376 540 herus
1413 499 1601 549 servo,
1635 499 1739 538 non
1763 484 2022 554 princeps

419 581 678 648 “subdito,
704 596 816 636 non
848 595 939 635 res
981 579 1184 645 milite,
1227 593 1332 632 non
1374 576 1722 648 philosophus
1759 577 2018 642 barbaro,
2049 641 2054 648 _

424 689 533 731 nec
576 671 791 744 sapiens
837 670 1337 726 idiota?-0mnibus
1367 670 1563 739 quippe
1597 681 1758 722 uuam
1805 668 2020 739 largitus

427 776 514 825 est
537 768 867 824 nobilitatem
891 767 931 831 ³,
961 776 1083 820 eum
1101 764 1352 820 omnium
1383 762 1626 817 similiter
1659 761 1818 816 Pater
1843 761 2019 816 vocari

428 855 678 931 dignatus
704 859 795 914 sit.
831 858 1114 927 Postquam
1155 856 1315 926 igitur
1352 853 1491 910 hanc
1531 852 1862 908 nobilitatem
1902 868 2019 907 mc-

429 951 698 1018 nzoravit,
742 965 949 1005 necnon
998 963 1286 1014 supernum
1327 947 1565 1010 donum,
1618 945 1836 1000 honoris
1883 945 2023 1000 inter

427 1047 620 1101 fratres
647 1043 957 1115 paritatetn,
987 1050 1146 1111 atque
1172 1039 1445 1094 caritatem
1463 1081 1479 1104 ,
1512 1047 1792 1108 postquam
1814 1053 1844 1092 a
1876 1047 2017 1092 terra

426 1137 641 1192 abduxit
669 1144 722 1189 et
746 1135 880 1189 cmlo
900 1132 1090 1197 afﬁxit,
1114 1131 1389 1185 videamus
1408 1130 1533 1200 quid
1559 1130 1812 1199 deinceps
1831 1140 2020 1200 petere

425 1229 606 1300 iubeat
638 1247 650 1281 :
685 1243 807 1281 nam
852 1226 954 1280 hoc
987 1240 1200 1294 quoque
1236 1223 1435 1278 dictum
1477 1224 1652 1278 etnnis
1682 1223 1891 1278 virtutis
1916 1221 2016 1277 do-

425 1320 651 1375 etrinam
675 1321 910 1373 inserere
933 1316 1092 1371 valet.
1110 1315 1239 1370 Nam
1260 1315 1350 1386 qui
1369 1315 1576 1370 Patrem
1595 1315 1804 1368 vocavit
1823 1314 2015 1382 Deum,

425 1421 479 1465 et
517 1411 728 1465 Patrem
759 1424 1096 1465 communem
1121 1449 1136 1474 ,
1171 1407 1293 1477 jure
1327 1407 1482 1461 talem
1524 1407 1776 1462 exhibeat
1812 1408 1974 1462 vitam
1998 1449 2012 1472 ,

427 1518 529 1574 qua
568 1503 669 1557 hac
711 1502 1028 1557 nobilitate'
1071 1501 1318 1570 indignus
1368 1515 1472 1554 non
1514 1500 1787 1562 videatur,
1828 1508 1884 1554 et
1924 1516 2019 1570 par

423 1595 566 1648 dono
602 1593 837 1649 studium
875 1601 1116 1664 praestet.
1147 1592 1341 1647 Verum
1379 1590 1483 1646 hoc
1519 1605 1623 1645 nou
1654 1599 1737 1646 sat
1774 1591 1850 1645 illi
1879 1589 2014 1657 fuit;

423 1685 516 1740 sed
547 1685 689 1740 aliud
720 1685 868 1740 addit
891 1686 962 1741 ita
986 1687 1210 1755 loquens
1235 1703 1248 1739 :
1273 1683 1629 1751 Sanctiﬁcetur
1649 1700 1829 1737 nomen
1851 1692 2013 1737 (num.

423 1779 592 1848 Digna
611 1779 848 1850 precatio
871 1777 989 1848 ejus
1015 1779 1100 1848 qui
1133 1778 1298 1832 Deum
1327 1786 1481 1832 vocat
1501 1775 1710 1832 Patrem
1734 1776 1776 1842 ³,
1805 1785 1856 1830 ιιι
1882 1776 2013 1830 nihil

424 1880 572 1940 petat
599 1882 725 1927 ante
755 1872 928 1926 Patris
955 1872 1176 1941 gloriam
1202 1912 1217 1935 ,
1248 1869 1342 1924 sed
1383 1871 1560 1924 omnia
1592 1880 1876 1939 postponat
1901 1870 2017 1939 ejus

424 1964 689 2019 laudibus.
720 1963 855 2019 Illud
879 1964 1045 2026 enim,
1075 1963 1456 2030 Sanctiﬁcetttr,
1487 1960 1586 2015 hoc
1612 1961 1710 2015 sibi
1742 1961 1874 2026 vult,
1903 1961 2017 2031 glo-

425 2057 682 2112 riﬂcetur.
715 2056 828 2112 Sibi
861 2069 1090 2124 namque
1125 2054 1398 2124 propriam
1437 2052 1593 2107 habet
1631 2052 1856 2122 gloriam
1900 2053 2014 2122 ple-

423 2165 572 2217 nam,
596 2150 674 2205 sic
700 2164 915 2220 semper
942 2157 1264 2202 manentem.
1293 2144 1546 2202 Orantem
1573 2159 1700 2199 vero
1719 2145 1871 2214 jubet
1894 2160 2015 2214 pre-

423 2243 574 2308 cari,
605 2250 662 2295 ut
689 2255 783 2312 per
813 2241 974 2294 vitam
1007 2249 1243 2294 nostram
1283 2237 1610 2307 gloriﬁcetur
1642 2235 1822 2308 :quod
1853 2237 2013 2292 etiam

415 2351 582 2406 supra
609 2333 823 2388 dicebat
855 2351 869 2388 :
898 2331 1084 2386 Luceat
1115 2333 1205 2386 tua:
1225 2340 1388 2386 uestra
1411 2345 1584 2384 coram
1612 2329 1927 2396 hominibus,
1959 2339 2015 2384 ut

419 2427 621 2482 rideant
644 2442 799 2497 opera
824 2427 954 2480 bona
980 2432 1161 2489 vestra,
1185 2432 1232 2476 et
1255 2422 1541 2494 gloriﬁcent
1570 2421 1776 2476 Patrem
1796 2433 2014 2476 vestrum

418 2518 506 2588 qui
528 2519 583 2572 in
609 2518 748 2572 catis
771 2527 845 2571 est
872 2515 1086 2586 (Matth.
1115 2515 1169 2570 5.
1200 2513 1308 2584 16).
1339 2512 1472 2568 Nam
1499 2512 1780 2584 Seraphini
1805 2513 2011 2584 gloriﬁ-

416 2621 602 2667 cantes
631 2611 820 2677 Deum,
851 2609 930 2664 sic
963 2607 1213 2663 dicebant
1239 2623 1253 2660 :
1283 2605 1526 2672 Sanctus,
1555 2614 1779 2671 sanctus,
1807 2615 2012 2660 sanctus

417 2703 570 2771 (Isai.
602 2703 655 2757 6.
685 2701 763 2772 5).
794 2699 974 2771 Itaque
1005 2698 1154 2763 illud,
1185 2697 1569 2767 Sanctiﬁcatur,
1601 2698 1651 2752 id
1675 2705 1777 2761 est,
1808 2697 2012 2767 gloriﬁ-

416 2805 586 2850 ectur.
611 2793 832 2864 Largire
859 2791 1014 2846 nobis
1033 2832 1048 2857 ,
1080 2790 1281 2860 inquit,
1310 2801 1369 2844 ιιι
1395 2790 1467 2844 ita
1495 2805 1624 2860 pure
1653 2789 1924 2855 vivamus,
1953 2796 2013 2844 ut

416 2900 514 2955 per
537 2901 634 2940 nos
661 2893 714 2939 te
739 2897 927 2937 omnes
954 2881 1274 2952 gloriﬁcent.
1305 2881 1360 2936 ld
1385 2881 1528 2952 quod
1556 2896 1740 2936 rursus
1768 2880 2009 2951 philoso-

417 2973 557 3045 phia:
579 2984 662 3030 est
685 2973 956 3044 perfectae,
981 2974 1142 3028 vitam
1169 2974 1243 3028 ita
1265 2972 1787 3043 irreprehensibilem
1814 2971 1871 3026 in
1896 2987 2012 3026 om-

418 3067 578 3122 nibus
601 3065 858 3121 eshibere
879 3105 894 3130 ,
929 3075 987 3119 ut
1026 3064 1268 3120 videntes
1306 3064 1499 3135 singuli
1545 3065 1774 3120 Domino
1801 3078 1899 3134 pro
1929 3064 2011 3119 bis

369 3175 373 3180 '
418 3158 630 3214 laudem
654 3157 913 3214 referant.
939 3157 1028 3213 10.
1055 3157 1302 3212 Adueniet
1322 3173 1532 3228 regnum
1558 3165 1718 3212 tuum.
1743 3155 1856 3210 Hoc
1877 3172 2008 3226 quo-

418 3267 522 3321 que
558 3252 698 3323 grati
726 3251 986 3323 probique
1012 3250 1105 3306 illii
1134 3249 1333 3306 dictum
1374 3260 1458 3305 est
1480 3291 1497 3317 ,
1529 3249 1620 3321 qui
1658 3265 1765 3304 non
1809 3249 2012 3305 hasreat

417 3344 574 3400 rebus
600 3343 701 3398 sub
726 3353 1000 3413 aspectum
1024 3342 1358 3410 cadentibus,
1385 3358 1558 3414 neque
1584 3342 1866 3413 praesentia
1894 3357 2009 3397 ma-

415 3436 500 3504 gni
531 3434 806 3506 quidpiam
833 3449 953 3490 esse
985 3443 1163 3504 putet;
1193 3433 1286 3490 scd
1313 3433 1384 3489 ad
1413 3444 1617 3505 patrem
1645 3447 1860 3504 semper
1886 3442 2008 3489 teu-

415 3529 535 3592 tlat,
568 3538 622 3583 et
659 3527 832 3582 futura
868 3535 1182 3596 exspectet,
1212 3526 1357 3597 quod
1394 3543 1460 3582 ex
1501 3527 1828 3583 conscientia
1867 3527 2006 3583 bona

412 3618 606 3682 oritur,
637 3627 692 3674 et
715 3634 783 3674 ex
813 3618 990 3673 anima
1015 3633 1044 3672 a
1075 3619 1302 3673 terrenis
1332 3617 1492 3673 rebus
1519 3618 1790 3688 expedita.

481 3711 536 3766 5.
558 3710 841 3766 Adventum
860 3710 1006 3782 regni
1025 3709 1124 3764 Dei
1141 3710 1391 3781 quomodo
1411 3709 1766 3764 desideraverit
1785 3707 2003 3764 Paulus.

420 3800 594 3856 Virtus
616 3819 716 3855 non
740 3818 803 3855 ea:
817 3801 986 3854 studio
1007 3810 1176 3855 nostro
1193 3810 1410 3862 tantum,
1428 3800 1520 3852 sed
1537 3799 1686 3852 etiam
1703 3815 1767 3854 ea:
1783 3815 2007 3869 superna

412 3895 576 3966 gratia
603 3893 802 3962 pendet.
824 3923 892 3932 —
911 3892 1023 3947 lloe
1048 3893 1188 3946 cuitu
1215 3892 1413 3946 Paulus
1441 3891 1663 3962 singulis
1689 3891 1878 3947 diebus
1905 3892 2004 3948 de-

411 3983 709 4049 siderabat,
750 3983 976 4053 ideoque
1002 3981 1214 4039 dicebat
1243 3999 1257 4036 :
1289 3979 1357 4034 Et
1385 3981 1486 4052 ipsi
1523 3982 1777 4051 primitias
1798 3983 2008 4050 spiritus

411 4081 648 4136 habentes
698 4079 1106 4150 ingemiseimus,
1162 4078 1485 4149 adoptionem
1543 4077 1764 4145 ﬁliorum
1829 4095 2006 4150 exspe-

410 4181 638 4236 ctantes,
683 4154 1078 4242 redemptionem
1125 4169 1352 4240 corporis
1393 4169 1554 4223 nostri
1599 4165 1774 4239 (Rom.
1803 4168 1858 4224 8.
1885 4169 2000 4240 ‘25).

409 4265 510 4332 Qui
552 4265 694 4320 enim
726 4263 830 4318 hoc
857 4278 1041 4318 amore
1081 4273 1268 4331 captus
1305 4270 1420 4324 est,
1468 4275 1641 4332 neque
1683 4261 1841 4331 hujus
1879 4262 2002 4316 vitae

408 4356 564 4410 bonis
590 4355 762 4410 inflari
792 4363 986 4426 potest,
1019 4370 1190 4425 neque
1218 4353 1378 4408 rebus
1408 4353 1647 4408 adversis
1675 4353 1832 4424 dejici
1863 4370 1878 4408 :
1907 4354 2003 4410 sed

408 4463 471 4504 ac
498 4450 542 4504 si
572 4448 627 4503 in
651 4448 798 4504 exiis
821 4457 1146 4510 versaretur,
1171 4446 1238 4502 ab
1267 4456 1490 4516 utraque
1519 4445 1618 4500 hac
1647 4446 2005 4517 inaequalitate

410 4539 662 4594 immunis
687 4548 800 4595 est.
820 4537 940 4591 Fiat
961 4539 1193 4592 voluntas
1217 4546 1301 4591 tua
1331 4537 1459 4591 sicut
1486 4537 1539 4590 in
1565 4535 1689 4591 creto
1707 4545 1753 4590 et
1772 4537 1826 4590 in
1847 4545 2002 4591 terra.

416 4629 657 4684 Vidistin’
687 4630 946 4698 Optimam
972 4629 1205 4683 seriem?
1233 4627 1391 4683 Jussit
1425 4628 1566 4682 enim
1596 4626 1772 4682 futura
1801 4641 2004 4682 concu-

409 4721 641 4790 piscerc,
670 4729 724 4773 et
751 4719 817 4774 ad
845 4720 984 4774 illam
1006 4719 1488 4789 peregrinationem
1517 4718 1769 4773 festinare
1792 4734 1806 4771 :
1829 4717 2004 4774 donec

409 4824 588 4871 autem
619 4813 673 4869 id
700 4812 938 4877 eveniat,
968 4811 1056 4867 hic
1079 4811 1336 4881 degentes
1359 4825 1572 4876 curare,
1597 4822 1653 4864 ut
1683 4826 1781 4881 par
1803 4811 2000 4866 cwlesti

409 4905 622 4962 vivendi
665 4919 836 4976 genus
862 4901 1230 4959 exbibcamus.
1264 4901 1394 4955 Nam
1420 4902 1608 4956 ea-lnm
1637 4902 1852 4972 quidem
1873 4944 1887 4966 ,
1917 4903 2002 4956 in-

407 5000 543 5070 quit,
575 5006 628 5054 et
651 4996 884 5053 ca'lestia
911 4995 1353 5064 concupiscamus
1379 5003 1590 5063 oportet
1609 5013 1622 5049 :
1641 4994 1734 5050 sed
1767 5002 1822 5048 et
1845 5004 2001 5048 ante-

407 5106 568 5165 quam
617 5090 671 5145 in
716 5089 908 5145 ctelum
955 5086 1346 5154 concedamus,
1390 5103 1456 5142 ex
1507 5097 1644 5142 terra
1685 5086 1873 5142 ezelum
1903 5101 2001 5140 nos

471 5243 492 5276 ³
527 5240 714 5306 Morel.,
737 5255 884 5292 unam
905 5241 1108 5306 largitus
1121 5246 1193 5292 est
1212 5241 1559 5306 cognationem;
1582 5240 1742 5291 minus
1757 5247 1913 5291 recte.

473 5306 496 5367 ε
528 5302 736 5367 ωσι-(ειη⁵
747 5302 1039 5367 cognatione.

475 5366 497 5400 '
536 5383 561 5420 ς
933 5371 1328 5438 mnuum-2
1359 5363 1519 5429 οεσηα
1545 5363 1886 5438 ascensius
1918 5362 2003 5426 συί

412 5435 570 5481 Deum
590 5426 793 5482 inuocat.
816 5429 892 5478 sic
913 5440 1089 5477 etnnes
1109 5427 1229 5477 Editi
1251 5433 1306 5477 et
1325 5426 1637 5491 manuscripti
1878 5439 2002 5491 prte-

410 5498 491 5562 ter
516 5501 630 5562 eum
652 5502 751 5562 quo
767 5502 888 5539 usus
904 5497 982 5562 est
1011 5491 1248 5562 Georgius
1260 5487 1628 5558 'Irapezuntitis,
1647 5489 1735 5562 qui
1755 5487 1996 5562 ita_|e:.git:

407 5547 741 5615 sanctiﬁcet'ur
750 5563 922 5615 nomen
931 5557 1088 5615 tantm.
1107 5547 1468 5615 Dignapro'rsus
1480 5562 1536 5600 eo
1544 5550 1628 5612 qui
1638 5547 1796 5600 Deum
1808 5547 2001 5615 Patrem

409 5611 670 5676 appellarit
699 5613 871 5663 oratio.
895 5611 1076 5662 Placuit
1098 5611 1221 5676 ergo
1241 5611 1312 5662 illi
1341 5611 1489 5663 lectio
1505 5611 1807 5676 a‘aeca_,quj.e
1829 5612 1998 5670 habet,

683 5688 772 5728 ea.
790 5688 935 5739 πατιμ
949 5687 1142 5733 ahenos
1155 5673 1180 5735 vi
1193 5687 1276 5738 uili
1289 5713 1304 5734 .
1330 5681 1383 5726 et
1400 5683 1492 5737 est,
1509 5673 1675 5739 procul
1697 5673 2000 5736 dubio,pra:-

485 5754 513 5790 e

455 5753 513 5790 re

1160 274 1217 332 S.
1257 273 1534 333 JOANNIS
1568 266 2048 333 CllRYSOSTOM]
2088 272 2405 334 ARCHIEP.
2438 277 2974 339 CONSTANTINOP.

3613 284 3716 342 9.80

2133 388 2307 447 facere
2343 392 2525 461 jubet,
2572 404 2626 448 et
2654 395 2705 451 in
2739 404 2880 450 terra
2913 403 3190 451 versantes
3217 409 3281 452 ac
3306 397 3350 453 si
3382 397 3434 452 in
3462 399 3591 453 οτιιιο
3621 398 3716 451 de.

2129 496 2376 552 geremus
2399 523 2415 550 ,
2463 483 2542 539 sic
2569 486 2746 541 omnia
2793 487 2966 542 facere
3005 496 3063 542 et
3101 488 3302 553 dicere,
3333 501 3493 560 atque
3521 490 3621 544 hac
3649 491 3718 550 de

2128 589 2286 628 causa
2315 576 2594 632 Dominum
2624 581 2826 649 precari
2854 591 3125 652 oportere.
3155 581 3294 639 Nihil
3322 585 3464 641 enim
3497 587 3719 657 impedit

2128 669 2434 735 quominus,
2466 670 2566 724 etsi
2611 670 2662 724 iu
2707 680 2848 727 terra
2879 672 3214 739 hahitemus,
3259 676 3324 732 ad
3363 692 3717 746 supernarum

2131 757 2382 812 virtutum
2410 758 2745 816 sedulitatem
2783 777 2846 817 ac
2882 762 3212 834 diligentiam
3241 767 3560 836 attingamus
3583 785 3596 823 :
3621 768 3721 824 sed

2131 861 2412 917 possumus
2437 848 2526 905 hic
2553 850 2854 908 habitantes
2875 897 2889 919 ,
2921 857 3072 925 quasi
3097 855 3207 926 jam
3235 857 3284 910 iu
3315 858 3450 912 caelo
3473 872 3720 915 essemus

2127 941 2304 996 omnia
2324 941 2518 999 facere.
2533 944 2682 1011 Quod
2701 946 2858 1016 igitur
2883 947 3033 1011 dicit,
3059 948 3361 1018 hujusmodi
3385 959 3468 1007 est
3483 969 3494 1006 :
3509 953 3715 1020 Quem-

2127 1032 2413 1088 admodum
2443 1035 2512 1089 ibi
2547 1037 2723 1091 omnia
2755 1038 2871 1092 sine
2914 1039 3297 1109 impedimento
3327 1043 3494 1108 ﬁunt,
3543 1058 3718 1114 neque

2125 1125 2300 1191 angeli
2346 1126 2507 1181 modo
2544 1127 2791 1193 audiunt,
2841 1130 3000 1183 modo
3022 1129 3169 1200 jussa
3210 1143 3586 1196 contemnunt,
3623 1135 3718 1188 scd

2129 1213 2181 1268 in
2211 1216 2459 1270 omnibus
2483 1217 2681 1274 cedunt
2704 1229 2756 1273 et
2779 1222 3172 1291 obsequuntur;
3205 1239 3327 1278 nam
3355 1226 3448 1290 ait,
3472 1225 3721 1282 Potentes

2124 1306 2321 1367 uirtute,
2344 1307 2582 1376 facientes
2603 1311 2806 1364 uerbum
2825 1312 2962 1366 illius
2979 1311 3149 1383 (Psat.
3175 1314 3293 1370 102.
3312 1315 3404 1387 20)
3426 1334 3440 1372 :
3455 1318 3536 1372 sic
3552 1319 3718 1374 etiam

2126 1398 2282 1453 nobis
2305 1398 2610 1456 hominibus
2628 1401 2822 1473 largire
2844 1411 2900 1457 ut
2923 1420 3028 1458 non
3056 1422 3118 1458 ex
3141 1405 3370 1462 dimidio
3385 1408 3718 1464 voluntatem

2126 1495 2268 1541 tuam
2300 1488 2589 1556 iaciamus,
2631 1492 2723 1547 sed
2766 1494 2942 1547 omnia
2974 1505 3030 1548 ut
3053 1497 3134 1549 vis
3165 1496 3498 1566 impleamus.
3531 1499 3706 1554 Viden

2124 1579 2391 1647 quomodo
2416 1580 2664 1637 modeste
2691 1598 2848 1654 agere
2874 1584 3064 1640 doceat
3085 1627 3100 1651 ,
3148 1587 3435 1642 ostendens
3464 1590 3720 1644 virtutem

2125 1686 2230 1724 non
2257 1685 2320 1726 ex
2355 1683 2539 1726 nostro
2580 1675 2756 1729 studio
2785 1685 2988 1730 tantum
3009 1718 3024 1741 ,
3073 1674 3171 1732 sed
3201 1680 3362 1734 etiam
3389 1696 3455 1734 ex
3482 1695 3718 1752 superna

2123 1765 2292 1835 gratia
2322 1767 2593 1836 pendere?
2621 1767 2860 1840 itemque
2899 1772 3059 1825 tutius
3086 1772 3234 1826 orbis
3258 1773 3679 1829 sollicitudinem
3702 1816 3719 1838 .

2124 1871 2222 1910 nos
2241 1859 2330 1927 qui
2356 1872 2572 1913 oramus
2595 1859 2834 1930 singulos
2859 1876 3050 1930 gerere
3074 1862 3332 1932 praecipit.
3359 1863 3546 1934 Neque
3570 1867 3721 1926 enim

2123 1945 2288 2014 dixit,
2336 1948 2456 2004 Fiat
2499 1950 2744 2005 voluntas
2775 1961 2859 2005 tua
2905 1952 2958 2006 in
2989 1967 3102 2017 me,
3146 1963 3237 2008 aut
3263 1955 3315 2010 in
3349 1955 3535 2020 nobis;
3585 1957 3720 2018 sed.

2124 2038 2332 2110 Ubique
2365 2049 2662 2106 terrarum,
2693 2051 2751 2098 ut
2792 2059 2944 2098 error
2969 2044 3229 2100 avellatur
3255 2055 3310 2100 et
3350 2047 3551 2101 veritas
3576 2046 3717 2106 inse-

2123 2143 2303 2200 ratur,
2334 2135 2614 2205 omnisque
2644 2137 2874 2206 nequitia
2900 2136 3208 2192 eliminetur
3227 2178 3244 2205 ,
3275 2139 3444 2194 virtus
3472 2149 3721 2193 reverta-

2123 2232 2228 2289 tur,
2257 2235 2420 2295 atque
2445 2225 2497 2280 in
2521 2226 2607 2280 illa
2628 2226 2849 2282 colenda
2871 2227 3004 2282 nihil
3025 2226 3276 2298 deinceps
3293 2228 3503 2284 dill'crat
3521 2227 3720 2284 caelum

2120 2331 2150 2370 a
2181 2324 2344 2375 terra.
2381 2316 2514 2372 Nam
2557 2318 2602 2372 si
2645 2318 2772 2373 illud
2811 2318 2933 2384 ﬁat,
2979 2318 3178 2390 inquit,
3226 2319 3356 2376 nihil
3386 2336 3618 2389 superna
3649 2321 3722 2380 ab.

2123 2409 2464 2466 inferioribus
2494 2409 2907 2482 discrepabunt,
2951 2413 3164 2470 etiamsi
3210 2423 3395 2472 natura
3425 2413 3718 2478 dill'erant.

2121 2517 2244 2557 cum
2288 2503 2493 2559 scilicet
2519 2504 2741 2574 angelos
2767 2505 2904 2559 alios
2937 2506 3090 2560 nobis
3121 2515 3264 2562 terra
3290 2506 3584 2570 exhibebit.
3621 2506 3720 2564 ﬂ.

2121 2592 2318 2648 Panem
2347 2605 2575 2649 nostrum
2600 2596 2946 2666 quotidianum
2974 2597 3044 2652 da
3065 2597 3209 2653 nobis
3234 2598 3400 2656 hodie.
3428 2597 3569 2664 Quid
3593 2607 3718 2662 est.

2074 2738 2076 2740 ,
2118 2684 2318 2741 Panem
2369 2689 2640 2741 emacem?
2682 2687 2738 2741 ld
2783 2697 2904 2749 cst,
2948 2688 3336 2758 quotidianum.
3383 2689 3520 2757 Quia
3565 2691 3720 2748 enim

2116 2777 2363 2846 dixerat,
2393 2777 2516 2834 Fiat
2540 2780 2772 2835 voluntas
2797 2789 2918 2848 tua,
2960 2783 3092 2837 uictu
3131 2783 3188 2838 in
3223 2784 3348 2839 celo
3377 2794 3426 2837 et
3452 2786 3504 2838 in
3535 2793 3674 2842 terra
3694 2801 3718 2840 :

2120 2869 2472 2941 hominesque
2498 2871 2872 2942 alloquebatur
2899 2889 3062 2932 earue
3092 2875 3306 2931 indutos
3328 2918 3343 2942 ,
3383 2887 3437 2933 et
3466 2879 3713 2934 necessi-

2118 2961 2210 3015 tati
2239 2971 2442 3026 naturze
2466 2963 2754 3032 subjectos,
2783 2965 2874 3036 qui
2903 2982 3009 3021 non
3040 2966 3249 3036 possint
3270 2968 3514 3026 eamdem
3544 2985 3713 3040 quam

2115 3053 2289 3122 angeli
2318 3052 2798 3122 impassibilitatem
2825 3055 3058 3112 habere:
3082 3067 3339 3127 przecepta
3369 3058 3584 3129 quidem
3607 3075 3718 3115 nos

2116 3143 2340 3214 exsequi
2375 3145 2561 3214 jubet,
2603 3145 2826 3216 perinde
2849 3157 3011 3219 atque
3049 3163 3112 3205 ea
3137 3148 3360 3219 implent
3385 3159 3440 3205 et
3467 3150 3576 3217 illi;
3608 3151 3717 3207 sed

2117 3236 2410 3293 inﬁrmitati
2439 3250 2644 3294 natura:
2672 3240 2931 3314 deinceps
2975 3255 3096 3298 sese
3136 3243 3524 3300 accommodat.
3570 3244 3717 3300 Natu

2111 3330 2443 3403 diligentiam
2463 3375 2479 3399 ,
2523 3334 2724 3405 inquit,
2759 3335 2812 3389 in
2842 3334 2966 3390 vita:
2996 3335 3238 3394 instituto
3267 3351 3447 3405 parem
3474 3348 3710 3407 expeto,

2113 3421 2208 3477 sed
2241 3437 2346 3477 non
2385 3423 2904 3494 impassibilitatem;
2947 3441 3118 3497 neque
3159 3426 3302 3490 enim
3349 3427 3400 3483 id
3447 3428 3714 3497 permittit

2112 3525 2319 3570 natura:
2362 3517 2602 3587 tyrannis
2624 3535 2639 3572 :
2662 3531 2800 3588 opus
2835 3519 2978 3578 enim
3027 3519 3184 3575 habet
3218 3521 3524 3585 necessario
3559 3521 3712 3578 cibo.

2112 3605 2192 3661 Tu
2218 3621 2349 3662 vero
2377 3606 2505 3662 mihi
2535 3609 2848 3669 consideres
2883 3610 3047 3671 velim
3073 3651 3091 3678 ,
3130 3612 3289 3670 etiam
3323 3611 3374 3677 in
3404 3614 3708 3682 corporali-

2112 3698 2212 3754 bus
2243 3699 2528 3770 plurimum
2555 3702 2945 3771 spiritualitatis
2985 3703 3185 3760 inesse.
3217 3703 3402 3774 Neque
3427 3706 3575 3760 enim
3605 3721 3710 3774 pro

2112 3797 2374 3866 pecuniis.
2406 3811 2579 3868 neque
2608 3813 2704 3868 pro
2725 3797 2952 3866 deliciis,
2979 3814 3150 3868 neque
3175 3814 3271 3868 pro
3295 3798 3523 3858 vestium
3549 3813 3708 3854 sum-

2111 3889 2310 3958 ptihus,
2358 3889 2440 3944 vel
2488 3903 2588 3959 pro
2625 3889 2732 3944 alio
2773 3891 3024 3960 qu0piam
3066 3890 3264 3957 simili,
3311 3889 3406 3946 sed
3438 3905 3537 3960 pro
3565 3905 3714 3960 pane

2113 3990 2318 4036 tantum
2351 3981 2517 4052 jussit
2550 3981 2846 4037 orationem
2887 3982 3092 4043 emitti.
3135 3991 3190 4039 et.
3235 3997 3330 4053 pro
3358 3998 3492 4053 pane
3519 3984 3710 4052 qunti.

2110 4074 2292 4137 diano,
2325 4074 2395 4129 ita
2427 4085 2482 4129 ut
2512 4075 2580 4130 de
2606 4077 2842 4131 crastino
2876 4077 3087 4144 solliciti
3119 4094 3226 4133 non
3251 4079 3442 4136 simus.
3472 4079 3712 4150 Ideoque

2111 4166 2336 4233 addidit,
2365 4164 2561 4219 Ponant
2581 4171 2836 4231 ἕπεοὺσων,
2885 4166 2936 4232 id
2962 4177 3065 4231 est,
3097 4169 3484 4239 quotidianum.
3515 4170 3708 4239 Neque

2113 4256 2216 4310 hoc
2243 4264 2527 4312 contentus
2553 4255 2654 4312 fuit
2682 4257 2847 4312 verbo
2869 4299 2886 4324 ,
2925 4259 3018 4314 sed
3049 4268 3104 4314 et
3141 4259 3283 4314 aliud
3325 4259 3570 4326 addidit,
3617 4257 3714 4314 Da

2111 4348 2252 4402 rwbis
2275 4348 2443 4413 hodie,
2477 4348 2546 4403 ita
2574 4356 2631 4402 ut
2656 4362 2766 4403 non
2786 4349 3023 4404 ulteriori
3047 4349 3149 4405 diei
3177 4350 3425 4410 crastina
3448 4365 3577 4406 cura
3602 4365 3712 4406 nos

2114 4449 2476 4511 torque-imus.
2503 4437 2674 4510 Cujus
2693 4440 2836 4494 enim
2880 4439 2984 4497 diei
3034 4442 3209 4496 nescis
3247 4457 3314 4498 an
3359 4441 3588 4512 spatium
3617 4442 3706 4496 vi-

2110 4547 2268 4586 surus
2292 4532 2398 4596 sis,
2436 4546 2532 4586 cur
2559 4530 2970 4586 sollicitudinem
3004 4530 3207 4587 habes?
3235 4532 3346 4588 lloc
3373 4531 3620 4603 pluribus
3651 4533 3712 4588 in

2110 4623 2457 4692 sequentibus
2501 4621 2740 4692 praecipit
2773 4621 2956 4678 dicens
2990 4642 3002 4677 :
3040 4621 3214 4678 Nolite
3256 4624 3456 4678 solliciti
3493 4619 3605 4678 esse
3648 4625 3710 4678 in

2109 4715 2386 4768 crastinum
2411 4712 2627 4784 (Matth.
2647 4713 2702 4768 6.
2719 4712 2831 4784 54).
2856 4714 2977 4772 Vult
3001 4715 3142 4770 enim
3167 4731 3263 4773 nos
3289 4730 3500 4786 semper
3519 4716 3704 4771 accin-

2109 4815 2228 4862 ctus
2253 4813 2310 4860 et
2335 4805 2484 4876 quasi
2506 4807 2574 4860 ad
2595 4805 2836 4861 volatum
2861 4805 3139 4876 expeditos
3165 4821 3308 4869 esse,
3333 4815 3535 4863 tantum
3562 4821 3704 4862 eon-

2110 4897 2369 4952 eedentes
2394 4905 2616 4962 naturae,
2639 4907 2898 4966 quantum
2947 4897 3239 4952 necessitas
3266 4911 3296 4950 a
3327 4895 3479 4951 nobis
3512 4895 3705 4966 exigit.

2112 4986 2318 5044 Deinde
2340 4986 2464 5057 quia
2491 4987 2785 5056 contingit,
2831 4986 2992 5044 etiam
3023 4998 3145 5056 post
3172 4987 3438 5042 lavacrum
3471 5001 3712 5057 regene-

2109 5080 2352 5146 rationis,
2375 5088 2436 5134 ut
2457 5095 2742 5151 peccemus
2769 5097 2784 5133 :
2809 5079 3028 5140 multam
3055 5079 3142 5136 bic
3159 5095 3374 5152 quoque
3403 5080 3706 5151 benignita-

2109 5183 2217 5230 tem
2243 5171 2506 5230 exbibens
2529 5213 2545 5238 ,
2583 5171 2736 5241 jubet
2783 5187 2877 5241 pro
2921 5183 3258 5241 peccatorum
3289 5173 3604 5230 remissione
3632 5171 3706 5226 ad

2111 5261 2514 5320 misericordem
2547 5262 2718 5318 Deum
2742 5261 3020 5327 accedere,
3049 5273 3104 5318 et
3133 5263 3212 5317 sic
3237 5263 3458 5324 dicere:
3482 5260 3571 5324 η.
3601 5261 3708 5320 Di-

2109 5357 2248 5410 mitte
2285 5355 2428 5412 nobis
2451 5353 2618 5412 debita
2642 5363 2817 5414 nostra
2835 5393 2859 5422 ν
2881 5355 3011 5418 sicut
3039 5365 3088 5410 ει
3113 5371 3204 5412 uos
3232 5355 3531 5422 dimittimus
3557 5353 3707 5416 debi-

2109 5449 2299 5503 toribus
2317 5447 2524 5504 nostris.
2553 5445 2798 5506 Vidistin’
2824 5448 3208 5506 misericordia)
3232 5448 3544 5516 ouantium?
3572 5448 3707 5504 Post

2111 5549 2188 5593 tot
2214 5538 2421 5593 sublata
2447 5537 2606 5604 mala,
2643 5547 2763 5609 post
2791 5538 3110 5596 laudabilem
3141 5540 3402 5598 donorum
3433 5539 3706 5610 magnim-

2108 5630 2306 5696 dinem,
2331 5645 2542 5685 rursum
2569 5639 2854 5700 peccantes
2880 5631 3034 5688 venia
3063 5632 3327 5703 dignatur.
3345 5631 3495 5699 Quod
3521 5642 3705 5686 autem

2092 5721 2230 5780 haec
2256 5723 2427 5778 oratio
2450 5721 2691 5782 ﬁdelibus
2716 5733 3011 5798 competat,
3033 5725 3178 5799 leges
3205 5725 3456 5783 Ecclesia:
3483 5723 3703 5788 docent.
