3868 6182
188 244 299 300 εδι

178 376 275 417 ρει)
290 372 401 415 non
427 356 687 412 orationis
715 354 1011 410 exordium.
1046 353 1290 408 Nondum
1320 353 1517 423 quippe
1541 350 1776 406 initiatus

182 467 288 504 non
319 461 497 521 potest
525 451 691 505 Deum
719 464 911 504 vocare
942 449 1177 503 Patrem.
1221 449 1276 517 Si
1316 448 1495 517 itaque
1529 445 1777 502 ﬁdelibus

184 541 298 595 hrec
325 542 586 611 competit
614 541 821 606 oratio,
871 547 1132 609 orantque
1169 539 1436 608 supplices
1479 547 1537 592 ut
1564 545 1776 606 peccata

182 633 284 686 sibi
306 633 647 687 dimittantur
672 650 685 686 :
713 632 836 687 hinc
857 631 1028 701 palam
1052 640 1153 697 est,
1176 646 1347 701 neque
1371 639 1491 699 post
1510 629 1775 684 lavacrum

181 722 295 777 tolli
324 723 656 791 poenitentia:
688 722 914 778 lucrum.
956 721 1066 776 Nisi
1111 722 1251 776 enim
1285 720 1386 774 hoc
1412 720 1777 775 demonstrare

180 815 375 879 vellet,
421 830 529 870 non
575 829 705 870 sane
735 814 1003 868 docuisset
1032 829 1206 867 orare.
1252 811 1353 880 Qui
1396 825 1524 865 vero
1561 818 1776 881 peccata

179 915 482 971 memorat,
524 905 781 976 jubetque
820 921 1006 960 eorum
1050 905 1420 960 remissionem
1464 912 1663 975 petere,
1710 917 1773 957 ac

177 998 339 1056 decet
372 998 644 1070 quomodo
674 998 811 1052 hanc
842 998 1207 1052 remissionem
1238 1011 1656 1067 consequamur.
1690 997 1769 1050 fa-

177 1088 454 1162 cilemque
473 1091 539 1145 ad
569 1091 713 1145 illam
743 1099 891 1158 parat
918 1090 1077 1153 viam,
1110 1089 1194 1143 hic
1219 1098 1276 1142 ut
1298 1088 1468 1157 palam
1500 1098 1601 1150 est,
1630 1088 1771 1157 quod

178 1184 391 1237 noverit
414 1192 469 1236 et
494 1181 683 1236 doceat
712 1194 868 1250 posse
895 1195 992 1235 nos
1016 1179 1177 1233 etiam
1206 1188 1326 1247 post
1354 1180 1620 1233 lavacrum
1653 1193 1777 1247 pec-

177 1285 294 1327 cata
326 1275 585 1337 abluere,
615 1272 752 1326 hanc
781 1270 1182 1342 supplicationis
1225 1271 1392 1339 legem
1425 1268 1670 1331 induxit;
1705 1270 1777 1322 ita

180 1376 232 1415 nt
264 1364 395 1418 dum
423 1370 639 1432 peccata
671 1371 969 1427 memorat,
1011 1376 1109 1415 nos
1143 1361 1208 1414 ad
1241 1360 1482 1415 modeste
1510 1360 1776 1430 agendum

179 1458 397 1512 inducat
423 1474 438 1523 ;
470 1457 596 1511 dum
627 1472 756 1510 vero
779 1455 930 1525 jubet
958 1455 1076 1508 aliis
1104 1455 1377 1511 remittere
1400 1495 1415 1521 ,
1448 1470 1660 1509 omnem
1693 1455 1776 1509 in-

175 1552 441 1621 iuriarum
494 1553 804 1604 memoriam
849 1564 878 1602 a
910 1549 1064 1602 nobis
1106 1547 1379 1611 eliminet;
1426 1547 1553 1602 dum
1598 1558 1777 1601 autem

177 1659 278 1713 pro
316 1644 403 1697 his
430 1642 679 1696 omnibus
719 1657 779 1695 se
820 1640 972 1695 nobis
1002 1639 1209 1694 veniam
1250 1652 1627 1693 concessurum
1658 1652 1781 1692 esse

175 1735 492 1803 pollicetur,
521 1733 657 1787 bona
690 1749 787 1786 uos
828 1747 924 1801 spe
950 1730 1164 1797 fulciat,
1195 1746 1258 1785 ac
1287 1731 1425 1785 circa
1453 1729 1777 1785 inell'abilem

183 1827 276 1880 Dei
305 1824 731 1880 misericordiam
766 1839 861 1877 nos
889 1822 1251 1892 philosophari
1280 1821 1492 1876 doceat.

250 1919 304 1971 6.
339 1915 410 1970 Ut
447 1917 562 1969 aliis
590 1915 887 1969 dimittimus
907 1956 923 1980 ,
951 1914 1024 1967 sic
1066 1912 1338 1966 dimittitur
1377 1912 1540 1966 nobis.
1568 1942 1637 1951 —
1668 1910 1780 1965 Hoc

179 2020 361 2062 autem
413 2008 644 2063 maxime
686 2005 1076 2061 observandum
1118 2013 1238 2070 est,
1266 2020 1389 2059 eum
1411 2044 1425 2067 ,
1447 2019 1568 2057 cum
1600 2002 1654 2057 in
1684 2016 1779 2056 su—

183 2099 443 2166 pradictis
495 2097 719 2168 singulis
768 2110 989 2151 omnem
1044 2095 1290 2148 virtutem
1349 2100 1775 2157 commemoret,

182 2192 232 2244 iu
265 2192 369 2244 hac
399 2190 563 2244 etiam
608 2189 920 2258 iujuriarum
963 2187 1390 2243 recordationem
1422 2184 1776 2254 complecti‘;

183 2297 305 2335 nam
336 2280 662 2336 sanctiﬁcari
692 2296 790 2345 per
819 2295 917 2333 nos
944 2293 1137 2334 nomen
1169 2278 1285 2348 ejus
1310 2277 1376 2332 ad
1408 2277 1700 2346 perfectura
1727 2286 1782 2331 et

182 2373 646 2429 accuratissimqu
673 2374 798 2427 vitm
828 2372 1125 2425 institutum
1154 2369 1423 2441 pertinet;
1455 2377 1510 2424 et
1537 2369 1783 2423 volunta-

184 2475 288 2519 tem
318 2466 441 2534 ejus
489 2465 599 2518 tieri
647 2464 877 2532 idipsum
922 2477 1108 2517 rursus
1137 2460 1428 2531 signiﬁcat;
1472 2467 1525 2515 et
1569 2459 1781 2514 Patrem

186 2574 344 2625 posse
376 2558 547 2612 Deum
578 2571 770 2611 vocare
800 2556 1080 2625 inculpatae
1107 2554 1227 2608 vitae
1254 2552 1636 2609 demonstratio
1661 2559 1778 2615 est;

184 2655 234 2707 in
264 2654 466 2723 quibus
495 2651 745 2706 omnibus
773 2649 874 2704 hoc
899 2647 1403 2725 comprehenditur,
1448 2645 1589 2716 quod
1618 2646 1780 2714 opor-

189 2754 295 2799 teat
322 2746 462 2813 iram
490 2743 559 2798 de
597 2743 804 2812 injuriis
842 2750 1152 2810 conceptam
1192 2741 1497 2804 remittere;
1548 2746 1783 2793 attamen

184 2839 265 2891 Itis
289 2846 583 2892 contentus
610 2850 716 2888 non
740 2834 834 2886 fuit
854 2849 877 2897 ;Δ
902 2832 995 2886 sed
1019 2830 1307 2886 ostendere
1329 2831 1782 2898 volensquantam

184 2929 283 2983 hac
318 2927 391 2983 de
430 2943 490 2981 re
530 2936 680 2996 gerat
722 2923 1175 2988 sollicitudinem,
1218 2921 1447 2990 idipsum
1487 2918 1787 2990 specialiter

184 3019 412 3089 repetit;
460 3032 526 3072 ac
572 3026 690 3085 post
716 3015 1012 3069 orationem
1047 3012 1247 3067 nullum
1278 3011 1422 3065 aliud
1453 3025 1612 3081 quam
1643 3009 1786 3064 istud

185 3119 456 3164 memorat
484 3118 808 3179 pra-ceptum
831 3147 845 3171 ,
890 3105 969 3160 sic
1005 3105 1188 3158 dicens
1211 3102 1312 3159 :~Si
1334 3103 1467 3157 enim
1496 3100 1787 3154 dimicet-itis

189 3203 484 3260 hortantibus
515 3210 720 3271 peccata
750 3216 943 3264 eorum,
974 3198 1188 3251 dimittet
1214 3195 1350 3250 nobis
1375 3204 1423 3249 et
1450 3194 1607 3248 Pater
1631 3201 1789 3247 vester

187 3298 401 3352 calcatis
431 3295 647 3364 (Matth.
678 3293 732 3349 6.
760 3290 872 3363 14).
897 3290 1079 3361 Itaque
1103 3306 1132 3345 a
1166 3289 1321 3344 nobis
1342 3287 1658 3358 principium
1686 3294 1785 3349 est,

189 3388 532 3459 etjudicium
573 3387 641 3440 de
683 3384 837 3439 nobis
882 3382 1157 3438 ferendum
1204 3382 1255 3435 in
1297 3388 1479 3435 nostra
1512 3380 1672 3433 situm
1703 3386 1790 3432 est

194 3489 484 3550 potestate.
514 3478 644 3533 Nam
674 3493 742 3533 ne
769 3476 853 3532 vel
881 3491 945 3531 ex
973 3474 1204 3543 stupidis
1224 3471 1683 3543 quispiampossit
1705 3469 1790 3524 vel

193 3577 243 3629 iu
274 3588 440 3645 parva
469 3571 555 3627 vel
583 3571 634 3626 in
661 3585 848 3638 magna
882 3584 940 3623 re
966 3567 1225 3637 conqueri
1254 3565 1379 3620 dum
1405 3563 1694 3633 judicatur,
1716 3571 1789 3625 te,

196 3682 372 3728 meum,
407 3661 600 3718 calculi
634 3660 834 3714 ferendi
866 3658 1141 3714 dominum
1171 3656 1323 3720 facit;
1355 3664 1409 3709 et
1433 3654 1789 3722 Quemadmo-

196 3758 350 3822 dum,
384 3755 582 3825 inquit,
614 3762 665 3807 tu
697 3752 764 3806 de
795 3760 846 3806 te
876 3751 991 3821 ipso
1029 3748 1387 3819 judicaveris,
1416 3762 1515 3817 ego
1540 3744 1608 3799 de
1636 3756 1684 3799 te
1709 3744 1796 3814 ju-

192 3851 416 3907 dicabo.
464 3848 521 3904 Si
560 3860 823 3901 conservo
849 3843 1148 3907 dimiseris,
1195 3855 1224 3895 a
1264 3855 1352 3895 me
1383 3852 1565 3909 parem
1594 3836 1797 3892 referes

194 3945 453 4016 gratiam,
480 3954 801 4010 quamquam
827 3951 914 3992 res
941 3950 1047 3990 non
1078 3933 1224 4003 paris
1243 3932 1311 3986 sit
1339 3929 1684 3986 conditionis.
1714 3928 1793 3982 Tu

194 4038 346 4091 enim
373 4032 517 4104 quod
546 4030 861 4087 remissione
885 4040 1064 4097 egeas,
1093 4022 1342 4084 remittis.
1360 4022 1502 4077 Deus
1521 4034 1650 4076 vero
1674 4034 1798 4076 cum

198 4128 357 4183 nullo
406 4139 543 4195 opus
590 4122 817 4185 habeat;
866 4128 918 4172 tu
967 4131 1265 4181 conservo,
1313 4114 1455 4169 Deus
1503 4127 1697 4179 servo;
1746 4124 1803 4168 tu

199 4228 584 4277 sexcentorum
618 4230 740 4271 reus
772 4223 1143 4284 peccatorum,
1181 4211 1321 4264 Deus
1365 4224 1494 4264 vero
1536 4211 1801 4280 impecca-

200 4314 331 4368 bilis
357 4327 480 4367 cum
525 4310 612 4365 sit.
656 4311 903 4363 Attamen
949 4305 1026 4360 sic
1064 4304 1154 4359 ille
1194 4302 1615 4359 misericordiam
1651 4317 1801 4357 suam

201 4406 462 4463 ostendit.
493 4402 625 4458 Nam
655 4417 776 4457 cum
809 4410 987 4471 posset
1019 4398 1134 4452 sine
1164 4396 1264 4451 hac
1295 4398 1463 4467 posita
1493 4396 1803 4453 conditione

203 4500 389 4555 omnia
434 4497 526 4551 tibi
570 4503 785 4565 peccata
829 4491 1167 4555 condonare;
1214 4491 1331 4545 vult
1373 4498 1550 4546 tamen
1599 4498 1651 4545 te
1682 4488 1807 4545 inde

205 4594 372 4647 etiam
406 4588 725 4644 hencticium
761 4585 1038 4653 accipere,
1081 4581 1230 4638 mille
1262 4582 1353 4637 tibi
1398 4582 1632 4652 undique
1659 4597 1807 4637 man-

208 4679 514 4738 suetudinis
541 4687 596 4733 et
628 4674 975 4731 humanitatis
1004 4672 1319 4727 occasiones
1360 4673 1669 4727 ministrans
1692 4714 1706 4737 ,
1755 4681 1810 4727 et

208 4774 352 4847 quod
383 4774 435 4826 in
460 4769 830 4845 tqbelluiuum
852 4775 935 4821 est
957 4764 1263 4829 elimiuaus,
1289 4764 1420 4818 iram
1442 4763 1806 4832 exstiiigueus,

207 4881 258 4924 et
293 4865 527 4935 undique
564 4872 615 4918 te
658 4858 900 4916 membro
942 4868 1032 4914 tuo
1062 4855 1453 4929 couglutinans.
1500 4854 1638 4921 Quid
1681 4868 1810 4924 ergo

211 4963 393 5016 dicere
422 4938 637 5027 possis?
667 4968 733 5007 an
763 4960 815 5007 te
845 4950 972 5005 mali
995 4949 1266 5022 quidpiam
1291 4962 1320 5002 a
1343 4948 1586 5019 proximo
1617 4946 1810 5017 injuste

213 5065 430 5123 Iussum
455 5046 618 5103 esse?
650 5045 772 5100 llam
788 5042 987 5113 quippe
1010 5050 1135 5096 sunt
1158 5047 1407 5109 peccata;
1434 5053 1556 5091 nam
1582 5038 1624 5091 si
1643 5038 1806 5105 juste,

286 5283 303 5311 ι
338 5275 539 5337 quidam
560 5280 669 5321 Mss.
709 5271 838 5319 hunc
864 5268 1022 5317 locum
1045 5270 1113 5317 sic
1159 5265 1337 5314 habent
1372 5269 1535 5311 Grrece
1570 5275 1581 5309 :
1623 5274 1642 5312 δ
1667 5270 1708 5337 ιι
1752 5275 1820 5337 μά.

230 5367 335 5393 κατι
441 5351 697 5400 παρατηρῆσαι
721 5372 734 5389 ,
755 5346 868 5382 «eos
894 5346 990 5381 ιστιν
1013 5341 1071 5379 ὃτι
1087 5340 1166 5378 καθ’
1190 5339 1341 5377 hmo»:
1364 5344 1433 5374 τῶν
1463 5338 1646 5403 ιὶρημινθζν
1668 5335 1821 5403 ὁ).ῗέιοῖ

228 5392 287 5465 γὲ»
325 5392 675 5465 μειέωώὶιςῖτις
897 5405 1023 5465 Ἒαίθττὲ
1044 5404 1104 5440 καὶ
1134 5402 1178 5460 τι
1209 5398 1666 5465 maritatas???
1685 5462 1689 5465 _
1709 5392 1824 5465 (ἓΗέ

228 5454 296 5513 sic
326 5454 785 5516 convertideheni,
821 5458 961 5517 juxta
994 5454 1250 5512 Georgium
1283 5454 1650 5518 :Irajsezuntium
1678 5455 1821 5518 .‘HIIoc

229 5506 633 5577 ﬁliaiam
650 5506 1011 5581 observandum
1023 5506 1385 5581 est,:'quon_iarn'
1394 5508 1599 5581 singulis
1618 5506 1821 5578 quibus-

231 5574 327 5650 at;
337 5574 583 5639 sententiis
606 5581 951 5646 perfectionem
968 5575 1162 5650 virtutis
1178 5574 1447 5631 includens,
1464 5574 1609 5650 etiam
1628 5574 1679 5650 in
1699 5583 1824 5650 οιςαῖ-

242 5644 740 5714 redeutibusinjuria!
777 5664 861 5701 nos
883 5648 1183 5714 prohibuerit
1222 5645 1492 5714 recordari.
1522 5644 1717 5714 Boisius
1742 5646 1820 5714 le.-

242 5718 456 5775 gendum
482 5710 603 5765 vidin
631 5712 679 5763 in
705 5710 891 5774 Graeco,
915 5716 993 5762 mi
1018 5715 1073 5762 τὸ
1118 5715 1180 5773 μή
1204 5710 1509 5775 μνησικακεῖν
1554 5710 1817 5768 περιέὶαϐε.

1326 236 1387 290 IN
1430 230 1831 291 lilA'l’Tﬂ/EUM
1873 232 2100 290 HOMIL
2149 237 2283 291 XIX.

3368 238 3474 297 232

1891 362 2165 418 peccatum
2206 354 2410 407 nullum
2441 364 2541 407 est.
2574 354 2641 407 At
2672 364 2724 407 tu
2757 355 2937 408 talium
2981 371 3104 410 vere
3133 366 3472 425 peccatorum

1886 443 2095 497 veniam
2126 445 2503 513 impetraturus
2528 446 2754 510 accedis,
2788 446 2896 500 imo
2920 455 2971 501 ct
2999 446 3163 501 multo
3189 447 3471 517 majormu.

1886 535 1952 589 Et
1986 547 2109 592 ante
2139 537 2348 592 veniam
2373 579 2385 602 ,
2430 552 2534 592 non
2577 538 2851 592 minimam
2882 549 3245 608 consequutus
3270 554 3476 610 es-gra-

1886 627 2047 688 tiam,
2089 627 2309 682 edoctus
2350 637 2402 683 te
2449 629 2735 684 humanam
2787 630 2982 686 habere
3024 632 3294 698 animam,
3328 641 3381 685 et
3409 631 3483 685 ad'

1884 731 2099 772 omnem
2152 720 2616 774 mansuetudinem
2664 721 2957 776 institutus.
3014 721 3141 775 Post
3187 720 3301 775 hrre
3348 736 3478 775 vero

1887 825 2078 879 magna
2108 811 2267 865 etiam
2309 811 2403 866 tibi
2444 827 2651 867 merces
2696 812 2803 867 illic
2852 813 3126 866 recondita
3155 814 3292 876 erit,
3334 813 3483 883 quod.

1887 900 2047 954 nulla:
2072 914 2101 952 a
2130 909 2182 955 te
2211 910 2550 970 peccatorum
2580 903 2814 958 rationes
2844 904 3203 972 postulentur.
3229 904 3344 971 Quo
3376 905 3475 975 igi-

1885 1001 1972 1045 tur
1997 992 2140 1061 digui
2169 994 2432 1064 supplicio
2462 996 2662 1049 erimus
2681 1035 2695 1057 .
2730 996 2773 1050 si
2806 995 2895 1049 tali
2925 1007 3140 1065 accepta
3169 1006 3433 1066 potestate
3458 1039 3474 1061 ,

1885 1084 2110 1138 salutem
2143 1094 2378 1139 nostram
2412 1086 2740 1155 prodamus?
2768 1087 3036 1159 quomodo
3062 1096 3239 1141 autem
3272 1088 3322 1141 in
3356 1088 3476 1142 aliis

1888 1190 1991 1230 nos
2016 1176 2255 1231 exaudiri
2284 1193 2555 1247 rogamus,
2591 1195 2710 1233 cum
2744 1180 2995 1245 nolimus,
3029 1181 3154 1234 dum
3189 1196 3353 1251 penes
3378 1196 3476 1235 nos

1886 1276 1987 1332 est,
2019 1268 2171 1324 nobis
2198 1269 2327 1338 ipsis
2355 1272 2617 1338 parcere?
2644 1271 2726 1326 15.
2762 1269 2829 1324 Ει
2849 1289 2909 1325 ne
2932 1288 3023 1327 nos
3048 1272 3260 1326 inducas
3286 1273 3339 1326 in
3367 1282 3476 1326 ten-

1887 1364 2146 1429 tationem,
2178 1363 2266 1417 sed
2292 1363 2449 1416 libera
2470 1380 2562 1418 nos
2590 1380 2621 1417 a
2646 1365 2802 1418 malo.
2832 1365 2964 1431 Quia
2987 1374 3125 1419 tuum
3144 1375 3217 1420 est
3241 1381 3475 1436 regnum,

1885 1464 1931 1507 et
1959 1456 2200 1523 potentia,
2226 1464 2273 1509 et
2301 1456 2465 1523 gloria
2493 1456 2547 1509 in
2572 1460 2780 1520 alecula,
2814 1473 2983 1510 amen.
3014 1457 3109 1511 llic
3133 1456 3242 1526 jam
3272 1471 3369 1511 nos
3393 1458 3474 1510 vi-

1886 1543 2087 1598 litatem
2133 1553 2368 1599 nostrain
2400 1545 2544 1599 clare
2572 1545 2766 1609 docet,
2814 1556 2868 1601 et
2900 1555 3161 1601 tumorem
3195 1547 3433 1616 reprimit
3459 1562 3475 1596 τ

1888 1633 2108 1688 hortans
2146 1643 2202 1686 ut
2233 1636 2525 1689 certamina
2559 1637 2847 1706 fugiamus,
2878 1638 2971 1693 sed
3000 1654 3068 1693 ue
3094 1639 3145 1693 in
3176 1654 3236 1693 ea
3270 1640 3473 1693 insilia-

1889 1742 2026 1781 mus.
2060 1727 2133 1782 ita
2161 1730 2303 1783 enim
2346 1741 2401 1784 et
2438 1730 2592 1784 nobis
2636 1732 2855 1785 victoria
2901 1731 3231 1800 splendidior
3257 1731 3388 1793 erit,
3421 1739 3481 1786 et

1889 1819 2085 1873 diaboli
2113 1820 2292 1876 clades
2334 1824 2503 1891 magis
2533 1822 2810 1877 videbitur.
2844 1823 2973 1878 Cum
3007 1824 3268 1879 trahimur
3288 1825 3429 1879 enim
3456 1865 3471 1889 ,

1889 1912 2093 1965 fortiter
2122 1912 2370 1966 standum
2413 1923 2530 1979 est;
2580 1930 2685 1969 non
2737 1926 2950 1971 vocatos
2995 1926 3171 1972 autem
3201 1916 3475 1987 quiescere

1886 2012 2115 2072 oportet,
2140 2019 2202 2057 ac
2224 2013 2432 2074 tempus
2453 2008 2801 2062 certaminum
2824 2016 3153 2078 exspectare,
3176 2017 3235 2063 ut
3252 2017 3306 2064 et
3324 2025 3476 2063 vana:

1886 2096 2071 2163 gloria:
2100 2104 2350 2164 expertes
2380 2106 2431 2151 et
2463 2106 2710 2153 strenuos
2739 2113 2838 2153 nos
2869 2100 3239 2155 exhibeamus.
3282 2100 3474 2153 Malum

1888 2194 2065 2240 autem
2096 2185 2182 2240 hic
2212 2186 2481 2242 diabolum
2506 2199 2682 2255 vocat,
2729 2190 2923 2260 jubens
2969 2206 3065 2245 nos
3094 2207 3215 2245 cum
3246 2192 3335 2245 illo
3361 2191 3477 2246 bel-

1888 2278 1996 2332 lum
2062 2279 2392 2348 inexpiabile
2444 2296 2667 2350 gerere,
2721 2290 2775 2336 et
2820 2282 3112 2338 ostendens
3154 2283 3325 2351 ipsum
3370 2298 3477 2339 non

1888 2382 2073 2426 natura
2102 2372 2260 2427 talem
2284 2387 2425 2428 esse.
2454 2373 2649 2427 Malitia
2679 2374 2819 2428 enim
2841 2389 2947 2429 non
2972 2390 3037 2429 ex
3062 2384 3273 2439 natura,
3298 2376 3390 2432 sed
3413 2391 3493 2430 ex“

1887 2467 2162 2522 voluntate
2203 2466 2454 2537 gignitur.
2504 2466 2593 2521 Ille
2634 2476 2811 2522 autem
2855 2468 3119 2537 prmcipue
3149 2468 3228 2523 sic
3259 2478 3480 2523 vocatur

1888 2559 1960 2613 oh
2009 2550 2276 2627 ingentem
2327 2558 2543 2612 malitia'
2588 2557 3005 2628 magnitudinem
3038 2566 3133 2613 :et
3175 2559 3296 2629 quia
3346 2557 3503 2611 nihil"

1890 2650 2049 2704 lmsus
2078 2665 2107 2703 a
2138 2649 2295 2704 nobis
2331 2650 2650 2721 inexpiabile
2694 2658 2880 2705 contra
2927 2665 3027 2707 nos
3075 2651 3269 2707 bellum
3310 2650 3477 2720 gerit,

1890 2744 2011 2798 ideo
2036 2759 2145 2797 non
2173 2741 2327 2810 dixit,
2358 2742 2549 2799 Libera
2579 2757 2675 2797 uos
2704 2757 2733 2795 a
2767 2742 2954 2811 malis,
2988 2743 3082 2799 sed
3103 2786 3117 2811 ,
3149 2743 3191 2796 A
3221 2743 3356 2796 malo
3379 2786 3394 2806 ,
3424 2752 3483 2795 ιιι

1890 2854 1988 2893 nos
2013 2844 2228 2892 moneat
2249 2851 2317 2892 ne
2341 2845 2527 2892 contra
2548 2837 2849 2906 proximum
2878 2851 3062 2892 amaro
3084 2837 3263 2890 animo
3291 2836 3482 2901 simus,

1891 2929 2101 2985 etiamsi
2146 2928 2284 2983 male
2312 2928 2576 2997 patiamur
2605 2927 2672 2982 ab
2700 2926 2804 2982 illis
2824 2970 2839 2994 ,
2886 2928 2979 2983 sed
3010 2928 3077 2983 ab
3121 2927 3223 2982 illis
3263 2926 3390 2995 ipsis
3415 2924 3484 2979 ad

1891 3021 2164 3076 diabolum
2189 3019 2610 3075 transferendam
2638 3019 2970 3075 inimicitiam
2998 3035 3138 3086 esse,
3161 3029 3345 3090 utpote
3372 3032 3486 3072 ma-

1894 3112 2066 3166 lorum
2096 3111 2337 3165 omnium
2365 3124 2605 3166 causam.
2651 3112 2856 3168 l‘nimici
2890 3112 3067 3182 itaque
3092 3125 3486 3165 commemora-

1894 3202 2038 3256 tione
2052 3201 2117 3255 ad
2136 3210 2409 3256 certamen
2433 3215 2533 3257 nos
2550 3217 2877 3273 praeparans,
2900 3210 2953 3258 et
2974 3203 3251 3273 segnitiem
3273 3215 3486 3256 omnem

1894 3309 1923 3347 a
1959 3292 2113 3347 nobis
2139 3292 2485 3361 exscindens,
2518 3310 2704 3350 rursus
2728 3293 2974 3349 ﬁduciam
3004 3294 3275 3364 ingeritet
3298 3306 3489 3348 sensus

1894 3385 2071 3455 erigit,
2089 3385 2289 3455 Regem
2316 3398 2772 3449 commemorans,
2796 3386 2895 3440 sub
2920 3401 3027 3455 quo
3054 3386 3106 3440 in
3129 3386 3242 3441 acie
3262 3394 3486 3448 stamus,

1898 3484 1953 3530 et
1995 3476 2290 3532 ostendens
2342 3478 2516 3548 ipsum
2574 3492 2695 3532 esse
2742 3477 2980 3531 omnium
3035 3477 3487 3546 potentissimum.

1898 3566 2066 3621 Tuum
2106 3576 2178 3621 est
2202 3608 2220 3629 ,
2254 3568 2455 3639 inquit,
2501 3585 2741 3639 regnum,
2783 3578 2830 3622 et
2861 3568 3118 3638 potentia,
3150 3577 3195 3621 et
3224 3566 3406 3638 gloria.
3433 3565 3490 3621 Si

1900 3673 2029 3729 ergo
2050 3658 2192 3715 illius
2212 3669 2296 3715 est
2314 3675 2559 3730 regnum,
2579 3675 2738 3715 nemo
2764 3658 3029 3715 timendus
3060 3666 3161 3722 est,
3186 3674 3306 3715 cum
3331 3673 3492 3714 nemo

1901 3754 1971 3806 sit
1997 3752 2086 3823 qui
2114 3753 2378 3808 obsistere
2408 3752 2594 3822 possit,
2624 3762 2680 3808 et
2705 3751 2795 3823 qui
2825 3760 3008 3807 contra
3037 3752 3181 3805 illum
3210 3751 3492 3820 imperium

1906 3852 2106 3901 teneat.
2136 3843 2270 3900 Cum
2300 3845 2443 3899 enim
2471 3844 2632 3900 dicit:
2680 3844 2843 3898 Tuum
2887 3855 2970 3899 est
3002 3860 3232 3915 regnum,
3260 3844 3496 3900 ostendit

1906 3939 2071 3992 etiam
2093 3952 2213 3992 eum
2239 3976 2254 4002 ,
2286 3936 2372 4007 qui
2407 3950 2505 3991 nos
2554 3936 2859 4006 impugnat,
2905 3935 3005 4006 ipsi
3034 3934 3313 3990 subditum
3334 3949 3495 4003 esse,

1908 4029 2118 4085 etiamsi
2163 4038 2350 4083 contra
2380 4035 2525 4083 stare
2567 4027 2814 4082 videatur
2836 4068 2852 4093 ,
2903 4026 3014 4082 Deo
3052 4028 3263 4081 interim
3294 4027 3345 4082 id
3379 4043 3499 4096 per-

1910 4121 2176 4176 mittente.
2201 4119 2333 4175 Nam
2365 4128 2419 4174 et
2452 4118 2565 4189 ipse
2592 4133 2659 4173 ex
2688 4132 2963 4173 servorum
2992 4132 3218 4171 numero
3244 4126 3346 4184 est,
3374 4118 3501 4172 licet

1913 4213 2186 4267 iul‘amium
2238 4220 2293 4266 et
2340 4212 2723 4279 reproborum;
2778 4225 2877 4265 nec
2930 4210 3073 4285 ausit
3120 4224 3499 4264 conservorum

1912 4304 2213 4374 quempiam
2247 4302 2518 4366 invadere,
2551 4302 2653 4355 nisi
2680 4302 2827 4371 prius
2853 4300 3083 4370 desuper
3106 4301 3373 4371 acceperit
3398 4317 3499 4373 po-

1914 4404 2183 4454 testatem.
2220 4393 2417 4462 Ecquid
2446 4393 2568 4447 dico
2593 4392 3018 4447 conservorum?
3057 4390 3135 4446 Ne
3166 4406 3354 4461 porcos
3381 4395 3501 4462 qui-

1915 4486 2035 4542 dem
2068 4502 2231 4542 ausus
2258 4495 2341 4541 est
2369 4483 2641 4550 invadere,
2672 4482 2846 4539 donec
2877 4484 2989 4553 ipse
3022 4485 3295 4553 permisit;
3329 4500 3503 4555 neque

1915 4580 2105 4633 ovium;
2119 4578 2381 4647 boumque
2400 4591 2606 4647 greges,
2629 4575 2801 4631 donec
2823 4575 3087 4630 licentiam
3110 4585 3169 4631 et
3185 4587 3500 4647 potestatem

1917 4671 2230 4741 accepisset.
2265 4669 2446 4740 Itaque
2472 4668 2681 4724 etiamsi
2711 4668 2866 4740 longe
2895 4667 3159 4724 infirmior
3186 4684 3356 4735 esses,
3384 4670 3504 4739 jure

1916 4762 2226 4819 consideres
2272 4771 2418 4816 tanto
2458 4762 2753 4832 imperante
2782 4775 2939 4831 rege.
2970 4762 3059 4830 qui
3105 4770 3281 4831 potest
3328 4777 3421 4830 per
3453 4771 3505 4816 te

1920 4855 2172 4925 praaclara
2190 4854 2341 4909 facile
2371 4868 2534 4923 opera
2562 4852 2742 4908 edere.
2760 4851 2828 4906 Et
2848 4852 3011 4923 gloria
3030 4852 3083 4905 in
3107 4853 3308 4914 saecula,
3336 4869 3504 4906 amen.

1986 4956 2038 5008 7.
2092 4952 2295 5019 Quanta
2332 4949 2387 5002 in
2435 4946 2539 5001 Deo
2585 4946 2930 5018 benefaciendi
2968 4955 3204 5014 potestas.
3249 4946 3504 5011 Quantum

1918 5049 2099 5103 oblivio
2128 5044 2436 5109 iniuriarum
2462 5040 2664 5094 Christo
2693 5040 2758 5092 sit
2788 5038 2946 5091 cordi.
2982 5036 3102 5090 Non
3128 5040 3292 5106 gratia
3317 5040 3505 5108 solum,

1918 5142 2007 5195 sed
2035 5140 2183 5195 etiam
2220 5134 2454 5204 operibus
2510 5130 2644 5201 ﬁlios
2692 5127 2789 5182 Dei
2826 5144 2933 5182 esse
2973 5137 3189 5196 oportet.
3238 5127 3376 5185 Deus
3416 5146 3510 5185 nos

1920 5236 2034 5306 plus
2062 5247 2212 5303 quant
2241 5237 2385 5299 pater
2413 5234 2459 5278 et
2498 5232 2657 5276 mater
2684 5220 3058 5291 diligit.—Non
3086 5221 3225 5275 enim
3257 5231 3307 5277 te
3335 5230 3509 5291 potest

1922 5328 2093 5381 solum
2115 5324 2184 5378 ab
2206 5316 2576 5391 ingruentibus
2595 5312 2746 5368 malis
2767 5326 2975 5373 eruere,
3005 5311 3097 5366 sed
3121 5312 3279 5366 etiam
3308 5314 3508 5383 glorio-

1921 5433 2037 5474 sum
2065 5413 2507 5485 splendidumque
2536 5406 2777 5461 reddere.
2825 5404 2972 5459 Sicut
3000 5404 3141 5459 enim
3186 5405 3354 5460 virtus
3394 5406 3509 5475 ejus

1923 5523 2140 5580 magna,
2177 5506 2247 5559 ita
2279 5512 2362 5557 est
2390 5499 2557 5570 gloria
2588 5497 2704 5567 ejus
2745 5494 3027 5549 inembilis
3060 5513 3073 5549 :
3106 5504 3163 5549 et
3191 5495 3303 5549 lucc
3328 5497 3507 5551 omnia

1926 5608 2176 5673 perpetua
2208 5603 2368 5660 sunt,
2412 5592 2636 5661 ﬁnisque
2674 5603 2860 5643 eorum
2905 5588 3080 5642 nullus
3119 5599 3218 5642 est.
3266 5587 3510 5642 Vidistin’

1927 5691 2193 5763 qutullOdt)
2224 5686 2456 5756 undique
2486 5683 2737 5739 athletam
2772 5680 2995 5745 innuxit,
3033 5679 3235 5749 ipsique.
3264 5678 3526 5733 liduciaur
