3868 6182
320 173 427 229 283

321 292 777 369 indiditipeinde
796 335 812 358 ,
840 302 896 346 ut
920 293 1030 361 jam
1060 294 1164 347 dixi
1190 336 1204 358 ,
1241 303 1296 347 ut
1325 293 1573 348 ostendat
1600 309 1660 348 se
1691 293 1910 355 iniuria-

320 400 439 438 rum
488 386 912 440 recordationem
939 385 1170 440 maxime
1194 386 1426 440 aversari
1454 394 1508 440 et
1532 384 1655 439 odio
1683 384 1879 438 habere
1898 427 1913 448 ,

322 474 559 546 itemque
606 476 728 532 huic
770 476 1069 549 appositam
1115 476 1364 531 virtutem
1405 475 1637 531 maxime
1679 476 1916 529 omnium

322 578 601 638 acceptam
626 568 824 623 habere
846 610 863 635 ,
900 577 1021 639 post
1060 568 1355 625 orationem
1387 582 1570 622 rursus
1596 566 1696 622 hoc
1720 567 1917 621 bonum

329 674 461 729 opus
489 661 839 727 memoravit,
872 670 925 714 et
952 675 980 713 a
1010 659 1284 730 proposito
1319 659 1600 730 supplicio,
1629 669 1682 714 et
1722 676 1751 713 a
1791 675 1921 715 con-

326 750 512 805 stituto
542 751 761 821 prtemio
789 750 1085 806 auditorem
1132 750 1386 806 inducens
1412 749 1479 805 ad
1516 750 1917 820 obsequendum

328 841 451 897 huic
478 853 763 912 princepto.
792 842 924 897 Nam
949 843 1025 898 ait
1052 861 1065 897 :
1098 842 1182 897 14.
1214 842 1274 898 Si
1297 842 1582 896 dimiseritis
1611 843 1915 909 hominibus,

327 936 479 990 etiam
510 934 668 990 Pater
695 946 853 990 vester
877 937 1085 992 ccclesiis
1115 936 1326 990 dimittet
1352 937 1517 1000 vobis;
1551 936 1637 991 15.
1669 937 1713 989 si
1751 946 1920 990 autem

329 1044 432 1081 non
457 1028 746 1081 remiseritis
764 1068 782 1094 ,
812 1044 969 1097 neque
993 1028 1101 1097 ipse
1136 1026 1273 1082 vobis
1300 1029 1535 1085 remittet.
1573 1010 1706 1082 ideo.
1734 1042 1925 1082 rursus

329 1118 491 1173 caalos
521 1129 573 1179 et
604 1119 813 1173 Patrem
845 1129 1250 1184 commemorat,
1283 1127 1339 1173 ut
1358 1135 1422 1173 ex
1455 1118 1557 1173 hoc
1581 1133 1793 1188 quoque
1817 1133 1916 1172 au-

328 1210 556 1265 ditorem
589 1209 789 1280 pudore
815 1209 1031 1274 alliciat,
1064 1209 1111 1265 si
1142 1210 1271 1265 tanti
1306 1210 1477 1267 Patris
1508 1210 1647 1263 ﬁlius
1675 1224 1796 1264 cum
1827 1209 1915 1275 sit,

329 1303 474 1358 ferus
500 1301 723 1366 evadat,
753 1312 807 1356 et
833 1300 898 1356 ad
928 1301 1117 1357 caelum
1155 1312 1396 1369 vocatus,
1437 1310 1706 1355 terrenum
1746 1314 1919 1367 saeue

330 1393 606 1463 laremque
630 1409 844 1449 sensum
874 1393 1087 1454 habeat.
1112 1391 1229 1447 Non
1248 1392 1390 1451 enim
1412 1392 1581 1461 gratia
1606 1391 1801 1457 solum,
1825 1390 1917 1445 sed

330 1489 492 1542 etiam
518 1486 766 1557 operibus
794 1485 934 1543 filios
958 1485 1050 1539 Dei
1071 1499 1189 1540 esse
1217 1492 1449 1553 oportet.
1479 1482 1623 1543 Nihil
1646 1492 1822 1537 autem
1844 1482 1923 1539 sic

333 1580 444 1633 Deo
473 1580 701 1635 similem
729 1580 892 1634 efficit
924 1590 975 1631 ut
1004 1578 1249 1647 malignis
1276 1586 1435 1646 atque
1462 1575 1776 1630 [vadentibus
1802 1589 1921 1630 esse

329 1670 677 1740 placabilem;
706 1668 1155 1739 quemadmodum
1183 1679 1233 1722 et
1273 1677 1396 1721 ante
1420 1667 1637 1732 docuit,
1681 1681 1801 1720 cum
1842 1665 1922 1719 di-

331 1771 481 1816 ceret
525 1762 696 1830 ipsum
725 1761 896 1816 solem
922 1772 1076 1815 snutn
1106 1759 1233 1813 oriri
1264 1758 1439 1813 facere
1468 1772 1629 1827 super
1655 1757 1825 1811 malos
1870 1764 1926 1811 et

331 1853 522 1907 honos.
551 1852 840 1921 Propterea
874 1867 967 1920 per
996 1851 1202 1919 singula
1232 1850 1392 1903 verba
1420 1862 1734 1903 communes
1771 1846 1923 1916 jubet

332 1946 511 2000 facere
536 1945 838 2007 orationes,
874 1942 1027 1997 Pater
1054 1952 1223 1996 noster
1252 1942 1459 2004 dicens,
1490 1952 1564 2004 et,
1599 1938 1719 1993 Fiat
1748 1938 1927 1993 volun—

334 2046 411 2091 tas
440 2048 547 2103 tua,
575 2037 701 2089 sicut
729 2037 782 2088 in
807 2035 954 2097 uelo,
987 2045 1033 2087 et
1060 2034 1112 2086 in
1139 2042 1307 2097 terra;
1336 2042 1407 2095 et,
1442 2030 1629 2084 Panem
1656 2030 1723 2082 du
1747 2027 1923 2091 nobis;

334 2138 391 2182 et
410 2167 426 2192 ,
455 2126 667 2180 Dimitte
695 2125 836 2180 nobis
863 2125 1030 2185 delata
1055 2134 1225 2183 nostra
1247 2139 1263 2185 ;
1295 2131 1347 2180 et
1367 2163 1382 2187 ,
1416 2121 1498 2177 Ne
1524 2137 1616 2181 nos
1643 2120 1855 2180 inducas
1874 2121 1928 2176 in

336 2218 702 2281 tentationem;
736 2225 827 2282 et,
858 2216 1042 2279 Libera
1072 2232 1161 2271 nos
1192 2229 1211 2277 ξ
1240 2214 1425 2283 plurali
1458 2227 1556 2271 nos
1584 2226 1796 2281 semper
1824 2226 1932 2266 uu-_

336 2326 491 2365 mero
519 2311 589 2363 uti
613 2310 811 2379 jubeus
830 2350 848 2374 ,
876 2318 934 2362 ut
964 2324 1032 2365 ne
1061 2308 1340 2377 vestigium
1366 2306 1583 2376 quidem
1611 2306 1705 2361 irae
1742 2304 1931 2361 adver-

338 2417 430 2457 sus
459 2401 756 2472 proximum
788 2401 1145 2465 retineamus.
1172 2399 1384 2467 Quanto
1414 2398 1594 2468 itaque
1619 2396 1766 2468 digni
1796 2411 1930 2467 sup-

338 2494 499 2563 plicio
532 2491 725 2547 fuerint
768 2492 807 2545 ii
847 2490 945 2563 qui
982 2500 1101 2561 post
1138 2489 1255 2545 lucc
1278 2489 1459 2548 eiuma
1501 2502 1611 2547 non
1645 2486 1805 2544 modo
1830 2486 1932 2557 ipsi

339 2601 447 2639 non
477 2583 786 2647 remittunt,
815 2583 911 2640 sed
937 2584 1097 2641 etiam
1130 2583 1293 2637 Deum
1322 2580 1390 2635 ad
1426 2580 1715 2637 vindictam
1748 2578 1935 2650 jnimi-

339 2692 524 2731 corum
556 2675 837 2741 invocant,
882 2683 936 2730 et
977 2674 1127 2744 quasi
1172 2690 1237 2736 ex
1276 2672 1540 2728 diametro
1582 2670 1722 2726 lianc
1762 2671 1931 2740 legem

344 2767 827 2838 transgrediuntur,
867 2775 923 2822 et
963 2766 1062 2821 hoc
1091 2780 1213 2825 eum
1246 2765 1333 2818 ille
1372 2762 1504 2818 nihil
1545 2777 1652 2817 non
1694 2761 1854 2816 faciat
1882 2771 1937 2816 et

344 2864 617 2927 operetur,
663 2868 719 2913 ut
763 2873 832 2912 ne
873 2858 1073 2911 mutuis
1116 2872 1215 2910 nos
1257 2855 1493 2911 dissidiis
1535 2854 1938 2926 disjuugamus?

344 2952 477 3020 Quia
503 2952 644 3008 enim
666 2950 813 3005 radix
837 2950 1103 3005 bonorum
1122 2949 1359 3007 omnium
1384 2957 1469 3004 est
1491 2949 1709 3015 caritas,
1733 2963 1799 3002 ea
1819 2963 1940 3017 quae

346 3044 517 3114 ipsam
560 3042 909 3114 pessumdant
959 3042 1127 3107 tollit,
1171 3051 1226 3097 et
1270 3042 1504 3112 undique
1546 3057 1645 3101 nos
1688 3044 1940 3111 copulare

347 3136 548 3193 studet.
578 3136 767 3192 Nullus
792 3132 935 3191 enim
962 3145 1064 3199 est,
1092 3135 1271 3191 nullus
1291 3144 1460 3201 certe,
1489 3136 1603 3190 sive
1628 3144 1800 3205 pater,
1827 3134 1942 3189 sive

349 3240 544 3296 mater,
573 3230 686 3283 sive
712 3228 917 3283 amicus
936 3271 951 3291 ,
983 3229 1096 3283 sive
1120 3228 1297 3298 quivis
1320 3228 1492 3293 alius,
1521 3230 1610 3297 qui
1638 3242 1736 3283 nos
1763 3228 1834 3282 ita
1860 3227 1943 3282 di-

351 3321 563 3388 lexerit,
599 3320 767 3390 utqui
793 3318 916 3375 fecit
940 3336 1038 3375 nos
1081 3321 1239 3375 Deus.
1268 3319 1504 3388 llludque
1528 3321 1697 3389 palam
1722 3320 1943 3379 omnino

353 3421 438 3487 est
462 3422 515 3467 et
541 3428 604 3466 ex
635 3413 905 3468 beuetieiis
934 3428 1056 3481 qua:
1081 3412 1316 3481 quotidie
1346 3411 1594 3478 confert,
1624 3421 1679 3468 et
1707 3428 1775 3467 ex
1809 3428 1945 3481 pra:-

354 3505 525 3573 ceptis
552 3520 669 3573 (pne
691 3504 983 3559 constituit.
1011 3503 1162 3575 Quod
1184 3505 1229 3558 si
1251 3519 1519 3559 a'rumnas
1548 3504 1674 3558 mihi
1699 3504 1942 3573 objieias,

354 3594 399 3647 si
431 3596 642 3650 dolores
671 3609 970 3665 caeteraque
1000 3595 1120 3649 vita:
1152 3596 1321 3660 mala;
1355 3597 1523 3665 cogita
1556 3594 1945 3665 quantis‘illum

355 3686 592 3755 quotidie
633 3686 902 3750 olfendas,
944 3701 1117 3756 neque
1160 3688 1293 3741 ultra
1337 3686 1650 3752 miraberis,
1696 3687 1743 3741 si
1785 3687 1945 3741 etiam

358 3778 512 3847 plura
544 3778 626 3831 bis
658 3778 796 3831 mala
828 3788 879 3832 te
905 3777 1199 3842 invadant;
1227 3777 1319 3831 sed
1350 3778 1397 3831 si
1427 3778 1568 3832 bono
1593 3778 1768 3847 aliquo
1809 3778 1949 3832 frua-

358 3870 470 3934 ris,
519 3879 645 3923 tunc
688 3884 818 3924 sane
860 3879 1073 3939 stupeas
1110 3884 1174 3924 ac
1203 3870 1431 3924 mireris.
1475 3869 1627 3926 Nunc
1670 3885 1829 3940 porro
1874 3873 1947 3926 ir-

360 3972 579 4017 ruentes
595 3961 925 4016 calamitates
945 3962 1322 4031 conspicimus,
1346 3962 1576 4017 offensas
1592 3973 1791 4028 autem,
1818 3978 1951 4033 quas

361 4056 597 4126 quotidie
622 4054 973 4121 admittimus,
1000 4070 1107 4113 non
1132 4058 1185 4109 in
1212 4063 1446 4111 tuentem
1476 4070 1766 4111 vocamus:
1800 4057 1949 4112 ideo-

362 4162 468 4216 que
516 4146 729 4217 iudigne
778 4146 1016 4201 ferimus.
1070 4146 1223 4215 Quod
1274 4146 1323 4203 si
1385 4147 1542 4202 unius
1584 4148 1687 4202 diei
1737 4159 1951 4218 peccata

364 4247 549 4294 nostra
578 4248 824 4295 accurate
850 4238 1262 4310 recogitaremus
1283 4281 1295 4301 ,
1328 4251 1453 4296 tunc
1475 4241 1617 4296 clare
1648 4256 1951 4315 nossemus,

365 4340 689 4402 quantorum
728 4332 805 4386 rei
836 4346 1077 4387 essemus
1116 4333 1401 4387 malorum.
1431 4335 1606 4402 Atque
1647 4343 1733 4397 ut,
1777 4336 1952 4392 missis

366 4422 485 4477 aliis
513 4439 632 4493 qua:
658 4425 882 4494 quisque
911 4436 1149 4479 vestrum
1176 4425 1438 4491 admittit,
1468 4426 1556 4480 illa
1590 4436 1804 4495 peccata
1834 4444 1953 4497 quae

369 4515 527 4570 hodie
552 4513 687 4569 facta
716 4526 839 4569 sunt
866 4518 1416 4582 recenseam,etiamsi
1439 4533 1547 4572 non
1579 4519 1749 4573 norim
1775 4520 1826 4573 in
1850 4535 1959 4589 quo

368 4609 819 4677 vcstrumsiuguli
851 4610 1484 4676 peccaverint:attamen
1510 4620 1650 4666 tanta
1692 4624 1776 4666 est
1817 4613 1958 4667 deii-

372 4712 582 4757 etorum
623 4701 800 4771 copia,
843 4710 901 4758 ut
940 4702 984 4755 is
1012 4702 1194 4768 etiam,
1233 4703 1321 4771 qui
1347 4712 1595 4759 accurate
1632 4706 1807 4758 omnia
1852 4721 1956 4760 non

372 4793 559 4861 novit,
589 4792 755 4862 possit
786 4800 967 4847 tamen
992 4808 1054 4847 ex
1089 4794 1152 4869 iis
1181 4795 1345 4847 multa
1370 4808 1610 4864 carpere.
1660 4796 1790 4864 Quis
1831 4814 1961 4868 ergo

372 4894 612 4943 nostrum
641 4899 747 4938 non
778 4884 959 4954 segnis
987 4884 1077 4938 fuit
1112 4883 1163 4937 in
1201 4884 1449 4939 orando?
1483 4887 1600 4956 quis
1630 4903 1734 4943 nou
1776 4888 1824 4942 in
1864 4903 1959 4943 su-

372 4978 610 5045 perbiam
654 4977 876 5047 incidit?
912 4977 1031 5043 quis
1073 4993 1177 5030 non
1227 4978 1277 5031 in
1317 4992 1505 5033 vanam
1551 4980 1815 5050 gloriam?
1842 4984 1960 5053 quis

373 5083 481 5123 non
512 5069 579 5123 de
608 5069 783 5122 fratris
810 5068 891 5123 sui
923 5068 1062 5121 fama
1094 5069 1363 5135 detraxit,
1408 5086 1507 5126 nec
1536 5072 1728 5127 malam
1758 5088 1960 5130 concu-

376 5159 686 5228 piscentiam
734 5159 980 5214 admisit?
1017 5160 1138 5229 quis
1182 5175 1289 5215 non
1334 5161 1616 5231 impudicis
1655 5166 1824 5221 oculis
1872 5183 1961 5222 re-

377 5250 591 5319 spexit?
620 5256 739 5319 quis
768 5268 873 5306 non
905 5253 1103 5307 inimici
1132 5268 1250 5307 cum
1280 5255 1440 5309 annui
1482 5267 1630 5312 lilOlll
1655 5258 1963 5315 recordatus

378 5344 499 5396 est?
527 5344 647 5413 quis
676 5358 779 5397 non
811 5360 903 5398 cor
931 5360 1089 5400 suum
1116 5357 1323 5406 tumore
1350 5350 1611 5420 replevit?
1641 5351 1794 5420 Quod
1834 5355 1877 5408 si
1910 5356 1960 5410 in

378 5434 602 5490 ecclesia
633 5449 753 5490 cum
782 5436 983 5504 simus,
1013 5439 1262 5508 brevique
1302 5450 1540 5510 tempore
1584 5453 1663 5499 tot
1702 5446 1965 5502 malorum

379 5528 455 5581 rei
485 5526 607 5581 facti
639 5541 854 5592 sumus,
886 5530 1100 5597 quinam
1128 5532 1326 5586 erimus
1346 5572 1361 5598 ,
1394 5534 1517 5589 inde
1543 5536 1783 5605 egressi?
1821 5539 1865 5592 si
1910 5539 1961 5592 in

383 5631 538 5702 portu
572 5632 647 5685 tot
676 5620 861 5679 ﬂuctus
886 5661 900 5688 ,
940 5636 1061 5677 cum
1091 5625 1291 5694 egressi
1330 5627 1586 5687 fuerimus
1627 5630 1680 5685 iu
1716 5630 1959 5702 euripum

1054 174 1108 229 S.
1152 173 1429 231 JOANNIS
1465 175 1941 232 CHRYSOSTOMI
1979 176 2292 236 ARCHIEP.
2332 180 2861 242 CONSTANTINOP.

3506 189 3612 247 εει

2027 296 2305 363 malorum,
2341 299 2392 352 in
2422 300 2595 355 forum
2623 301 2762 367 dico,
2785 312 2838 357 et
2867 302 3066 357 urbana
3098 303 3329 373 negotia,
3357 300 3613 358 domesti.

2024 403 2218 459 easque
2241 406 2418 460 curas,
2450 409 2516 447 an
2547 396 2839 464 poterimus
2865 396 2953 451 vel
2981 410 3081 451 nos
3110 397 3255 465 ipsos
3280 397 3612 466 agnoscere?

2022 480 2273 538 Attamen
2302 484 2367 538 ad
2399 493 2475 539 tot
2506 492 2755 557 tantaque
2777 487 3005 543 eluenda
3025 496 3241 558 peccata
3267 488 3617 559 compendio-

2023 589 2135 627 sam
2160 576 2315 630 nobis
2338 586 2391 631 et
2420 578 2623 633 facilem
2646 578 2800 633 nobis
2826 580 2964 635 Deus
2983 579 3121 635 viam
3150 580 3330 646 dedit,
3360 580 3617 651 omnique

2022 663 2206 721 labore
2242 680 2482 721 vacuam.
2516 668 2646 736 Quis
2685 669 2835 724 labor
2873 670 3050 734 enim,
3085 670 3329 739 injuriam
3362 668 3616 726 inferenti

2023 756 2327 814 dimittere?
2354 761 2531 816 Labor
2557 763 2735 831 utique
2763 772 2845 817 est
2887 763 2939 819 in
2978 780 3086 827 non
3114 762 3435 819 remittendo
3457 805 3471 826 ,
3519 754 3615 816 sed

2025 850 2302 905 retinendo
2326 853 2685 917 inimicitiam;
2712 865 2767 907 ut
2787 871 2818 909 e
2840 855 3108 909 contrario
3130 855 3173 909 si
3197 857 3269 908 ira
3293 855 3611 924 deponatur,

2026 940 2076 994 id
2118 956 2360 1011 magnam
2405 945 2540 1013 parit
2580 945 3057 1016 tranquillitatem,
3092 959 3283 1017 resque
3325 942 3619 1000 admodum

2024 1041 2107 1087 est
2130 1033 2326 1088 volenti
2358 1034 2545 1089 facilis.

2095 1124 2149 1182 8.
2195 1124 2404 1188 I’recuri
2433 1137 2608 1181 contra
2637 1129 2866 1183 inimicos
2893 1145 3044 1199 quan:
3073 1130 3209 1184 mala
3235 1127 3622 1200 res.—Ne‘que

2023 1217 2166 1271 enim
2192 1232 2326 1288 Opus
2356 1227 2439 1273 est
2468 1221 2635 1275 maria
2664 1219 3009 1276 transfretare
3033 1262 3047 1285 ,
3080 1236 3252 1291 neque
3278 1220 3494 1292 longam
3520 1236 3616 1290 pe-

2026 1306 2440 1378 regrinationem
2471 1310 2744 1380 suscipere
2767 1352 2783 1376 ,
2824 1326 3000 1381 neque
3028 1312 3287 1371 montium
3324 1312 3448 1382 juga
3479 1326 3617 1366 eon—

2026 1398 2316 1466 sceudcre,
2350 1416 2525 1469 neque
2554 1403 2806 1471 pecunias
2835 1401 3143 1471 impendere
3164 1444 3179 1469 ,
3213 1417 3383 1472 neque
3420 1416 3629 1471 corpus

2026 1502 2319 1553 macerare,
2343 1491 2436 1545 sed
2463 1492 2601 1547 velle
2628 1503 2830 1551 tantum
2860 1494 3084 1557 sufﬁcit,
3112 1503 3168 1548 et
3191 1493 3367 1548 omnia
3402 1504 3625 1564 peccata

2026 1583 2325 1639 solvuntur.
2354 1584 2409 1640 Si
2440 1600 2570 1640 vero
2597 1602 2700 1641 non
2729 1586 2902 1641 solum
2934 1586 3048 1655 ipse
3086 1599 3192 1641 non
3219 1585 3489 1651 remittas,
3522 1585 3625 1639 sed

2026 1675 2186 1730 etiam
2216 1676 2381 1732 Deum
2408 1687 2589 1733 contra
2613 1678 2764 1732 illum
2792 1677 3051 1748 preceris,
3072 1691 3231 1748 quam
3254 1686 3435 1746 postea
3463 1691 3621 1747 spem

2035 1765 2233 1821 salutis
2254 1763 2497 1829 habebis,
2515 1778 2622 1831 quo
2642 1772 2884 1833 tempore
2919 1763 3033 1819 Deo
3062 1763 3336 1833 supplicas
3353 1762 3623 1833 illumque

2037 1855 2331 1926 propitiare
2342 1855 2659 1924 cupis,tunc
2674 1854 2852 1923 ipsum
2868 1868 3196 1923 exasperans
3210 1872 3229 1908 :7
3247 1854 3507 1923 supplicis
3525 1855 3624 1908 ha-

2037 1948 2149 2002 bitu
2167 1945 2297 2001 ferae
2320 1960 2506 2000 vocem
2524 1946 2797 2009 emittens,
2812 1953 2867 1999 et
2894 1945 2995 1999 tela
3021 1944 3239 2015 maligni
3259 1944 3406 1999 illius
3425 1953 3625 1999 contra

2036 2039 2269 2109 teipsum
2286 2038 2603 2107 ejaculans?
2619 2037 2745 2092 ideo
2759 2036 2960 2092 Paulus
2974 2052 3099 2092 cum
3117 2036 3186 2092 de
3197 2036 3445 2091 oratione
3461 2051 3621 2092 meu-

2038 2134 2243 2187 tionem
2261 2130 2633 2199 faeerct,niliil
2655 2131 2829 2201 magis
2846 2129 3151 2199 requisivit,
3170 2144 3335 2197 quam
3354 2127 3491 2198 legis
3511 2127 3586 2181 hu
3599 2157 3620 2168 -

2032 2225 2564 2295 jusohservationem
2587 2243 2599 2276 :
2620 2223 2893 2286 Leaantes,
2915 2221 3109 2291 inquit,
3126 2236 3287 2289 puras
3302 2235 3489 2273 manus
3502 2220 3621 2274 sine

2034 2319 2119 2371 ira
2129 2323 2181 2371 et
2195 2313 2593 2384 diseeptationd
2604 2315 2623 2366 i
2635 2311 3001 2379 .Tim.2.,8).Si
3013 2311 3158 2367 enim
3171 2327 3294 2366 cum
3311 2311 3622 2366 misericor-

2034 2404 2119 2459 dia
2148 2417 2283 2476 opus
2311 2403 2477 2460 habes
2497 2443 2512 2470 ,
2558 2417 2626 2457 ne
2669 2413 2792 2457 tunc
2823 2402 3034 2471 quidem
3066 2400 3198 2453 iram
3229 2399 3488 2463 remittis,
3529 2396 3629 2451 sed

2036 2489 2178 2549 illam
2209 2494 2469 2548 memoria
2495 2494 2693 2549 retines
2717 2534 2732 2557 ,
2763 2494 2862 2547 etsi
2903 2492 3043 2551 scias
3082 2498 3132 2545 te
3172 2499 3356 2552 contra
3398 2488 3639 2557 teipsum.

2034 2585 2268 2658 gladium
2299 2585 2606 2655 impellere,
2647 2584 2862 2655 quando
2890 2583 3089 2655 poteris
3128 2595 3249 2637 esse
3287 2580 3632 2640 misericors.

2037 2688 2093 2733 et
2120 2677 2222 2733 hoc
2250 2678 2449 2732 malum
2492 2676 2743 2748 nequitiae
2784 2688 3049 2737 venenum
3078 2674 3363 2730 evomere?
3387 2671 3539 2740 Quod
3582 2672 3641 2731 si

2040 2770 2277 2833 nondum
2314 2769 2661 2826 absurditatis
2695 2768 2917 2838 hujusce
2957 2767 3373 2838 magnitudinem
3411 2764 3633 2830 videas,

2042 2860 2274 2929 idipsum
2302 2861 2441 2931 apud
2469 2859 2714 2917 homines
2744 2858 2942 2913 factum
2964 2858 3167 2928 cogita,
3195 2865 3248 2911 et
3278 2865 3403 2909 tunc
3428 2850 3637 2908 videbis

2041 2952 2384 3008 contumelias
2404 2951 2510 3006 vim
2538 2966 2803 3020 magnam.
2826 2950 2881 3006 Si
2910 2950 3053 3005 enim
3082 2957 3133 3004 te
3161 2947 3430 3013 hominem
3461 2945 3641 2999 adiret

2043 3045 2304 3115 quispiam
2334 3045 2658 3115 supplicans,
2683 3052 2739 3099 ut
2758 3043 2875 3113 ejus
2898 3041 3222 3107 miserearis,
3251 3038 3443 3094 deinde
3462 3080 3477 3105 ,
3510 3052 3637 3090 cum

2046 3138 2194 3193 humi
2218 3146 2418 3193 stratus
2441 3137 2646 3207 jaceret
2665 3176 2679 3199 ,
2710 3134 2984 3189 inimicum
3009 3133 3213 3187 videret
3230 3170 3245 3195 ,
3270 3139 3324 3185 et
3352 3140 3402 3184 te
3428 3129 3638 3198 precari

2045 3232 2314 3297 desinens,
2348 3230 2493 3284 illum
2517 3237 2849 3299 percuteret,
2871 3240 3049 3283 annon
3072 3224 3195 3281 hinc
3223 3223 3479 3293 majorem
3501 3221 3640 3274 iram

2045 3322 2396 3393 conciperes?
2426 3320 2539 3383 line
2579 3321 2751 3390 cogita
2795 3328 2849 3374 et
2887 3319 2943 3372 in
2972 3317 3082 3372 Deo
3110 3314 3371 3371 accidere.
3404 3311 3539 3366 Nam
3580 3319 3650 3369 tu

2047 3430 2257 3486 quoque
2280 3414 2407 3469 dum
2434 3414 2545 3469 Deo
2572 3411 2838 3481 supplicas
2858 3452 2873 3475 ,
2904 3407 3287 3478 supplicatione
3312 3405 3524 3459 interim
3554 3419 3646 3458 re-

2052 3508 2173 3561 licta
2193 3545 2210 3572 ,
2243 3504 2517 3560 inimicum
2543 3502 2701 3558 dictis
2726 3502 3010 3564 verberas,
3043 3507 3098 3551 et
3137 3497 3229 3550 Dei
3267 3496 3413 3564 leges
3446 3502 3646 3548 contu-

2052 3597 2206 3651 melia
2234 3595 2439 3663 al‘licis,
2468 3595 2593 3650 dum
2624 3582 2907 3661 illum'qui
2952 3589 3067 3658 lege
3099 3587 3369 3657 praecepit,
3403 3594 3459 3639 ut
3506 3585 3646 3638 iram

2051 3688 2309 3743 adversus
2337 3701 2432 3740 eos
2455 3686 2543 3755 qui
2587 3699 2686 3738 nos
2726 3682 2919 3752 injuria
2959 3681 3233 3735 affecerint
3269 3678 3646 3747 deponamus,

2054 3783 2301 3845 invocas,
2333 3794 2594 3849 rogasque
2623 3787 2679 3832 ut
2705 3777 2987 3849 praeceptis
3024 3775 3136 3830 suis
3168 3772 3431 3828 contraria
3461 3771 3644 3825 faciat.

2055 3874 2169 3929 Non
2197 3887 2328 3943 ergo
2355 3872 2449 3926 tibi
2476 3870 2543 3926 ad
2575 3870 2860 3925 vindictam
2891 3869 3020 3923 satis
3048 3880 3151 3933 est,
3180 3866 3320 3936 quod
3348 3866 3515 3935 legem
3550 3865 3651 3918 Dei

2055 3964 2500 4035 transgrediaris,
2533 3962 2626 4018 sed
2655 3970 2709 4019 et
2735 3962 2906 4031 ipsum
2934 3961 3034 4014 hoc
3069 3972 3125 4014 ut
3166 3957 3323 4014 faciat
3366 3957 3651 4027 precaris?

2055 4055 2319 4126 Numquid
2347 4070 2533 4111 eorum
2560 4068 2679 4123 quae
2707 4053 2958 4123 prtecepit
2986 4051 3181 4106 oblitus
3221 4050 3341 4105 est?
3387 4048 3649 4117 numquid

2056 4151 2200 4206 enim
2232 4148 2395 4213 homo
2420 4147 2619 4217 estqui
2652 4148 2765 4200 haec
2802 4143 2974 4199 dixit?
3006 4143 3141 4198 Deus
3178 4150 3292 4209 est,
3333 4141 3421 4211 qui
3464 4140 3651 4195 omnia

2060 4241 2237 4307 novit,
2274 4249 2330 4296 et
2356 4240 2445 4309 qui
2484 4239 2599 4292 vult
2626 4239 2769 4308 leges
2796 4250 2922 4291 suas
2960 4244 3207 4290 accurate
3246 4234 3447 4289 servari
3477 4251 3489 4287 ε
3523 4242 3651 4286 tan-

2062 4345 2282 4403 tumque
2304 4332 2458 4387 abest
2484 4341 2539 4384 ut
2568 4330 2725 4384 faciat
2752 4330 2837 4383 illa
2863 4345 2981 4398 qua:
3011 4327 3248 4397 postulas
3266 4366 3282 4394 ,
3315 4335 3373 4379 ut
3400 4325 3561 4380 etiam
3596 4335 3653 4379 te

2058 4428 2151 4499 qui
2178 4428 2293 4481 haec
2320 4426 2455 4483 dicis
2479 4466 2493 4490 ,
2537 4434 2738 4478 tantum
2769 4423 2890 4493 quia
2928 4422 3063 4477 dicis
3091 4431 3389 4485 aversetur,
3417 4419 3657 4488 odioque

2062 4520 2271 4584 haheat,
2289 4526 2688 4585 extremamque
2708 4514 2805 4569 abs
2826 4523 2876 4568 te
2898 4529 3107 4582 ptenam
3131 4521 3353 4582 repetat.
3369 4509 3661 4579 Quomodo

2062 4615 2222 4685 igitur
2265 4614 2334 4668 ab
2378 4612 2467 4666 illo
2505 4611 2755 4680 consequi
2788 4609 3023 4678 postulas
3051 4622 3112 4663 ea
3151 4620 3268 4677 qua:
3297 4612 3507 4659 summo
3535 4614 3654 4658 stn-

2062 4705 2151 4761 dio
2173 4705 2340 4759 vitare
2368 4706 2482 4775 ipse
2504 4701 2781 4773 praecipit?
2804 4700 2907 4756 Sed
2934 4698 3147 4769 quidam
3177 4706 3299 4751 sunt
3326 4697 3415 4766 qui
3441 4694 3506 4748 ad
3534 4704 3656 4749 tan-

2066 4806 2171 4850 tam
2218 4796 2504 4851 amentiam
2553 4800 2962 4863 prot'esseruut,
3011 4799 3069 4844 ut
3116 4807 3218 4843 non
3263 4789 3421 4842 modo
3464 4796 3653 4842 contra

2066 4889 2312 4944 inimicos
2340 4896 2642 4958 precentur,
2669 4884 2764 4940 sed
2790 4885 2949 4939 etiam
2981 4882 3103 4936 filiis
3128 4882 3362 4951 ipsorum
3391 4880 3528 4934 mala
3561 4883 3637 4934 im

2067 4991 2370 5051 precentur,
2403 4988 2564 5048 atque
2591 4978 2752 5032 etiam
2780 4977 2825 5031 si
2853 4976 3035 5030 liceret
3063 4974 3297 5043 ipsorum
3324 4986 3513 5026 carnes
3548 4970 3655 5025 de-

2065 5085 2279 5146 gustare
2307 5074 2534 5137 vellent,
2566 5072 2672 5124 imu
2702 5079 2757 5123 et
2785 5069 3085 5139 degusteut.
3128 5065 3203 5119 Ne
3246 5064 3372 5119 mihi
3414 5065 3648 5127 dixeris,

2069 5178 2119 5223 te
2145 5166 2333 5221 dentes
2361 5180 2465 5219 non
2499 5162 2738 5217 inlisisse
2766 5160 2817 5215 in
2845 5175 3037 5228 corpus
3058 5158 3173 5228 ejus
3199 5158 3286 5226 qui
3320 5154 3454 5209 luasit
3484 5173 3497 5208 :
3528 5170 3654 5215 nam

2008 5320 2011 5323 ν
2068 5260 2236 5315 multo
2261 5257 2512 5320 ferocius,
2543 5264 2800 5325 quantum
2829 5253 2880 5305 in
2911 5262 2961 5305 te
2991 5250 3087 5305 fuit
3108 5293 3121 5312 ,
3157 5251 3208 5303 in
3235 5250 3382 5303 illum
3412 5247 3652 5307 s:eviisti.

2069 5368 2260 5423 rogans
2285 5351 2517 5420 desuper
2544 5350 2674 5404 iram
2707 5350 2757 5402 in
2791 5346 2935 5400 illum
2981 5344 3227 5411 immitti,
3272 5352 3326 5397 et
3367 5341 3656 5395 immortali

2071 5446 2205 5499 tradi
2248 5443 2543 5513 supplicio,
2588 5456 2816 5511 cumque
2879 5448 2988 5494 tota
3027 5437 3186 5492 domo
3226 5436 3412 5491 everti.
3452 5434 3659 5503 Quibus

2072 5536 2185 5590 lure
2212 5535 2476 5589 morsibus
2523 5534 2762 5604 graviora
2805 5545 2909 5585 non
2957 5529 3120 5584 sunt?
3159 5528 3351 5598 quibus
3389 5526 3506 5580 telis
3548 5541 3656 5579 non

2074 5628 2384 5686 acerbiora?
2426 5627 2544 5685 Non
2577 5628 2689 5683 lucc
2721 5634 2771 5684 te
2800 5625 2978 5683 docuit
3004 5622 3283 5688 Christus;
3325 5636 3429 5676 non
3472 5618 3549 5683 sic
3595 5634 3659 5680 es

2253 5776 2311 5789 ..Α
2329 5768 2416 5790 ww.
2434 5744 2615 5772 p“.>*.4‘a.
