3868 6182
201 253 308 312 285

199 376 485 424 cruentare
523 369 703 439 jussit.
748 369 884 426 Nam
925 371 1232 442 hujusmodi
1274 373 1468 444 lingua:
1509 373 1798 428 cruentatis

198 459 441 515 humano
478 465 737 532 sanguine
783 465 964 520 buccis
1002 475 1127 520 sunt
1157 466 1474 522 deteriores.
1516 466 1796 534 Quomodo

199 553 360 622 igitur
389 553 612 611 fratrem
639 559 1024 628 amplecteris?
1049 561 1317 629 quomodo
1341 559 1658 615 sacrificium
1683 570 1797 613 tan-

196 645 328 712 ges?
349 647 621 714 quomodo
647 650 958 718 sanguinem
984 649 1308 704 dominicum
1337 649 1661 718 degustabis,
1687 659 1794 703 tam

195 734 373 789 dirum
404 739 586 792 animo
615 755 875 794 venenum
904 742 1168 796 servans?
1205 741 1428 809 Quando
1455 742 1598 796 enim
1627 741 1758 796 dicis
1777 782 1793 803 ,

197 829 459 898 Discerpe
489 833 666 896 illum,
701 833 818 902 ejus
841 835 1056 887 domum
1089 845 1301 899 everte,
1330 835 1505 888 omnia
1538 834 1717 901 perde,
1743 843 1798 887 et

193 923 360 976 exitia
382 924 531 978 mille
557 925 870 994 imprecaris
889 968 905 991 ,
934 926 1064 980 nihil
1090 927 1157 980 ab
1179 926 1444 981 homicida
1470 925 1673 992 differs,
1699 940 1797 980 nec

190 1028 219 1066 a
251 1011 363 1067 fera
395 1016 658 1070 humanas
687 1031 876 1070 carnes
904 1027 1149 1072 rorante.

264 1104 319 1159 9.
354 1106 510 1160 Hunc
535 1109 708 1176 itaque
730 1109 975 1162 morbum
1000 1108 1332 1179 depouaums
1355 1118 1514 1177 atque
1538 1106 1793 1169 furorem,

196 1206 249 1250 ct
279 1196 714 1252 benevolentiam
739 1241 754 1262 ,
801 1209 857 1253 ut
895 1200 1093 1268 jussit,
1137 1198 1484 1254 exhibeamus
1513 1211 1636 1266 erga
1679 1197 1796 1250 illos

195 1288 284 1355 qui
322 1303 424 1342 nos
457 1289 740 1354 laeserunt,
787 1298 844 1343 ut
882 1290 1281 1344 similes'simus
1311 1290 1485 1343 Patris
1515 1289 1679 1342 nostri
1707 1287 1795 1356 qui

194 1379 247 1431 in
270 1379 423 1432 aclis
449 1388 555 1434 est.
591 1381 927 1449 Deponemus
954 1393 1132 1436 autem
1153 1422 1168 1446 ,
1199 1381 1243 1435 si
1291 1390 1503 1450 peccata
1536 1389 1713 1434 nostra
1743 1379 1794 1431 in

193 1473 514 1525 memoriam
549 1487 898 1538 revocemus;
940 1473 983 1527 si
1015 1473 1206 1527 delicta
1235 1472 1418 1525 omnia
1447 1481 1628 1526 nostra
1671 1469 1793 1523 dili-

192 1575 382 1628 genter
412 1565 784 1618 exaniiuemus
804 1605 821 1629 ,
847 1580 964 1634 qua:
995 1565 1165 1629 intus,
1198 1579 1316 1633 quae
1359 1562 1488 1616 foris
1512 1603 1528 1627 ,
1577 1577 1695 1632 qua:
1742 1561 1793 1614 in

192 1653 329 1719 foro,
365 1671 488 1724 qua:
519 1656 572 1708 in
599 1655 844 1710 ecclesia.
875 1655 1003 1708 Nam
1039 1655 1083 1709 si
1126 1670 1230 1708 non
1273 1653 1431 1708 aliam
1463 1653 1531 1707 ob
1557 1667 1793 1711 causam.

194 1742 261 1797 ob
289 1744 674 1814 negligentiam
705 1755 918 1812 tamen,
950 1760 1108 1814 quam
1140 1745 1226 1799 hic
1255 1745 1592 1808 exhibemus,
1617 1753 1794 1796 extre-

195 1834 296 1888 mis
322 1834 473 1903 digni
504 1850 690 1888 sumus
719 1837 910 1904 pinnis.
944 1835 1075 1890 Nam
1105 1834 1378 1905 prophetis
1407 1834 1755 1904 psallentibus
1776 1875 1792 1897 ,

192 1928 456 1996 apostolis
504 1928 738 1999 hymnos
783 1928 1135 1994 canentibus,
1182 1929 1288 1981 Deo
1334 1928 1619 1996 loquente,
1668 1925 1795 1980 foris

193 2035 478 2086 vagaruur,
512 2030 565 2074 et
595 2021 931 2074 saecularium
964 2036 1145 2074 rerum
1177 2019 1460 2074 tumultum
1499 2018 1550 2070 in
1591 2031 1688 2072 uos
1717 2017 1794 2069 iu-

190 2111 440 2166 duciuius
463 2129 478 2175 ;
512 2128 684 2182 neque
713 2123 916 2166 tantum
944 2113 1136 2183 quietis
1162 2120 1216 2167 et
1243 2111 1440 2168 silentii
1480 2110 1794 2165 adhibemus

191 2204 256 2257 ad
285 2204 383 2259 Dei
415 2206 562 2274 leges
585 2205 879 2260 audiendas
902 2247 918 2271 ,
949 2214 1207 2275 quantum
1238 2205 1292 2258 in
1334 2202 1559 2258 theatris
1587 2212 1794 2269 Specta-

194 2304 343 2351 tores
391 2298 685 2364 adhibent,
733 2297 860 2352 dum
912 2297 1268 2367 imperatoria:
1314 2296 1482 2351 litera:
1527 2295 1790 2364 leguntur.

192 2387 304 2444 Illic
331 2391 480 2444 enim
509 2400 563 2446 et
589 2390 838 2445 consules
865 2400 919 2445 et
945 2388 1210 2459 praefecti,
1252 2398 1303 2443 et
1344 2396 1561 2442 senatus
1601 2393 1655 2440 et
1694 2400 1793 2454 po-

195 2480 353 2549 pulus
381 2489 529 2534 stant
558 2495 747 2536 omnes
776 2496 895 2535 cum
922 2481 1102 2549 quiete
1128 2479 1306 2532 omnia
1332 2477 1638 2541 audientes;
1665 2484 1722 2530 et
1747 2476 1790 2529 si

192 2572 312 2642 quis
341 2570 488 2626 inter
512 2571 677 2625 altum
708 2569 839 2624 illud
869 2569 1140 2625 silentium
1170 2577 1392 2638 repente
1416 2567 1657 2622 insiliens
1685 2566 1793 2620 cla-

191 2663 461 2726 maverit,
512 2670 693 2730 utpote
723 2661 810 2732 qui
857 2661 1234 2731 Imperatorem
1280 2659 1471 2726 injuria
1515 2656 1789 2719 olfecerit,

191 2765 467 2811 extremas
497 2754 599 2808 luit
635 2769 823 2824 pinnas
853 2769 867 2807 :
898 2751 984 2808 hic
1010 2768 1139 2808 vero
1173 2753 1300 2808 dum
1328 2751 1568 2806 carlestes
1596 2749 1698 2803 illa:
1726 2749 1784 2802 li-

192 2856 319 2918 terte
347 2848 626 2921 leguntur,
657 2849 854 2902 multus
881 2846 1115 2918 undique
1144 2845 1314 2901 oritur
1347 2845 1634 2907 tumultus,
1670 2857 1792 2896 cum

191 2943 234 2997 is
258 2949 349 3014 qui
381 2944 569 2998 literas
596 2940 763 3007 misit,
809 2938 965 3009 longe
1005 2936 1176 3006 major
1216 2937 1286 2990 sit
1333 2935 1697 3003 lmperatore,
1739 2940 1824 2988 et-

193 3035 465 3090 theatrum
495 3033 860 3089 houorabilius
882 3051 894 3088 :
919 3048 1022 3087 non
1055 3030 1210 3084 modo
1239 3027 1384 3082 enim
1413 3026 1678 3091 homines,
1707 3025 1803 3080 sed

133 3165 136 3168 -
191 3143 242 3185 et
265 3129 447 3200 angeli
475 3129 722 3194 adstant;
750 3137 801 3182 et
825 3126 1058 3181 victorim
1085 3125 1324 3196 praemia,
1352 3139 1470 3192 quae
1500 3121 1647 3175 hisce
1676 3121 1794 3174 lite—

192 3227 264 3280 ris
300 3225 642 3286 nuntiantur,
675 3223 830 3292 longe
860 3222 1059 3290 majora
1090 3219 1317 3274 terrenis
1345 3217 1450 3270 illis
1486 3214 1789 3285 triumphis.

191 3317 536 3386 Quapropter
562 3331 668 3370 non
703 3314 946 3370 homines
975 3322 1175 3367 tantum
1199 3352 1214 3376 ,
1245 3309 1338 3365 sed
1378 3317 1432 3364 et
1455 3306 1626 3378 angeli
1647 3346 1668 3371 ,
1709 3320 1792 3359 ar-

192 3411 474 3482 changeli,
519 3422 578 3466 et
613 3409 859 3464 cmlestes
900 3407 1118 3478 populi,
1151 3415 1206 3460 et
1233 3410 1496 3474 quotquot
1533 3401 1694 3456 etiam
1741 3401 1793 3454 in

195 3513 333 3556 terra
383 3510 548 3564 sunt,
600 3499 818 3554 laudare
859 3497 1113 3568 jubentur
1160 3514 1173 3550 :
1220 3493 1542 3559 Benedicite,
1588 3491 1790 3561 inquit,

191 3593 448 3660 Domino,
492 3593 663 3646 omnia
692 3608 844 3659 Opera
887 3592 997 3661 ejus
1039 3582 1534 3659 (Psal.102.€2).
1581 3583 1795 3641 Etenim

196 3702 300 3738 non
330 3685 527 3754 exigua
550 3691 676 3736 sunt
699 3682 786 3735 illa
813 3697 931 3750 qua:
961 3680 1104 3742 fecit,
1129 3677 1221 3734 sed
1246 3691 1457 3731 omnem
1488 3689 1791 3750 sermonem

194 3786 474 3846 superant,
503 3785 662 3845 atque
691 3784 924 3830 mentem
954 3771 1462 3843 iutelligentiamque
1485 3769 1790 3823 humanam.

195 3871 260 3924 fit
289 3869 411 3923 haec
438 3867 678 3938 quotidie
706 3865 996 3937 pra‘dicant
1025 3863 1299 3935 propheta:
1319 3904 1334 3927 ,
1363 3861 1575 3917 diverse
1602 3859 1794 3930 singuli

195 3961 547 4032 Splendidum.
572 3961 700 4015 illud
731 3969 987 4030 tropaeum
1017 3958 1374 4015 celebrantes.
1402 3955 1534 4010 Nam
1565 3955 1651 4008 hic
1675 3954 1746 4007 ait
1778 3973 1790 4007 :

194 4053 488 4109 Ascendens
515 4052 567 4105 in
598 4057 755 4106 altum
785 4050 1033 4120 captivam
1063 4049 1254 4104 duxisti
1297 4047 1666 4118 captivitatem,
1709 4061 1794 4097 cc-

199 4146 315 4214 pisti
347 4143 489 4197 dona
516 4144 570 4196 in
601 4143 883 4196 hominibus
912 4141 1100 4213 (Psal.
1131 4141 1219 4195 67.
1256 4139 1320 4194 19
1345 4138 1362 4207 )
1389 4155 1402 4204 ;
1426 4147 1478 4192 et
1497 4178 1511 4203 ,
1549 4135 1795 4189 Dominus

199 4238 344 4304 fortis
368 4247 416 4293 et
444 4246 621 4305 potens
648 4236 698 4288 in
731 4235 908 4304 prtelio
949 4233 1119 4303 (Psal.
1156 4233 1246 4286 95.
1272 4231 1350 4299 8).
1377 4230 1472 4284 llic
1496 4244 1619 4283 vero
1644 4227 1790 4292 dicit,

203 4327 265 4381 Et
293 4329 506 4400 fortium
541 4325 726 4379 dividet
752 4327 915 4396 spolia
944 4322 1110 4394 (Isai.
1143 4324 1234 4378 55.
1266 4321 1391 4394 12).
1429 4320 1509 4375 Ad
1532 4323 1632 4375 hoc
1652 4320 1793 4375 enim

198 4420 385 4485 venit,
416 4429 476 4473 ut
509 4418 822 4489 praedicaret
846 4417 1070 4486 captivis
1096 4414 1467 4470 remissionem
1489 4454 1506 4480 ,
1546 4421 1600 4466 et
1640 4411 1797 4467 caacis

200 4511 344 4563 risus
369 4510 784 4572 restitutionem,
813 4508 954 4562 etde
981 4508 1116 4561 victa
1142 4513 1313 4560 morte
1340 4501 1644 4573 triumphali
1667 4517 1796 4555 voce

195 4601 432 4670 jubilans
487 4598 702 4656 dicebat
733 4619 746 4654 :
781 4599 879 4654 (ibi
904 4609 976 4653 est
994 4639 1016 4665 ,,
1057 4615 1226 4665 mors,
1255 4595 1464 4650 victoria
1513 4593 1642 4648 tua?
1673 4592 1794 4658 ubi,

200 4693 414 4764 inferne,
446 4692 693 4746 stimulus.
713 4701 826 4746 tuus
851 4693 936 4762 (1.
951 4691 1079 4771 ger.
1111 4691 1202 4746 l5.
1223 4688 1370 4760 55)?
1400 4687 1551 4742 Alius
1580 4700 1794 4740 rursum

204 4783 520 4853 profundam
559 4798 746 4852 pacem
777 4772 1154 4853 evangelizaus
1176 4781 1390 4836 dicebat
1421 4797 1432 4832 :
1465 4777 1796 4849 Con[ringent

201 4877 397 4944 gladios
426 4893 548 4930 suos
577 4875 630 4928 in
657 4883 829 4928 aratra
847 4915 862 4939 ,
894 4883 940 4928 et
971 4875 1172 4928 lanceas
1201 4889 1319 4926 suas
1345 4871 1398 4924 in
1428 4869 1584 4940 falces
1623 4867 1792 4938 (Isai.

202 4970 254 5023 2.
285 4972 339 5022 4.
381 4968 504 5023 loel
554 4969 608 5024 5.
639 4965 762 5039 10).
795 4967 860 5021 Ει
885 4966 972 5022 hic
998 4966 1212 5036 quidem
1241 4963 1536 5047 Jerusalem
1563 4963 1636 5014 sic
1665 4959 1798 5012 allo-

207 5062 378 5132 quitur
407 5079 420 5114 :
453 5060 656 5116 uetare
684 5059 919 5127 multant,
954 5060 1065 5130 ﬁlia
1092 5059 1219 5114 Sion
1243 5058 1400 5126 ,quia
1428 5071 1537 5110 ecce
1566 5069 1656 5106 rex
1684 5062 1799 5105 tuus

1299 261 1363 318 IN
1401 259 1805 317 MATTIL‘EUM
1844 258 2075 316 HOMIL.
2119 261 2234 316 XX.
2277 264 2347 317 al.
2392 263 2534 319 XXI.

3381 268 3484 325 286

1909 374 2039 427 venit
2068 373 2158 428 tibi
2185 385 2469 430 mansuetus
2487 417 2501 439 ,
2545 377 2722 431 sedens
2757 394 2909 449 super
2945 380 3258 451 subiugata»:
3292 392 3346 436 et
3366 384 3486 453 pul-

1903 463 2011 516 lum
2039 463 2289 518 novellum
2317 464 2577 534 (Zachar.
2609 467 2664 522 9.
2695 468 2786 537 9).
2837 470 2988 524 Alius
3027 486 3156 525 vero
3193 473 3486 528 secundum

1903 551 2020 622 ejus
2047 554 2336 609 adventum
2369 557 2621 624 praedicat
2649 557 2732 613 his
2759 559 2934 616 verbis
2963 578 2976 611 :
3017 559 3190 616 Veniet
3217 561 3485 631 Dominus,

1901 659 2047 710 quem
2087 660 2181 699 vos
2212 648 2470 716 qua'ritis,
2516 657 2565 702 et
2605 651 2716 718 quis
2757 651 3016 704 sustinebit
3061 652 3191 705 diem
3231 654 3488 723 ingressus

1900 737 2009 804 ejus
2029 737 2056 789 ?
2082 736 2348 792 Exsultate
2373 739 2502 792 sicut
2530 741 2673 794 vituli
2702 757 2734 794 a
2758 743 2970 797 vinculis
2990 743 3205 797 absoluti
3230 744 3481 814 (Malaclt.

1900 827 1954 880 ὅ.
1977 830 2024 882 1.
2045 828 2098 880 2.
2116 838 2162 884 et
2187 830 2240 886 4.
2259 830 2336 900 2).
2368 829 2433 884 Et
2451 831 2588 886 alter
2614 848 2795 887 rursus
2812 833 2879 888 de
2905 833 2988 888 his
3007 834 3484 903 obstupescensdi-

1899 922 2054 975 ccbat
2083 939 2095 974 :
2131 922 2228 976 Hic
2261 933 2330 976 est
2368 922 2509 978 Deus
2534 935 2700 978 noster
2715 941 2739 988 ,1
2764 943 2854 980 nec
2880 928 3194 996 reputabitur
3219 928 3348 981 alter
3371 945 3485 982 cum

1899 1011 1991 1065 illo
2016 1011 2254 1084 (Barac/1
2287 1013 2338 1068 5.
2375 1012 2504 1085 56).
2528 1016 2774 1070 Attamen
2795 1031 2916 1072 eum
2943 1007 3056 1074 hare
3074 1027 3128 1072 et
3147 1018 3314 1072 multo
3337 1019 3485 1087 plura

1899 1104 2162 1170 dicantur,
2200 1121 2324 1161 cum
2352 1123 2445 1176 par
2484 1117 2626 1163 esset
2666 1107 2919 1172 horrere,
2965 1118 3025 1164 et-
3059 1118 3244 1178 putare
3291 1125 3392 1165 nos
3433 1110 3482 1163 in

1903 1209 2040 1251 terra
2072 1212 2175 1252 non
2207 1213 2356 1261 esse;
2399 1199 2548 1268 quasi
2595 1200 2645 1252 in
2695 1199 2872 1255 medio
2915 1198 3032 1254 foro
3074 1200 3482 1266 tumultuamur,

1903 1290 2196 1356 turbanms,
2222 1290 2288 1346 de
2309 1291 2373 1346 iis
2387 1308 2512 1362 quae
2537 1292 2667 1346 nihil
2689 1291 2754 1346 ad
2779 1307 2878 1346 nos
2898 1294 3484 1363 spectantgarrieutes,

1902 1389 2069 1435 totum
2102 1384 2418 1437 insumimus
2447 1384 2688 1438 collecta:
2717 1392 2943 1452 tempus.
2978 1382 3110 1439 Cum
3142 1384 3320 1453 itaque
3348 1395 3403 1438 et
3433 1384 3483 1436 in

1901 1473 2103 1543 exiguis
2127 1483 2182 1528 et
2211 1475 2260 1528 in
2291 1476 2528 1544 magnis,
2559 1485 2614 1530 et
2649 1475 2700 1528 iu
2728 1475 2920 1529 auditu.
2939 1484 2996 1530 et
3024 1475 3076 1530 in
3105 1483 3247 1537 actu,
3276 1485 3330 1530 et
3355 1474 3486 1529 foris

1900 1576 1954 1621 et
1996 1567 2131 1620 intra
2175 1567 2495 1631 ecclesiam,
2538 1567 2610 1621 ita
2648 1568 2814 1620 simus
2849 1566 3091 1631 desides,
3131 1573 3328 1634 praeter
3369 1563 3485 1618 hare

1900 1659 2077 1712 omnia
2106 1658 2266 1712 etiam
2295 1667 2480 1712 contra
2509 1657 2753 1711 inimicos
2797 1671 3075 1725 precemur
3102 1676 3115 1711 :
3148 1655 3290 1711 unde
3330 1669 3483 1724 Spem

1899 1752 2088 1806 salutis
2117 1751 2431 1806 habebimus
2454 1791 2470 1812 ,
2516 1766 2636 1804 cum
2669 1759 2746 1804 tot
2775 1750 3039 1818 tantisque
3065 1749 3296 1818 peccatis
3325 1747 3481 1802 addi-

1901 1854 2193 1898 tamentum
2219 1843 2362 1896 aliud
2388 1842 2782 1912 gravissimum,
2812 1856 2905 1908 par
2931 1841 3214 1908 prioribus,
3240 1839 3473 1909 iniquam

1900 1949 2092 2003 nempe
2119 1933 2260 1987 illam
2287 1933 2583 1986 orationem
2609 1931 2960 2000 adjiciamus?
2997 1932 3080 1983 An
3113 1945 3240 2000 ergo
3280 1931 3480 1984 miran-

1897 2027 2024 2082 dum
2049 2069 2064 2092 ,
2105 2026 2152 2081 si
2177 2026 2302 2096 quid
2342 2025 2496 2079 nobis
2523 2025 2645 2079 mali
2674 2026 3090 2093 inexspectatum
3119 2023 3332 2088 accidit,
3360 2037 3482 2078 cum

1897 2130 2079 2175 contra
2112 2120 2408 2174 mirandum
2438 2131 2579 2174 esset
2607 2119 2653 2172 si
2693 2134 2797 2172 non
2835 2116 3126 2172 acciderit?
3165 2116 3298 2170 lllud
3337 2116 3483 2171 enim

1898 2227 1962 2265 ex
1991 2211 2370 2279 consequentia
2403 2225 2580 2263 rerum
2610 2217 2730 2274 est;
2763 2208 2865 2263 hoc
2888 2217 3066 2263 autem
3107 2217 3300 2277 prater
3324 2209 3485 2263 ratio-

1899 2319 2020 2357 nem
2045 2312 2098 2357 et
2119 2303 2573 2371 exSpectationcm
2596 2312 2756 2356 esset.
2774 2302 2982 2356 Etenim
3002 2312 3198 2370 praeter
3222 2303 3482 2358 ratiunem

1895 2402 2074 2460 esset,
2113 2394 2358 2448 inimicos
2390 2394 2489 2448 Dei
2518 2394 2770 2456 effectos,
2816 2394 3073 2464 illumque
3101 2395 3166 2449 ad
3200 2397 3330 2448 iram
3363 2410 3484 2465 pro-

1899 2497 2149 2542 vocantes
2168 2487 2282 2541 sule
2303 2485 2404 2540 frui
2419 2496 2472 2540 et
2495 2487 2690 2556 pluviis
2709 2486 2936 2556 aliiSque
2949 2488 3216 2552 omnibus,
3239 2485 3484 2541 homines

1897 2578 2227 2634 humanitate
2273 2577 2414 2632 feras
2453 2588 2807 2648 superantes,
2850 2587 2907 2633 et
2945 2578 3082 2632 alios
3122 2585 3306 2631 contra
3348 2576 3482 2630 alios

1896 2680 2134 2738 stantes,
2180 2685 2244 2725 ac
2274 2671 2498 2740 proximi
2531 2673 2610 2726 sui
2657 2653 2836 2725 morsu
2877 2670 3056 2724 laniati
3098 2668 3351 2737 sanguine
3380 2666 3482 2720 liu-

1894 2781 2052 2835 guam
2082 2774 2465 2825 cruentautes;
2501 2775 2617 2834 post
2647 2779 2884 2819 mensam
2927 2763 3068 2818 illam
3111 2761 3438 2831 spiritualem
3461 2798 3478 2821 ,

1895 2867 1950 2912 et
1979 2867 2056 2913 tot
2097 2855 2357 2913 beneficia
2379 2898 2394 2923 ,
2424 2859 2809 2926 iuuumeraque
2835 2865 3119 2925 prazcepta.
3155 2853 3278 2906 llam
3307 2853 3487 2921 itaque

1897 2956 2222 3028 cogitantes,
2264 2953 2413 3006 virus
2448 2961 2758 3006 evomantus
2781 2992 2796 3016 ,
2842 2949 3110 3004 solvamus
3143 2946 3476 3010 inimicitias,

1896 3060 1948 3104 et
1976 3062 2180 3119 preces,
2209 3061 2329 3117 qum
2355 3055 2730 3102 consentanea:
2759 3042 2912 3097 nobis
2935 3042 3062 3108 sint,
3092 3039 3392 3104 fundamus,
3419 3052 3482 3092 ac

1899 3148 2014 3202 vice
2041 3146 2386 3201 daamouiaca:
2418 3141 2557 3197 illius
2585 3141 2811 3195 feritatis
2836 3137 3147 3208 angelorum
3177 3143 3484 3190 mansuetu—

1897 3241 2074 3295 dinem
2101 3251 2434 3294 assumamus
2462 3254 2476 3291 :
2508 3244 2562 3292 et
2596 3233 3038 3304 quantiscumque
3075 3228 3282 3298 injuriis
3318 3227 3484 3280 simus

1897 3334 2105 3401 all‘eCti,
2152 3347 2271 3402 qua:
2316 3333 2553 3401 ipsorum
2595 3335 2722 3383 sunt
2765 3334 2944 3380 nostra
2988 3337 3110 3379 esse
3150 3321 3480 3391 cogitantes,

1900 3441 2105 3480 necnon
2147 3424 2448 3503 megcedem
2489 3422 2642 3476 nobis
2688 3434 2786 3489 pro
2831 3417 2934 3471 hoc
2961 3421 3174 3470 servato
3217 3417 3484 3482 prmcepto

1898 3518 2218 3588 repositam,
2261 3515 2509 3570 sedemus
2540 3514 2705 3574 iram,
2755 3509 2946 3563 ﬂuctus
2987 3505 3381 3576 reprimamus,
3427 3506 3483 3551 ut

1901 3617 2218 3678 praesentem
2259 3607 2422 3661 vitam
2462 3607 2580 3659 sine
2619 3600 3020 3673 perturbatione
3051 3593 3383 3654 emetiamur,
3430 3598 3485 3644 et

1901 3699 2024 3754 illuc
2048 3698 2389 3752 advenientes
2419 3695 2576 3749 talem
2603 3691 2943 3763 experiamur
2969 3687 3269 3747 Dominum,
3301 3681 3484 3752 quales

1899 3807 1997 3847 nos
2025 3805 2148 3861 erga
2177 3801 2466 3844 conservos
2493 3785 2767 3840 fuerimus.
2795 3779 2948 3850 Quod
2989 3780 3033 3835 si
3074 3791 3237 3850 grave
3261 3774 3393 3830 illud
3429 3782 3485 3828 et

1900 3883 2143 3939 terribile
2170 3883 2259 3947 sit,
2283 3881 2400 3936 leve
2422 3879 2648 3948 idipsum
2669 3885 2724 3932 et
2749 3870 3104 3930 desiderabile
3129 3867 3401 3929 faciamus,
3430 3871 3486 3918 et

1897 3978 2204 4049 Splendidas
2241 3974 2448 4031 fiducia:
2473 3987 2599 4042 erga
2633 3970 2782 4024 illum
2810 3977 3007 4022 nostra:
3047 3963 3238 4035 januas
3270 3957 3482 4030 aperia—

1900 4089 2051 4136 mus;
2097 4087 2161 4126 ac
2203 4069 2342 4140 quod
2390 4083 2494 4122 non
2529 4069 2800 4136 potuimus
2837 4059 3052 4130 assequi
3094 4051 3412 4114 abstinendo
3451 4065 3482 4103 a

1902 4163 2165 4235 peccatis,
2218 4162 2320 4216 hoc
2351 4173 2700 4228 assequamur
2739 4169 2834 4226 per
2881 4149 3342 4207 mansuetudinem
3383 4154 3483 4235 no-

1899 4234 2064 4316 stram
2093 4271 2216 4326 erga
2247 4270 2340 4310 eos
2369 4253 2458 4324 qui
2487 4253 2538 4306 in
2566 4264 2666 4305 nos
2694 4253 3077 4319 precarerunt;
3127 4254 3297 4310 neque
3336 4234 3483 4290 enim

1859 4347 1866 4354 ’
1897 4368 2058 4423 grave
2095 4350 2220 4405 illud
2263 4348 2344 4402 vel
2389 4345 2666 4400 molestum
2705 4350 2817 4407 est;
2867 4354 2930 4393 ac
2963 4334 3218 4392 beneﬁcia
3253 4326 3483 4423 inimicis

1901 4419 2095 4500 nostris
2123 4440 2481 4504 conferentes,
2512 4436 2733 4491 multam
2772 4431 2925 4486 nobis
2951 4426 3294 4484 conciliemus
3320 4419 3480 4474 inise-

1901 4537 2204 4595 ricordiam.
2238 4536 2326 4590 Sic
2354 4535 2494 4588 enim
2536 4539 2591 4586 et
2634 4530 2686 4584 in
2715 4524 2962 4598 prtesenti
3003 4522 3110 4578 vita
3139 4519 3206 4572 ab
3232 4513 3480 4570 omnibus
3526 4543 3530 4546 -

1900 4631 2214 4693 amabimur,
2262 4635 2314 4680 et
2357 4640 2466 4695 pra:
2508 4621 2717 4677 caeteris
2749 4615 3007 4671 omnibus
3045 4614 3183 4667 Deus
3225 4608 3337 4677 ipse
3382 4619 3482 4659 nos

1899 4724 2099 4779 amabit
2125 4731 2180 4776 et
2208 4719 2488 4776 coronabit
2535 4735 2548 4772 :
2592 4726 2795 4784 nosque
2822 4708 3014 4765 futuris
3039 4703 3282 4760 omnibus
3325 4699 3481 4754 bonis

1899 4815 2204 4887 dignabitur
2250 4829 2264 4866 :
2305 4797 2434 4882 qua:
2479 4809 2678 4862 utinam
2722 4816 2912 4858 omnes
2957 4794 3164 4865 assequi
3216 4790 3481 4887 possimus

1899 4882 2062 4982 gratia
2091 4918 2145 4964 et
2170 4903 2498 4974 benignitate
2525 4898 2736 4956 Domini
2763 4894 2927 4950 nostri
2965 4890 3088 4945 Jesu
3116 4882 3347 4948 Christi,
3395 4887 3482 4941 cui

1900 5003 2066 5073 gloria
2091 5011 2146 5056 et
2171 4997 2454 5068 imperium
2483 4996 2533 5048 in
2562 4990 2754 5048 saacula
2780 4985 3116 5042 saeculorum.
3160 4981 3351 5032 Amen.

222 5148 3408 5207 ___________________________________________________

1388 5265 1737 5352 HOMlLlA
1781 5261 1930 5323 XX.
1975 5259 2063 5322 al.
2108 5256 2289 5319 XXI.
2713 5256 2726 5266 '

206 5413 329 5468 Car.
361 5413 414 5470 6.
448 5429 499 5466 ν.
533 5413 620 5468 16.
658 5411 790 5466 Cum
827 5421 994 5465 autem
1035 5409 1316 5480 jejtmatis,
1349 5407 1503 5460 nolite
1534 5405 1640 5474 ﬁeri
1667 5405 1795 5459 sicut

277 5505 550 5575 hypocrita:
593 5504 776 5556 tristes.
827 5501 1177 5554 Exterminant
1214 5499 1346 5554 enim
1376 5497 1529 5568 facies
1554 5511 1707 5562 suas,
1741 5503 1794 5547 ut

275 5605 550 5666 appareant
579 5595 866 5648 hominibus
881 5593 1196 5664 jejunantes.

284 5687 326 5744 1.
382 5687 478 5744 llic
522 5687 714 5743 acerbe
757 5700 973 5757 gemere
1023 5693 1076 5740 et
1125 5683 1327 5753 ejulare
1382 5693 1482 5736 nos
1521 5677 1788 5736 convenit.

1901 5398 2018 5455 Non
2041 5397 2212 5452 solum
2235 5393 2376 5450 enim
2399 5387 2703 5464 hypocritas
2719 5383 3005 5447 imitamur,
3027 5377 3120 5436 sed
3139 5376 3296 5433 etiam
3325 5390 3477 5443 supc-

1903 5507 2084 5546 ramns
2106 5490 2243 5544 illos.
2271 5487 2403 5540 Novi
2431 5484 2590 5544 enim,
2626 5477 2744 5533 novi
2767 5483 2910 5530 certe
2940 5471 3160 5536 multos,
3192 5484 3298 5524 nou
3322 5465 3478 5521 modo

1903 5583 1989 5653 qui
2013 5583 2258 5658 jejuuant
2281 5589 2333 5632 et
2362 5591 2479 5630 sese
2495 5581 2796 5634 ostentant,
2813 5565 2905 5623 sed
2929 5568 3085 5621 etiam
3111 5561 3201 5632 qui
3219 5575 3326 5615 non
3345 5558 3475 5628 jeju-

1901 5685 2098 5732 nantct
2119 5671 2466 5747 jejuuantium
2492 5678 2772 5740 personam
2802 5677 2906 5733 pra:
2925 5674 2982 5714 sc
3009 5659 3202 5724 lerunt,
3233 5659 3470 5727 peccam-
