3868 6182
439 229 544 286 287

437 361 542 416 quo
561 347 676 416 ipso
688 347 988 418 graviorem
1003 351 1398 406 excusationem
1413 351 1659 407 afferunt.
1679 351 1790 407 iloc
1805 350 1944 404 facio
1959 349 2032 404 in-

437 438 648 503 quium,
671 453 740 493 ne
761 439 943 493 multis
965 438 1288 501 oﬂ‘endiCulo
1316 442 1438 496 sint.
1478 442 1614 509 Quid
1639 443 1814 498 dicis?
1843 441 2029 496 Divina

437 528 526 585 le:
553 538 637 583 est
665 544 782 600 qua:
805 530 907 584 hoc
936 531 1192 601 praecipit,
1237 542 1291 588 et
1317 543 1372 587 ιιι
1407 533 1783 589 oti‘endiculum
1818 548 2030 588 memo-

437 619 561 675 ras?
591 628 644 674 et
671 622 714 674 si
745 623 1014 676 custodias
1043 623 1184 677 illaut
1208 663 1223 690 ,
1254 624 1572 680 offendicula
1591 640 1714 681 esse
1749 637 1902 700 putas
1928 669 1946 690 ,
1984 627 2029 680 si

439 727 545 766 non
577 714 869 778 custodias,
909 715 1102 769 secus?
1126 716 1316 785 ecquid
1346 720 1419 772 sit
1478 718 1563 774 his
1638 717 1858 789 ineptiis
1925 716 2024 774 de—

437 805 602 859 terius
631 806 688 859 ‘i
717 809 908 861 Annon
933 806 1146 862 desines
1175 807 1470 879 hypocritis
1495 823 1614 864 esse
1644 810 1812 879 pejor,
1845 807 2023 880 dupli-

433 909 658 964 cemque
702 897 1004 966 hypocrisin
1045 913 1334 968 usurpare,
1361 915 1427 955 ac
1475 909 1675 954 tantum
1704 903 1816 955 vitii
1865 917 2023 957 cacu-

435 1001 559 1041 men
585 990 926 1057 excogitare?
956 1005 1080 1066 num
1106 990 1223 1045 sine
1245 991 1446 1060 pudore
1467 990 1594 1047 dicti
1624 993 1779 1063 hujus
1801 987 2022 1064 empha-

433 1080 535 1136 sim
561 1083 859 1153 percipies?
880 1083 994 1139 Non
1015 1085 1186 1139 solum
1214 1087 1378 1152 enim,
1407 1087 1596 1157 inquit,
1624 1089 1896 1154 simulant,
1925 1091 2018 1144 sed

433 1181 490 1225 ut
510 1172 630 1228 illos
658 1173 1024 1230 veltementius
1058 1185 1272 1246 pungat,
1318 1174 1668 1233 Exterminant
1703 1181 1837 1233 enim
1865 1181 2019 1251 facies

431 1280 579 1329 suae,
612 1265 664 1320 id
703 1277 806 1333 est,
829 1278 1196 1337 corrumpunt,
1231 1270 1474 1338 perdunt.
1504 1267 1562 1324 Si
1599 1281 1774 1326 autem
1806 1271 1907 1327 hoc
1935 1282 2019 1328 est

432 1359 585 1412 faciei
605 1361 1006 1423 exterminatio,
1034 1363 1099 1415 ad
1130 1375 1319 1416 vanam
1358 1363 1582 1434 gloriam
1608 1376 1728 1420 sese
1758 1366 2015 1435 pallidum

429 1449 722 1520 exhibere,
767 1453 894 1522 quid
921 1453 1204 1507 dicendum
1234 1454 1300 1508 de
1330 1455 1662 1518 mulieribus,
1695 1469 1814 1525 «piae
1855 1458 2015 1511 facies

429 1555 552 1597 suas
578 1543 861 1612 pigmentis
891 1553 946 1599 ct
966 1545 1097 1599 fucis
1128 1558 1478 1615 corrumpunt
1502 1547 1566 1600 ad
1599 1549 1886 1616 perniciem
1911 1549 2012 1602 im-

430 1633 739 1702 pudieorum
761 1636 1054 1705 juvenem?
1087 1637 1162 1690 Illi
1207 1639 1348 1691 enim
1375 1639 1474 1693 sibi
1519 1639 1649 1708 ipsis
1679 1649 1880 1694 tantum
1912 1658 2012 1695 no-

425 1733 592 1779 cent:
622 1725 705 1780 itte
733 1739 864 1780 vero
911 1736 966 1781 et
1014 1727 1114 1781 sibi
1157 1737 1213 1782 et
1241 1729 1304 1783 iis
1332 1729 1423 1799 qui
1473 1731 1614 1798 ipsas
1655 1733 2009 1800 consuiciunt.

424 1816 762 1887 Quapropter
787 1829 842 1873 et
887 1820 1024 1874 hanc
1049 1829 1101 1874 et
1145 1820 1286 1874 illam
1333 1831 1535 1891 pestem
1565 1825 1786 1878 omnino
1829 1825 2012 1894 fugere

424 1921 524 1978 par
547 1918 649 1964 est.
677 1909 795 1964 Non
820 1911 990 1964 solum
1029 1911 1172 1965 enim
1209 1911 1371 1981 jussit
1413 1927 1518 1966 non
1548 1925 1666 1968 sese
1715 1927 2007 1982 ostentare,

421 1999 519 2054 sed
545 1999 709 2054 etiatn
738 2001 787 2054 id
814 2002 1049 2065 studere,
1083 2012 1140 2056 at
1168 2004 1365 2057 lateant
1394 2020 1410 2057 :
1453 2004 1592 2074 quod
1619 2015 1672 2060 et
1698 2005 1814 2074 ipse
1854 2017 2009 2065 antea

423 2088 642 2144 fecerat.
668 2090 743 2145 De
769 2091 1103 2163 cleemosyna
1131 2108 1308 2162 porro,
1351 2109 1454 2149 non
1482 2097 1795 2166 simpliciter
1820 2100 1886 2152 ita
1915 2115 2010 2169 po-

422 2182 527 2234 suit
550 2197 565 2245 ;
593 2180 690 2236 sed
723 2197 844 2236 cum
867 2183 1088 2237 dixisSt-t
1116 2201 1128 2236 :
1159 2185 1416 2239 Attendite
1442 2203 1506 2239 ne
1532 2188 1897 2259 eteetttosgttam
1926 2193 2008 2262 fa-

417 2271 568 2325 ciatis
594 2288 766 2326 caram
785 2274 1070 2328 hominibus
1089 2316 1102 2340 ,
1131 2276 1360 2344 adjecit,
1397 2277 1464 2331 Ut
1493 2279 1761 2333 videamini
1802 2282 1864 2334 ab
1892 2282 1964 2336 eis
1983 2298 2007 2347 ;

415 2363 491 2418 de
534 2364 742 2434 jejunio
776 2377 953 2421 autem
1001 2377 1057 2422 ct
1103 2369 1346 2424 oratione
1375 2371 1504 2424 nihil
1531 2372 1707 2428 simile
1744 2373 2003 2430 dicret’it.

415 2451 530 2508 Cur
556 2455 728 2510 illud?
756 2457 892 2523 Quia
918 2459 1259 2530 eleemosyna
1303 2461 1472 2516 latere
1515 2465 1716 2533 nequit,
1742 2465 2002 2534 jejunium

413 2554 591 2601 autem
610 2555 665 2602 et
683 2549 854 2602 oratio
883 2551 1137 2604 occultari
1169 2560 1362 2621 potest.
1394 2552 1543 2608 Sicut
1569 2554 1746 2623 itaque
1771 2571 1890 2610 cum
1916 2557 2002 2612 di-

414 2637 510 2700 xit,
543 2635 751 2691 Nesciet
771 2640 978 2693 sinistra
1016 2651 1104 2694 tua
1124 2643 1244 2712 quid
1263 2643 1388 2712 facit
1417 2645 1627 2698 dextera
1645 2656 1732 2698 tua
1752 2689 1768 2713 ,
1801 2663 1905 2702 non
1933 2649 2002 2704 de

413 2728 664 2784 manibus
689 2729 941 2799 laquutus
976 2744 1079 2798 est,
1129 2735 1221 2788 sed
1252 2735 1515 2805 signiticet
1541 2749 1789 2806 aportere
1813 2757 2002 2795 omnes

409 2820 612 2888 celari;
641 2829 698 2877 et
724 2823 1022 2892 cumjnssit
1051 2827 1102 2879 in
1132 2827 1434 2882 cubiculum
1473 2829 1696 2893 intrare,
1731 2845 1838 2886 non
1865 2833 1994 2887 illud

412 2913 707 2982 praesertim
748 2916 994 2985 praecipit
1042 2926 1098 2971 ut
1127 2917 1198 2974 ibi
1245 2934 1562 2988 precemur,
1627 2923 1720 2977 sed
1770 2923 1996 2994 idipsum

407 3004 571 3059 etiam
600 3005 950 3062 subindicavit
979 3027 992 3062 :
1017 3010 1098 3063 sic
1122 3019 1177 3064 et
1220 3010 1321 3064 hoc
1357 3011 1474 3067 loco
1511 3028 1630 3066 cum
1667 3013 1994 3083 jejunantetn

409 3111 531 3152 sese
555 3113 757 3169 ungere
773 3099 952 3169 jussit,
976 3117 1082 3156 non
1101 3103 1322 3157 omnino
1345 3105 1601 3174 praecipit,
1632 3117 1689 3160 ut
1716 3122 1814 3162 nos
1841 3109 1994 3162 inun-

405 3203 613 3258 gamus,
650 3205 771 3244 nam
801 3205 989 3247 omnes
1015 3192 1154 3248 hanc
1179 3195 1471 3264 transgredi
1496 3196 1664 3266 legem
1693 3198 1995 3268 deprehen-

406 3285 692 3352 deremur;
721 3288 953 3344 maxime
989 3289 1024 3343 ii
1069 3290 1121 3344 in
1152 3290 1340 3360 primis
1365 3292 1453 3361 qui
1491 3292 1749 3362 jejunium
1777 3309 1992 3352 servare

403 3377 652 3444 student,
682 3381 1063 3437 monachorum
1095 3385 1305 3453 populi,
1335 3385 1425 3454 qui
1458 3395 1666 3441 montes
1705 3399 1986 3456 occupant.

404 3466 518 3523 Non
549 3469 726 3540 itaque
756 3470 858 3526 hoc
899 3474 1171 3544 praecipit;
1219 3491 1402 3531 verum
1443 3478 1562 3547 quia
1592 3462 1730 3547 apud
1784 3489 1989 3536 Veteres

404 3574 522 3614 mos
549 3559 669 3626 fuit,
699 3571 758 3617 ut
781 3579 902 3618 sese
931 3576 1190 3636 ungerent
1219 3583 1340 3621 cum
1369 3569 1420 3622 in
1465 3570 1659 3639 gaudio
1703 3581 1759 3626 et
1807 3573 1986 3628 imtitia

403 3663 762 3721 versarentur,
793 3658 938 3727 quod
965 3659 1016 3712 in
1067 3661 1264 3716 Davide
1289 3671 1342 3716 et
1373 3663 1424 3716 in
1457 3664 1672 3720 Daniele
1719 3667 1862 3721 clare
1907 3668 1988 3720 di-

401 3742 568 3798 scitur
590 3787 605 3811 ,
635 3761 835 3815 ungere
859 3763 922 3801 se
947 3760 1197 3818 Oportere
1225 3752 1378 3817 dixit,
1416 3771 1520 3807 non
1554 3766 1609 3809 ut
1635 3756 1736 3811 hoc
1765 3759 1985 3813 omnino

401 3832 679 3903 faciamus,
723 3839 820 3892 sed
849 3849 907 3892 Ill
943 3847 1064 3895 cum
1107 3845 1256 3895 omni
1295 3844 1472 3900 studio
1518 3857 1680 3915 atque
1709 3847 1981 3917 diligentia

401 3925 505 3980 hoc
526 3926 723 3983 bonum
751 3945 1044 3987 servemus.
1069 3937 1238 4004 Atque
1266 3945 1322 3989 ut
1355 3937 1531 3993 discas
1561 3956 1675 3994 rem
1706 3943 1774 3996 ita
1802 3959 1861 3997 sc
1889 3943 1984 4000 ha-

399 4014 530 4072 bere
557 4034 570 4070 :
604 4019 697 4075 ille
723 4021 838 4090 ipse
864 4025 952 4092 qui
979 4024 1079 4081 hoc
1101 4027 1276 4082 verbis
1297 4043 1644 4100 praeceperat,
1673 4043 1728 4088 et
1755 4034 1821 4089 de
1841 4034 1981 4091 facit)

397 4119 722 4178 exsequutus
749 4124 864 4179 est;
905 4130 1024 4170 cum
1058 4133 1153 4188 per
1177 4120 1521 4192 quadraginta
1549 4125 1665 4179 dies
1695 4126 1975 4196 jejunavit,

395 4197 683 4268 jejunando
704 4203 875 4270 latuit,
899 4225 1069 4279 neque
1094 4226 1216 4268 sese
1237 4215 1407 4279 unxit,
1432 4232 1606 4288 neque
1630 4235 1750 4275 sese
1775 4222 1974 4278 abluit:

393 4299 453 4344 et
496 4301 671 4350 tamen
714 4299 919 4356 etiamsi
954 4301 1052 4356 hoc
1096 4320 1200 4360 non
1231 4306 1450 4376 fecerit,
1479 4310 1596 4364 sine
1640 4326 1772 4368 vana
1809 4315 1975 4385 gloria

396 4383 628 4441 maxime
653 4392 890 4446 omium
935 4404 1101 4450 totum
1130 4398 1352 4466 perfecit
1381 4418 1396 4455 :
1422 4403 1562 4472 quod
1614 4406 1774 4460 etiam
1816 4383 1976 4464 nobis

396 4475 660 4544 pra-cipit,
684 4479 977 4551 bypocritis
1003 4487 1056 4541 in
1089 4490 1320 4545 medium
1348 4493 1611 4562 adductis,
1642 4505 1695 4550 et
1719 4499 1976 4554 auditori-

397 4566 496 4621 bus
537 4568 730 4637 duplici
778 4588 1042 4647 prmeepto
1081 4581 1132 4636 in
1177 4587 1502 4641 contrarium
1555 4593 1830 4658 avocatis;
1869 4595 1973 4648 ali-

395 4656 526 4749 quid
552 4660 708 4714 etiam
736 4678 828 4731 per
857 4667 985 4722 illud
1015 4686 1207 4728 nomen
1231 4715 1246 4738 ,
1280 4675 1675 4747 hypocritarutn
1705 4656 1970 4749 videlicet,

393 4747 771 4807 subindicavit.
800 4755 982 4827 Neque
1021 4763 1162 4816 enim
1195 4767 1365 4821 solum
1389 4769 1532 4838 quod
1560 4786 1644 4825 res
1673 4783 1814 4827 esset
1844 4774 1972 4829 ridi-

390 4841 530 4903 cuia,
572 4856 742 4912 neque
786 4849 921 4915 quod
965 4851 1215 4909 damnum
1247 4856 1468 4914 inferret
1511 4863 1830 4930 maximum,
1877 4865 1970 4921 sed

392 4932 555 4988 etiam
583 4935 723 5004 quod
754 4937 1056 5006 ltujusmodi
1103 4946 1302 5003 fallacia
1335 4958 1675 5022 temperanca
1713 4957 1968 5012 exhibea-

394 5036 522 5098 tur,
563 5044 593 5082 a
621 5045 780 5099 prava
829 5033 914 5087 illa
941 5041 1366 5108 concupiscentia
1409 5046 1640 5102 abducit.
1684 5050 1967 5122 llypocrita

340 5147 344 5150 ~
390 5119 534 5172 enim
558 5121 755 5175 tamdiu
784 5124 977 5179 clarior
1005 5139 1262 5198 apparet,
1292 5136 1546 5203 quamdiu
1575 5119 1835 5196 theatrum
1884 5159 1970 5197 se-

389 5209 527 5264 derit
552 5229 566 5264 :
597 5212 702 5265 imo
725 5230 850 5268 vero
872 5233 1042 5287 neque
1070 5229 1191 5277 tunc
1214 5224 1349 5292 apud
1368 5241 1575 5282 onmes.
1600 5229 1803 5286 Norant
1825 5235 1965 5288 enim

392 5302 605 5370 plurimi
633 5316 985 5373 spectatorum
1011 5314 1096 5378 qtti
1119 5329 1237 5369 cum
1260 5317 1367 5371 sint
1397 5321 1466 5374 illi
1495 5324 1668 5392 qualia
1691 5326 1963 5382 simulent.

390 5391 654 5448 Cancrum
683 5397 853 5450 soluto
885 5402 1109 5466 theatro,
1142 5408 1567 5466 manifestissime
1608 5418 1853 5471 omnibus
1883 5436 1967 5474 rc-

393 5489 652 5548 velantur.
688 5484 798 5544 lloc
825 5491 980 5564 igitur
1005 5495 1186 5564 glorite
1217 5503 1436 5571 cupidos
1467 5508 1572 5576 pati
1603 5513 1963 5568 necessarium

453 5649 470 5690 t
504 5648 699 5708 Quidam
725 5655 850 5710 Mss,
889 5656 978 5707 hac
994 5661 1295 5717 excusatione
1314 5665 1544 5722 deterius.

1170 233 1227 290 S.
1266 234 1543 294 JOANNIS
1577 236 2056 297 CHRYSOSTOMI
2090 238 2405 300 ABCHIEP.
2447 247 2975 314 CONSTANTINOP.

3619 279 3721 340 288

2139 368 2362 422 prorsus
2386 371 2487 418 est.
2521 365 2634 420 lino
2675 371 2838 427 etiam
2869 374 3109 444 plurimis
3135 381 3307 450 palam
3325 395 3425 454 est,
3456 401 3566 444 non
3603 409 3724 451 csse

2139 449 2261 506 illos
2287 452 2338 507 id
2367 457 2508 524 quod
2553 476 2673 515 esse
2698 465 2978 535 videntur;
3011 473 3104 527 sed
3132 449 3278 530 larva
3309 449 3480 535 solum
3519 483 3717 558 obtegi.

2134 540 2299 597 Multo
2325 548 2492 616 magis
2524 561 2704 608 autem
2734 566 2915 624 postea
2941 563 3238 631 capientur,
3283 571 3497 639 quando
3543 540 3720 636 omtiia

2133 633 2274 687 nuda
2301 645 2356 692 et
2385 651 2564 707 aperta
2590 652 2768 702 erunt.
2797 648 3027 707 Aliunde
3051 665 3228 710 autem
3269 633 3480 718 rursum
3510 663 3631 723 illos
3655 673 3721 726 ab

2133 721 2423 794 hypocritis
2454 731 2688 800 abducit,
2717 751 2838 792 cum
2871 743 3106 800 ostendit
3154 764 3256 804 non
3286 767 3573 812 ooerosum
3601 777 3721 818 esse

2132 828 2476 887 przeceptum.
2495 822 2677 912 Neque
2692 829 2833 883 enim
2848 830 3108 901 jejunium
3131 842 3388 911 extendit,
3408 863 3587 918 neque
3608 851 3722 908 lon-

2129 908 2246 976 gius
2282 909 2395 967 fieri
2435 906 2619 983 jubet;
2654 919 2746 975 sed
2793 939 2861 978 ne
2891 925 3005 998 ejus
3029 939 3226 987 corona
3259 906 3441 1005 pereat
3496 906 3716 1000 insistit.

2129 997 2314 1072 Itaque
2340 1008 2480 1074 quod
2509 1010 2681 1065 solum
2713 1027 2998 1073 onerosum
3023 997 3338 1094 t'idetttr,'ct
3363 1031 3518 1088 nobis
3536 1045 3594 1090 et
3624 1038 3721 1110 hy-

2127 1096 2349 1163 pocritis
2393 1113 2678 1161 commune
2728 1117 2848 1162 est:
2879 1123 3000 1170 nam
3048 1125 3102 1168 et
3146 1113 3216 1172 illi
3264 1119 3541 1190 jejunan‘t;
3575 1096 3718 1196 quaid

2123 1197 2301 1242 autem
2335 1202 2416 1246 est
2447 1193 2776 1254 levissimum
2821 1201 3054 1277 ipsisque
3099 1213 3392 1280 preprit‘nn,
3417 1233 3484 1273 ne
3511 1193 3720 1277 sciticet

2121 1279 2429 1340 laborantes
2458 1301 2655 1344 corona
2698 1294 2986 1361 privcntnr,
3035 1299 3163 1355 illttd
3194 1279 3309 1370 est,
3349 1307 3536 1378 inquit,
3573 1315 3721 1382 quod

2115 1371 2282 1441 jubco
2313 1391 2326 1427 :
2361 1376 2630 1437 laboribus
2675 1385 2807 1440 nihil
2835 1388 3037 1444 addens
3060 1434 3074 1457 ,
3128 1371 3532 1470 mercedesque
3565 1371 3716 1460 v'oliis

2120 1467 2376 1536 colligens
2399 1483 2520 1527 cum
2557 1477 2818 1534 tutissima
2848 1485 3081 1550 cautela,
3128 1503 3226 1543 nec
3271 1467 3453 1548 sinetis
3494 1497 3713 1555 ineoru-

2119 1569 2277 1613 natos
2306 1562 2475 1629 abire,
2507 1566 2644 1622 sicut
2667 1570 2742 1624 illi
2768 1571 2986 1641 abeunt,
3025 1578 3116 1648 qui
3144 1581 3332 1640 nolunt
3372 1600 3486 1651 eos,
3532 1590 3626 1658 qtti
3659 1590 3718 1648 in

2117 1647 2411 1720 Olytupicis
2442 1656 2580 1711 ludis
2609 1660 2906 1731 decertant,
2931 1667 3143 1736 imitari,
3171 1675 3283 1741 qui,
3316 1647 3717 1750 tantaqui-pulo,

2118 1751 2196 1796 tot
2238 1745 2567 1816 principibus
2618 1753 2964 1826 sedentibus,
3015 1763 3101 1816 uni
3152 1765 3333 1821 volunt
3378 1745 3588 1838 placere
3617 1745 3719 1844 qui

2115 1849 2370 1890 coronam
2399 1840 2524 1908 ipsis
2556 1843 2770 1913 tribuat,
2801 1847 2924 1904 licet
2963 1847 3050 1907 ille
3088 1852 3242 1926 longe
3263 1860 3332 1912 sit
3367 1840 3718 1924 infer-iorzvtu

2114 1939 2242 1979 vero
2268 1943 2390 1982 cum
2416 1929 2546 1985 duas
2578 1932 2776 1992 habeas
2805 1941 3043 1997 victoriae
3077 1944 3176 2013 ipsi
3207 1956 3570 2010 monstranda:
3586 1971 3712 2018 catu-

2113 2029 2221 2080 sas,
2249 2029 2356 2073 tum
2390 2025 2534 2092 quod
2561 2025 2649 2082 ille
2679 2033 2896 2098 prmntia
2927 2035 3231 2106 distribuat,
3260 2051 3366 2097 tum
3394 2047 3534 2116 quod
3575 2065 3711 2120 spe-

2111 2119 2318 2166 ctantes
2347 2125 2536 2171 mimes
2562 2119 2678 2174 sine
2719 2121 2824 2177 ulla
2856 2132 3260 2195 coinparatitmc
3286 2151 3542 2207 superet,
3579 2119 3713 2198 aliis

2113 2208 2165 2255 te
2191 2213 2451 2273 05tentas,
2480 2211 2569 2278 qui
2592 2226 2695 2265 non
2719 2215 2879 2269 modo
2902 2219 3030 2273 nihil
3054 2222 3144 2276 tibi
3174 2227 3428 2293 prodesse
3455 2245 3708 2301 possunt,

2109 2293 2203 2348 sed
2235 2297 2324 2365 qui
2360 2309 2409 2353 te
2440 2303 2672 2358 maxime
2699 2305 2919 2363 laedunt.

2177 2384 2233 2439 2.
2287 2386 2455 2446 Virtus
2496 2395 2774 2463 aliquando
2806 2417 2975 2456 coram
3002 2395 3286 2465 hominibus
3309 2413 3703 2483 glori/icabt'tur.

2107 2473 2296 2534 Contra
2321 2483 2612 2541 simulatam
2641 2490 2966 2548 virtutem.——
2989 2499 3254 2567 Attamen,
3283 2473 3472 2575 inquit,
3502 2524 3571 2565 ne
3595 2509 3708 2567 hoc

2105 2586 2318 2642 quoque
2344 2575 2597 2647 impedio.
2624 2579 2757 2636 Nam
2785 2585 2828 2639 si
2877 2585 3182 2648 hominibus
3210 2603 3260 2650 te
3285 2600 3570 2657 ostendere
3601 2620 3705 2659 ve-

2107 2662 2193 2722 lis.
2225 2679 2508 2738 exspecta;
2553 2689 2674 2727 nam
2705 2675 2804 2732 hoc
2831 2696 2929 2749 ego
2958 2682 3048 2737 tibi
3078 2685 3432 2748 abundantius
3462 2708 3702 2765 praesta-

2105 2756 2192 2821 bo,
2225 2768 2420 2816 etcum
2451 2779 2642 2835 magno
2664 2767 2830 2823 lucro.
2853 2772 3004 2830 Nunc
3018 2777 3158 2831 enim
3185 2790 3234 2835 te
3261 2781 3363 2838 hoc
3388 2756 3544 2844 ab'ea
3575 2807 3704 2860 qua:

2103 2851 2241 2917 apud
2270 2867 2357 2908 me
2379 2863 2462 2908 est
2486 2857 2652 2926 gloria
2677 2859 2900 2930 divellit,
2932 2867 3069 2922 sicut
3094 2871 3145 2924 id
3187 2873 3461 2944 despicere
3500 2890 3553 2936 te
3581 2851 3705 2939 tne-

2101 2957 2222 2996 cum
2249 2947 2497 3014 copulat;
2550 2959 2676 3007 tunc
2719 2970 2846 3011 vero
2873 2961 3120 3017 omnibus
3150 2964 3341 3022 frueris
3369 2987 3488 3025 cum
3521 2971 3697 3029 liber-

2103 3049 2209 3092 tate
2239 3043 2404 3106 omni,
2443 3060 2542 3099 nec
2571 3062 2788 3114 parvum
2818 3061 2942 3108 ante
2969 3053 3193 3111 fructum
3241 3059 3326 3114 ltic
3367 3075 3700 3136 excepturus

2097 3143 2174 3194 es,
2203 3132 2345 3202 quod
2373 3151 2562 3207 nempe
2586 3153 2798 3195 omnem
2816 3141 3100 3201 humanam
3122 3149 3342 3218 gloriam
3365 3156 3650 3214 conculces
3675 3203 3694 3226 ,

2097 3231 2150 3276 et
2177 3239 2207 3277 a
2241 3226 2390 3295 gravi
2412 3227 2498 3281 illa
2531 3228 2807 3287 hominum
2831 3237 3091 3293 servitute
3111 3242 3372 3311 libereris,
3403 3263 3545 3303 vera:
3576 3252 3693 3305 vir-

2098 3317 2224 3372 tutis
2249 3321 2509 3377 exercitio
2538 3336 2816 3393 prmstans.
2855 3329 3003 3386 Nune
3041 3343 3222 3389 contra
3263 3340 3307 3392 si
3337 3339 3426 3393 illo
3459 3343 3695 3401 affectus

2093 3408 2169 3462 sis
2198 3411 2392 3479 modo,
2425 3425 2478 3468 et
2514 3417 2558 3469 si
2593 3418 2642 3472 in
2669 3419 2882 3476 deserto
2920 3427 3025 3490 sis,
3061 3429 3202 3482 υιιιιιὶ
3250 3446 3445 3487 vacuus
3488 3437 3692 3492 virtute

2091 3501 2201 3556 eris
2225 3545 2240 3566 ,
2274 3514 2377 3558 non
2426 3507 2628 3586 habens
2659 3525 3007 3582 spectatores.
3036 3517 3188 3586 Quod
3217 3531 3362 3578 certe
3387 3533 3469 3580 est
3497 3527 3690 3584 virtuti

2093 3608 2338 3662 magnam
2371 3573 2568 3655 inferre
2611 3604 3014 3672 contumeliam,
3037 3609 3080 3662 si
3110 3625 3216 3664 non
3241 3624 3453 3683 propter
3481 3615 3682 3686 ipsam,

2090 3689 2184 3740 sed
2213 3699 2434 3758 propter
2451 3694 2704 3761 tuuarios,
2724 3701 2961 3765 a-rarios,
2981 3701 3230 3772 aliudque
3257 3707 3464 3765 forense
3491 3713 3688 3782 vulgus

2091 3777 2235 3832 illam
2266 3781 2466 3847 adeas;
2502 3793 2556 3837 ut
2580 3797 2633 3840 et
2662 3787 2911 3857 improbi,
2945 3801 2998 3846 et
3027 3794 3114 3862 qui
3144 3797 3212 3848 ab
3252 3798 3337 3851 illa
3387 3798 3540 3873 longe
3582 3777 3683 3859 di-

2087 3879 2230 3925 SIant
2257 3882 2308 3927 te
2332 3873 2686 3945 admirentur,
2708 3880 3055 3952 inimicosque
3081 3885 3196 3954 ejus
3219 3903 3376 3945 vocas
3399 3891 3464 3947 ad
3492 3905 3685 3950 osten-

2089 3965 2339 4022 tationem
2371 3978 2423 4024 et
2448 3973 2809 4040 spectaculum
2843 3992 2856 4027 :
2885 3990 2949 4031 ac
2971 3977 3015 4030 si
3042 3978 3162 4048 quis
3185 3981 3373 4049 pudice
3396 3999 3555 4054 agere
3577 4003 3642 4042 ve
3658 4018 3682 4029 -

2086 4056 2165 4124 lil,
2197 4073 2299 4112 non
2358 4074 2574 4128 propter
2636 4063 2806 4132 ipsum
2863 4067 3126 4136 pudicitia:
3191 4070 3412 4140 bonum,
3470 4076 3566 4131 sed
3619 4090 3683 4134 ut

2086 4149 2291 4218 placeat
2316 4151 2616 4222 impudicis.
2644 4155 2708 4209 Et
2729 4166 2781 4210 tu
2804 4172 2931 4228 ergo
2959 4159 3202 4214 virtutem
3249 4178 3352 4218 nOn
3392 4165 3677 4236 elcgisses,

2085 4241 2183 4295 nisi
2207 4243 2275 4296 ob
2297 4244 2502 4298 virtutis
2529 4247 2772 4302 inimicos
2797 4267 2809 4302 :
2838 4265 2959 4305 cum
2989 4262 3260 4321 oporteret
3289 4271 3404 4310 eam
3427 4260 3507 4313 vel
3545 4260 3679 4317 inde

2083 4335 2284 4399 mirari,
2317 4338 2455 4405 quod
2499 4340 2740 4393 inimicos
2771 4357 2896 4396 suos
2924 4343 3083 4398 etiam
3127 4345 3429 4404 laudatores
3454 4349 3674 4408 habent.

2081 4427 2344 4482 Adnuit-ari
2374 4447 2501 4500 ergo
2533 4431 2675 4486 illam
2707 4444 2933 4504 Oportet,
2971 4445 3024 4490 ιιι
3072 4454 3165 4508 par
3189 4452 3290 4506 est,
3323 4459 3425 4496 non
3449 4459 3679 4516 propter

2080 4521 2236 4584 alios,
2259 4521 2350 4575 sed
2376 4533 2598 4596 propter
2628 4525 2794 4597 ipsam
2826 4546 2840 4583 :
2871 4531 3297 4603 qnanquuidem
3339 4551 3436 4591 nos
3478 4539 3674 4606 etiam,

2078 4615 2291 4685 quando
2308 4634 2412 4673 non
2438 4631 2655 4690 propter
2685 4640 2782 4678 nos
2807 4625 2972 4695 ipsos,
3005 4628 3097 4682 sed
3123 4638 3340 4698 propter
3362 4632 3496 4685 alios
3518 4649 3678 4689 ama-

2080 4723 2218 4771 mur,
2242 4713 2618 4768 contumeliam
2651 4715 2702 4769 id
2725 4732 2844 4771 esse
2869 4728 3130 4787 putamus.
3159 4720 3268 4776 Hoc
3299 4723 3467 4790 ipsum
3485 4723 3674 4796 itaque

2078 4799 2145 4855 de
2171 4802 2362 4858 virtute
2387 4805 2546 4859 etiam
2571 4816 2750 4875 reputa
2774 4825 2788 4873 ;
2819 4824 2990 4879 neque
3022 4820 3237 4880 propter
3256 4813 3390 4868 alios
3427 4830 3545 4869 eam
3572 4833 3673 4871 se-

2077 4905 2260 4959 quare,
2297 4909 2471 4965 neque
2499 4906 2720 4966 propter
2768 4897 3011 4956 homines
3053 4901 3163 4956 Deo
3187 4903 3497 4974 obsequaris
3520 4948 3536 4972 ,
3567 4909 3671 4965 sed

2078 4995 2293 5054 propter
2321 4986 2484 5041 Deum
2536 4989 2866 5056 hominibus;
2896 4993 2942 5047 si
2989 5010 3114 5050 vero
3135 4999 3456 5052 contrarium
3477 4999 3666 5068 facias,

2075 5077 2197 5132 licet
2217 5063 2464 5135 virtutem
2513 5081 2661 5138 adire
2696 5085 2924 5141 videaris
2947 5129 2961 5154 ,
2992 5087 3209 5157 perinde
3235 5090 3380 5145 illum
3423 5093 3475 5145 in
3526 5092 3667 5149 iram

2073 5171 2373 5240 c0ncitasti,
2399 5189 2460 5228 ac
2488 5175 2530 5229 si
2561 5176 2681 5246 quis
2731 5177 2874 5232 illam
2925 5195 3029 5235 non
3057 5181 3230 5237 adiret
3262 5201 3275 5236 :
3308 5185 3664 5254 quemadmo-

2072 5262 2200 5319 dum
2229 5265 2374 5320 enim
2400 5266 2486 5321 ille
2507 5282 2572 5322 eo
2598 5269 2738 5336 quod
2767 5285 2870 5324 non
2898 5272 3113 5335 faceret,
3146 5273 3504 5345 inobsequens
3525 5277 3624 5333 ftiit
3642 5320 3663 5345 ,

2071 5360 2150 5414 sic
2175 5369 2230 5415 et
2268 5369 2322 5414 tu
2351 5376 2417 5416 eo
2455 5362 2595 5431 quod
2627 5380 2732 5417 non
2761 5364 2860 5419 rite
2886 5363 3071 5420 facias.
3096 5366 3184 5422 i9.
3210 5365 3382 5423 Nolite
3409 5370 3658 5425 thesauri.

2068 5469 2188 5506 zare
2221 5455 2358 5508 vobis
2383 5457 2644 5511 thesauros
2669 5458 2720 5511 in
2757 5466 2911 5512 terra.
2933 5460 3064 5528 Quia
3095 5462 3237 5516 enim
3282 5478 3432 5517 vana:
3474 5466 3662 5535 gloria:

2070 5545 2316 5598 morbum
2346 5548 2571 5616 expulit,
2601 5561 2901 5617 Opportune
2943 5551 3052 5619 jam
3092 5551 3162 5606 de
3201 5553 3501 5607 divitiarum
3529 5571 3659 5609 con-

2069 5649 2270 5710 temptu
2292 5654 2595 5697 sermonem
2619 5643 2836 5699 inducit.
2851 5643 2991 5700 Nihil
3013 5646 3154 5701 enini
3177 5645 3247 5702 ita
3269 5647 3333 5703 ad
3351 5648 3659 5705 divitiarum
