3918 6282
319 272 434 329 289

312 386 497 455 δοξίας
533 384 756 452 ἐξέϐαλε
800 385 1034 457 νόσημα,
1066 385 1336 456 εὐκαίρως
1369 384 1558 440 λοιπδν
1598 385 1692 438 καὶ
1732 385 1825 437 τὸν
1864 383 1993 455 περὶ

311 468 705 541 ἀκτημοσύνης
737 470 945 537 εἰσάγει
977 468 1156 536 λόγον.
1187 468 1355 523 Οὐδὲν
1382 469 1492 540 γὰρ
1523 467 1671 522 οὕτω
1694 467 1995 538 χρημάτων

313 554 447 625 ἐρᾷν
496 551 926 621 παρασκευάζει,
961 549 1039 613 ὡς
1079 551 1109 603 ό
1147 551 1249 621 τῆς
1283 551 1443 622 δόξης
1468 552 1516 584 ⁸⁸
1543 550 1702 623 ἔρως.
1737 552 1838 605 Διά
1863 549 1995 621 γοῦν

311 636 477 690 τοῦτο
518 636 615 689 καὶ
658 634 759 698 τὰς
802 632 913 686 τῶν
948 632 1298 702 ἀνδραπόδων
1324 633 1546 703 ἀγέλας,
1582 635 1679 686 καὶ
1706 633 1797 686 τὸν
1827 634 2001 703 ἐσμδν

313 719 425 774 τῶν
448 718 742 789 εὐνούχων,
769 718 865 771 καὶ
881 717 1011 780 τοὺς
1033 714 1508 787 χρυσοφοροῦντας
1531 716 1752 778 ἵππους,
1781 718 1876 769 καὶ
1893 714 1996 779 τὰς

315 802 564 872 ἀργυρᾶς
599 797 900 872 τραπέζας,
941 798 1037 852 καὶ
1074 798 1144 851 τὰ
1191 797 1326 853 ἀλλα
1368 797 1437 851 τά
1486 798 1998 870 καταγελαστότερα

1102 270 1162 328 S.
1201 267 1485 330 JOANNlS
1513 264 2019 327 CHRYSOSTDMY
2051 262 2375 322 ARCHIEP.
2412 261 2961 322 LONSTANTINOP.

3662 262 3777 320 290

2095 381 2264 453 λύμη,
2294 381 2410 436 ἀλλ’
2439 382 2590 452 ὅμως
2615 381 2828 452 ἄμαχός
2855 382 2973 441 ἐστι
2999 377 3094 432 καὶ
3119 376 3439 442 ἀκάθεκτος·
3464 375 3568 432 κᾶν
3596 377 3780 432 ὁτιοῦν

2098 464 2249 538 [263]
2277 467 2571 536 ἐπινοήσῃς
2602 466 2669 527 ’³,
2693 466 2754 518 οὐ
2787 464 2992 535 δυνήσῃ
3011 463 3220 532 ταύτην
3252 463 3499 531 ἐπισχεῖν
3522 461 3621 533 τὴν
3647 459 3782 531 pm-

2096 550 2220 620 ϐην.
2251 549 2317 601 Τί
2345 543 2472 613 οὗνς
2505 547 2567 601 τὸ
2603 546 2827 618 χρυσίον
2861 546 2959 616 σὴς
2987 545 3279 614 άφανίζεις
3310 544 3374 597 El
3408 543 3502 597 καὶ
3542 545 3622 613 μὴ
3653 541 3779 613 σὴς,

2096 630 2234 684 ἀλλά
2260 630 2513 683 κλέπται.
2547 629 2614 682 Τί
2643 624 2775 693 οὗνς
2807 626 3046 689 ἅπαντες
3064 625 3435 696 ἐσυλήθησαν;
3470 625 3533 677 Ei
3567 624 3662 677 καὶ
3699 622 3780 692 μὴ

2098 714 2323 777 πάντες,
2350 711 2465 766 ἀλλ’
2507 712 2558 764 οί
2590 711 2826 775 πλείους.
2859 710 2957 764 Διά
2982 708 3045 781 δὴ
3069 707 3227 763 τοῦτο
3270 708 3365 761 καὶ
3405 707 3611 776 ἕτερον,
3641 706 3786 776 ὅπερ

2099 795 2271 865 ἔφθην
2293 793 2483 855 εἰπὼν,
2516 793 2713 862 ἐπάγει
2734 792 3013 864 λογισμὸν,
3034 790 3229 860 λέγων·
3259 790 3454 845 Ὅπου
3492 793 3525 844 ὁ
3550 792 3787 857 θησαυ-

314 881 619 936 ἐπινοοῦσιν
665 880 966 952 ἄνθρωποι·
1004 880 1104 950 οὐχ
1138 879 1225 934 ἵνα
1257 880 1447 950 χρείαν
1474 879 1857 951 πληρώσωσιν,
1887 881 1997 935 οὐδ’
2091 881 2202 950 ρὸς
2234 878 2340 933 τοῦ
2360 879 2698 946 ἀνθρώπου,
2722 878 2849 931 ἐκεῖ
2867 877 2966 931 καί
2997 877 3035 945 ἡ
3058 874 3275 944 καρδία
3299 873 3507 929 αὐτοῦ.
3528 873 3650 928 Κᾶν
3674 873 3788 944 γὰρ

317 966 405 1019 ῖνα
429 966 623 1038 ἡδονῆς
643 963 1049 1028 ἀπολαύσωσιν,
1077 962 1190 1016 ἀλλ’
1216 962 1303 1015 ἵνα
1325 964 1438 1024 τοῖς
1461 961 1673 1024 πολλοῖς
1696 961 2000 1027 ἐπιδείξων·

312 1064 424 1101 ται.
470 1046 753 1116 Ἀνωτέρω
785 1044 883 1115 μὲν
915 1040 1031 1109 οὖν,
1065 1044 1149 1098 ὅτι
1183 1043 1353 1099 ἐλεεῖν
1380 1043 1463 1097 δεῖ
1493 1043 1651 1115 μόνον
1675 1043 1878 1113 ἔλεγεν·
1913 1046 2001 1098 ἐν-

313 1130 490 1184 ταῦθα
509 1131 567 1183 δὲ
593 1131 689 1183 καὶ
713 1129 880 1183 πόσον
901 1128 1071 1181 ἐλεεῖν
1102 1126 1209 1200 χρὴ
1235 1127 1525 1191 δείκνυσιν,
1557 1125 1747 1189 εἰπὼν,
1778 1127 1874 1194 Μὴ
1907 1131 2004 1196 θη-

316 1211 644 1282 σαυρίζετε.
682 1212 902 1283 Ἐπειδὴ
935 1210 1043 1283 γὰρ
1078 1212 1180 1264 οὐκ
1209 1209 1336 1280 ἐνῆν
1370 1210 1429 1276 ἐξ
1463 1210 1639 1280 ἀρχῆς
1686 1209 1880 1280 ἀθρόον
1908 1210 2001 1265 τὸν

318 1294 473 1369 [εει]
526 1294 657 1366 περὶ
692 1297 794 1366 τῆς
840 1293 1142 1364 ὑπεροψίας
1182 1292 1291 1345 τῶν
1337 1292 1637 1363 χρημάτων
1686 1294 2002 1361 εἰσαγαγεῖν

316 1378 477 1448 λόγον
501 1377 592 1431 διὰ
621 1378 720 1448 τὴν
743 1376 1034 1448 τυραννίδα
1054 1374 1161 1430 ,τοῦ
1192 1375 1419 1442 πάθους,
1444 1376 1586 1430 κατὰ
1611 1377 1806 1448 μικρὸν
1838 1376 2003 1431 αὐτὸν

316 1459 591 1531 διατεμὼν
629 1461 723 1514 καὶ
757 1458 1153 1527 ἐλευθερώσας,
1201 1458 1410 1529 ἐνίησιν
1454 1459 1514 1511 ἐν
1547 1452 1761 1530 τῇ“τῶν
1795 1461 2002 1531 ἀκροα-

316 1543 429 1597 τῶν
455 1542 685 1614 διανοίᾳ,
722 1541 861 1595 ὥστε
886 1540 1291 1610 εὐπαράδεκτον
1321 1541 1594 1609 γενέσθαι.
1623 1540 1724 1594 Διά
1755 1542 1820 1613 δὴ
1844 1541 2003 1596 τοῦτο

319 1626 538 1697 πρῶτον
557 1625 684 1695 μὲν
741 1624 894 1692 ἔλεγε
919 1665 935 1688 ,
981 1624 1272 1693 Μακάριοι
1335 1627 1387 1678 οι
1447 1624 1777 1694 ἐλεήμονες
1796 1641 1811 1655 ·
1860 1624 2001 1696 μετά

318 1709 377 1763 δὲ
428 1707 609 1773 τοῦτο,
646 1709 795 1763 Ἵσθι
831 1705 1060 1761 εὐνοῶν
1105 1704 1186 1772 τῷ
1229 1707 1512 1774 ἀντιδίκῳ
1557 1724 1694 1761 σου·
1744 1707 1840 1761 καὶ⁵
1883 1709 2000 1778 μετ’

321 1795 499 1847 ἐκεῖνο
536 1791 719 1856 πάλιν,
767 1790 908 1845 Ἐάν
931 1791 1022 1857 τίς
1055 1803 1155 1843 σοι
1181 1789 1328 1859 θέλῃ
1351 1790 1395 1821 ⁸⁷
1424 1789 1717 1859 κριθῆναι,
1760 1789 1860 1843 καί
1897 1791 2004 1845 τὸν

320 1874 542 1944 χιτῶνά
589 1891 706 1929 σου
755 1872 984 1938 λαϐεῖν,
1017 1872 1123 1938 δὸς
1157 1872 1318 1939 αὐτῷ
1359 1873 1459 1928 καί
1507 1874 1577 1926 τὸ
1615 1872 1867 1943 ἱμάτιον·
1916 1877 2003 1929 ἐν-

318 1957 495 2012 ταῦθα
526 1959 583 2012 δὲ
615 1958 675 2011 τὸ
711 1957 893 2028 πολλῷ
935 1956 1121 2027 μεῖζον
1165 1957 1382 2011 πάντων
1416 1957 1661 2010 ἐκείνων.
1715 1957 1864 2011 Ἐκεῖ
1909 1957 2007 2028 μὲν

321 2041 432 2113 γὰρ
469 2035 644 2101 εἶπεν,
674 2041 757 2095 ὅτι
794 2040 893 2095 Ἂν
931 2038 1089 2109 δίκην
1119 2038 1474 2110 ἐπικειμένην
1504 2038 1641 2111 ἴδῃς,
1666 2039 1825 2093 τοῦτο
1852 2039 2009 2111 ποίη-

323 2139 436 2178 σον·
465 2122 560 2176 τοῦ
588 2123 698 2194 γὰρ
723 2120 994 2193 μάχεσθαι
1025 2121 1219 2192 ἔχοντα
1258 2122 1305 2153 ⁸⁸
1345 2120 1555 2192 βέλτιον
1594 2121 1655 2176 τὸ
1702 2122 1777 2194 μὴ
1817 2121 2008 2193 έχοντα

321 2203 670 2276 ἀπηλλάχθαι
719 2204 921 2275 μάχης.
974 2202 1239 2257 Ἐνταῦθα
1279 2203 1337 2257 δέ
1389 2202 1514 2257 οὐτε
1553 2204 1844 2269 ἀντίδικον,
1884 2202 2008 2257 οὐτε

321 2286 415 2341 τδν
451 2290 771 2360 κρινόμενον
806 2288 939 2353 θεὶς,
967 2286 1092 2341 οὐτε
1128 2287 1290 2342 ἄλλου
1329 2286 1544 2352 οὐδενὸς
1581 2287 1824 2342 τοιούτου
1872 2304 2008 2358 μνη-

325 2370 611 2441 μονεύσας,
659 2370 829 2443 αὐτὴν
871 2370 993 2426 καθ’
1032 2372 1232 2442 ἑαυτὴν
1277 2370 1518 2425 διδάσκει
1564 2371 1665 2443 τὴν
1710 2372 1820 2426 τῶν
1868 2387 2005 2443 χρη·

326 2454 516 2525 μάτων
550 2455 871 2526 ὑπεροψίαν,
911 2455 1129 2518 δεικνὺς
1158 2454 1240 2508 ὅτι
1282 2455 1362 2507 οὐ.
1381 2455 1471 2508 διά
1495 2455 1622 2518 τοὺς
1654 2455 2010 2528 ἐλεουμένους

322 2538 602 2606 τοσοῦτον,
638 2539 763 2593 ὅσον
786 2538 878 2593 διά
900 2537 992 2593 τὸν
1022 2538 1234 2593 διδόντα
1268 2538 1440 2592 ταῦτα
1467 2539 1764 2609 νομοτεθεῖ·
1792 2540 1877 2593 ἵνα
1904 2539 2010 2594 κᾶν

326 2619 578 2698 μηδεὶςῇ
615 2624 644 2676 ὁ
665 2622 866 2676 ἀδικῶν
901 2623 995 2676 καὶ
1029 2622 1201 2675 ἕλκων
1235 2623 1315 2684 είς
1342 2621 1712 2692 δικαστήριον,
1749 2623 1841 2677 καὶ
1866 2622 2011 2676 οὔτω

322 2708 758 2779 καταφρονῶμεν
786 2706 895 2761 τῶν
925 2707 1119 2767 ὄντων,
1150 2706 1483 2778 παρέχοντες
1515 2706 1655 2760 αὐτά
1677 2710 1791 2772 τοῖς
1820 2705 2013 2777 δεομιξ⁸

325 2805 456 2852 νοις.
483 2790 591 2843 Καὶ
612 2788 732 2842 οὐδὲ
761 2788 995 2844 ἐνταῦθα
1024 2789 1086 2842 τὸ
1109 2788 1230 2842 ὅλον
1255 2789 1518 2855 τέθεικεν,
1547 2788 1681 2842 ἀλλά
1706 2791 1797 2843 καὶ
1823 2789 2013 2843 ἐνταῦ-

325 2887 394 2924 τα
422 2871 629 2943 ἡρέμα,
660 2871 1056 2941 καίτοιγετοὺς
1082 2870 1300 2941 ἀγῶνας
1330 2872 1458 2934 τοὺς
1479 2873 1607 2943 περὶ
1633 2872 1840 2928 τούτων
1874 2873 2013 2945 μετὰ

327 2953 530 3026 πολλῆς
549 2956 608 3007 ἐν
630 2957 695 3026 τῇ
723 2956 916 3026 ἐρήμῳ
947 2955 1046 3027 τῆς
1075 2953 1381 3024 ὑπερϐολῆς
1406 2954 1834 3027 ἐπιδειξάμενος.
1869 2956 2007 3009 Ἀλλ’

325 3036 477 3108 ὅμως
499 3038 561 3091 ού
595 3037 774 3109 τίθησι
805 3037 986 3102 τοῦτο,
1012 3037 1133 3091 οὐδὲ
1159 3037 1241 3101 είς
1269 3037 1437 3108 μέσον
1472 3038 1616 3107 ἄγει·
1653 3038 1867 3093 οὐδέπω
1899 3041 2009 3111 γὰρ

327 3119 635 3190 ἐκκαλύψαι
679 3120 869 3191 καιρὸς
910 3116 999 3192 ἦν·
1043 3119 1179 3175 ἀλλὰ
1225 3120 1519 3190 λογισμοὺς
1557 3121 1803 3187 ἐξετάζει
1848 3124 2008 3188 τέως,

328 3203 635 3274 συμϐούλου
670 3204 871 3275 μᾶλλον
913 3204 947 3275 ἢ
989 3204 1281 3276 νομοθέτου
1312 3204 1465 3271 τάξιν
1501 3207 1560 3258 ἐν
1585 3208 1697 3271 τοῖς
1728 3207 1860 3278 περὶ
1887 3207 2011 3262 τού-

325 3303 437 3339 των
465 3285 750 3356 φυλάττων
782 3285 982 3355 λόγοις.
1014 3285 1198 3343 Είπὼν
1224 3288 1353 3360 7&9,
1382 3287 1476 3357 Μὴ
1505 3288 1885 3357 θησαυρίζετε
1908 3291 2009 3346 ἐπὶ

325 3367 440 3436 τῆς
461 3367 595 3439 γῆς,
622 3370 925 3440 ἐπήγαγεν·
960 3368 1147 3427 Ὅπου
1170 3370 1292 3441 σὴς
1324 3371 1421 3424 καί
1448 3369 1683 3440 ,βρῶσις
1719 3372 2007 3443 ἀφανίζει,

327 3450 428 3505 καὶ
456 3451 611 3506 ὅπου
648 3451 898 3506 κλέπται
932 3451 1312 3522 διορύττουσι
1352 3454 1450 3508 καὶ
1474 3455 1825 3511 κλέπτουσι.
1860 3456 2011 3522 Τέως

327 3534 565 3589 δείκνυσι
587 3534 681 3590 τοῦ
708 3535 942 3591 ἐνταῦθα
968 3538 1244 3608 θησαυροῦ
1273 3539 1371 3610 τὴν
1397 3537 1625 3609 βλάϐην,
1650 3542 1744 3593 καὶ
1772 3539 1867 3594 τοῦ
1884 3542 2013 3594 ’ἐκεῖ

327 3618 427 3688 τὴν
454 3618 741 3688 ὠφέλειαν,
777 3622 872 3674 καὶ
895 3621 1002 3674 ἀπὸ
1031 3620 1123 3674 τοῦ
1154 3621 1342 3685 τόπου,
1375 3621 1466 3674 καὶ
1491 3621 1598 3675 ἀπὸ
1619 3620 1728 3675 τῶν
1755 3621 2010 3694 λυμαινο-

333 3704 510 3774 μέιων
544 3703 611 3757 ⁸⁸.
650 3706 759 3757 Καὶ
797 3704 920 3758 οὐδὲ
962 3705 1123 3777 μέχρι
1161 3705 1354 3760 τούτου
1394 3706 1440 3738 ὀ
1473 3706 1708 3770 ἵσταται,
1745 3707 1880 3761 ἀλλά
1920 3709 2012 3763 καὶ

329 3787 518 3859 ἕτερον
564 3788 757 3855 ἐπάγει
790 3788 1071 3859 λογισμόν.
1110 3790 1220 3843 Καὶ
1262 3789 1500 3861 πρῶτον,
1536 3789 1630 3860 ἀφ’
1665 3783 2013 3862 ὧνῦμάλιστα

329 3867 651 3934 δεδοίκασιν,
693 3870 804 3923 ἀπὸ
847 3870 1053 3924 τούτων
1093 3871 1290 3934 αὐτοὺς
1317 3872 1636 3943 προτρέπει.
1685 3872 1750 3924 Τί
1791 3872 1900 3944 γάρ
1929 3874 2015 3926 δέ-

330 3952 548 4017 δοικας;
572 3952 724 4023 φησί·
758 3953 834 4025 μὴ
858 3953 1108 4025 ἀναλωθῇ
1136 3955 1205 4008 τὰ
1225 3956 1506 4026 χρήματα,
1524 3956 1621 4009 ἐὰν
1643 3955 2013 4027 ἐλεημοσύνην

330 4034 438 4106 δῷς
462 4051 476 4102 ;
503 4034 711 4089 Οὐκοῦν
735 4035 823 4099 δὸς
852 4035 1243 4109 ἐλεημρσύνην,
1272 4038 1368 4090 καὶ
1398 4037 1520 4090 τότε
1542 4040 1643 4092 οὐκ
1666 4039 2014 4110 ἀναλωθήσε-

330 4135 441 4172 ται·
471 4118 567 4173 καὶ
608 4118 669 4172 τὸ
697 4118 763 4189 δὴ
800 4120 1006 4188 μεῖζον,
1044 4121 1124 4174 ὅτι
1159 4122 1220 4175 οὐ
1256 4121 1414 4193 μόνον
1446 4121 1545 4174 οὐκ
1583 4121 2010 4193 ἀναλωθήσεται,

330 4202 446 4254 ἀλλ’
475 4202 559 4256 ὅτι
591 4203 686 4257 καὶ
716 4202 1034 4275 προσθήκην
1065 4202 1292 4274 λήψεται
1324 4202 1565 4255 πλείονα·
1599 4205 1691 4257 καὶ
1723 4202 1832 4277 γὰρ
1857 4204 1926 4258 τά
1952 4208 2010 4259 ἐν

330 4287 443 4350 τοῖς
481 4286 730 4358 οὐρανοῖς
777 4286 1146 4357 προστίθεται.
1195 4286 1356 4340 ’Λλλά
1391 4285 1530 4349 τέως
1573 4286 1703 4341 αὐτὸ
1738 4289 1799 4342 οὐ
1838 4288 2006 4358 λέγει,

330 4368 447 4423 ἀλλ’
474 4368 705 4443 ’ὕστερον
728 4369 861 4424 αὐτὸ
888 4369 1091 4442 τίθησι.

401 4458 470 4520 7’.
513 4453 662 4518 Τέως
706 4453 765 4506 δὲ
808 4453 837 4506 δ
889 4454 1120 4524 μάλιστα
1162 4452 1357 4519 αὐτοὺς
1405 4454 1710 4527 προτρέψαι
1754 4455 2006 4527 ἠδύνατο.

329 4534 490 4589 τοῦτο
535 4538 615 4600 είς
662 4536 826 4608 μέσον
859 4536 1001 4604 ἄγει,
1046 4535 1107 4589 τδ
1150 4536 1331 4608 μένειν
1378 4537 1650 4591 ἀνάλωτον
1691 4538 1871 4601 αὐτοῖς
1918 4541 2009 4595 τὸν

333 4619 623 4691 θησαυρὸν,
664 4620 758 4673 καὶ
789 4618 1127 4689 ἑκατέρωθεν
1167 4621 1364 4683 αὐτοὺς
1394 4620 1700 4689 ἐφέλκεται.
1741 4622 1874 4674 Οὐδὲ
1900 4625 2009 4694 7&9

331 4697 508 4767 εἶπεν,
536 4703 618 4755 ὃτι
653 4701 781 4755 Ἐάν
812 4700 917 4771 δῷς
947 4702 1338 4772 ἐλεημοσύνην,
1372 4707 1616 4774 τηρεῖται
1652 4706 1833 4775 μόνον,
1873 4708 2010 4763 ἀλλά
2098 4716 2105 4717 “

331 4785 511 4839 καὶτὸ
535 4784 776 4839 ἐναντίον
798 4784 1115 4855 ἠπείλησεν,
1132 4784 1217 4838 ὅτι
1245 4787 1340 4839 καὶ
1374 4787 1497 4840 Ἐάν
1528 4786 1603 4859 μὴ
1629 4787 1754 4860 δῷς,
1777 4792 2010 4845 ἀπόλλυ-

331 4886 445 4924 ται.
484 4869 596 4923 Καὶ
642 4870 746 4943 δρα
776 4868 875 4940 τὴν
902 4869 1108 4938 ἄφατον
1136 4869 1371 4926 σύνεσιν.
1403 4873 1540 4927 Οὐδὲ
1581 4875 1691 4947 γάρ
1723 4871 1894 4944 εἶπεν,
1926 4879 2008 4933 ὃτι

331 4954 444 5009 Καὶ
472 4954 682 5026 ἐτέροις
721 4954 861 5009 αὐτά
888 4954 1346 5025 καταλιμπάνεις·
1379 4957 1503 5012 ἐπεὶ
1530 4961 1625 5014 καὶ
1650 4961 1808 5016 τοῦτο
1831 4963 1876 4995 ⁹¹
1906 4964 2007 5035 ἡδὺ

329 5041 442 5104 τοῖς
467 5039 794 5112 ἀνθρώποις·
836 5039 949 5094 ἀλλ’
983 5040 1134 5112 ὅμως
1164 5041 1428 5112 ἑτέρωθεν
1462 5044 1659 5110 αὐτοὺς
1692 5049 1868 5116 φοϐεῖ,
1902 5050 2013 5103 δει·

331 5123 464 5185 κνὺς
492 5124 575 5178 δτι
606 5124 728 5181 οὐδέ
754 5123 944 5179 τούτου
976 5124 1323 5196 τυγχάνουσι·
1358 5125 1459 5181 κᾶν
1485 5130 1592 5203 7&9
1620 5130 1898 5204 ἄνθρωποι
1932 5134 2008 5204 μὴ

330 5204 683 5276 ἀδικήσωσιν,
730 5208 869 5261 είσὶν
907 5210 957 5263 οί
997 5208 1311 5273 ἀδικοῦντες
1359 5212 1596 5277 πάντως,
1641 5215 1670 5267 ὁ
1715 5216 1814 5287 σὴς
1849 5218 1940 5269 καὶ
1975 5217 2008 5287 η

331 5289 554 5361 βρῶσις.
582 5292 645 5345 El
674 5293 785 5366 7&9
813 5292 908 5348 καλ⁵
934 5294 1139 5367 σφόδρα
1166 5295 1437 5361 εὐάλωτος
1456 5293 1597 5352 εἶναι
1625 5299 1774 5354 δοκεῖ
1800 5298 1938 5370 αὕτη
1972 5303 2006 5373 η

2103 964 2269 1035 μηδὲν
2300 963 2506 1018 τούτων
2535 963 2785 1034 γένηται,
2812 961 3000 1030 φησὶν,
3032 959 3092 1013 ού
3122 957 3324 1030 μικρὰν
3351 958 3631 1027 ὐποστήσῃ
3658 955 3789 1024 βλάο

2100 1048 2224 1118 ϐην,
2254 1048 2369 1109 τοῖς
2398 1046 2551 1099 κάτω
2582 1044 3026 1116 προσηλωμένος,
3060 1044 3154 1096 καὶ
3197 1041 3384 1105 δοῦλος
3423 1041 3540 1094 ἀντ’
3568 1038 3790 1092 ἐλευθέ-

2102 1143 2198 1197 ρου
2228 1128 2533 1198 γινόμενος,
2565 1128 2660 1182 καὶ
2685 1127 2794 1180 τῶν
2824 1127 3094 1198 οὐρανίων
3120 1126 3167 1158 ⁸³
3200 1125 3504 1189 ἐκπίπτων,
3549 1124 3646 1177 καὶ
3677 1141 3791 1195 μη·

2099 1210 2187 1265 δέν
2219 1210 2328 1264 τῶν
2360 1210 2580 1282 ὑψηλῶν
2622 1211 2874 1281 ἐννοῆσαι
2912 1210 3231 1278 δυνάμενος,
3262 1206 3400 1261 ἀλλὰ
3435 1207 3613 1261 πάντα
3648 1208 3790 1279 χρήσ-

2105 1311 2253 1366 ματα
2286 1295 2384 1349 καὶ
2423 1297 2616 1358 τόκους
2644 1295 2740 1350 καὶ
2773 1294 3111 1363 δανείσματα
3148 1292 3243 1346 καὶ
3284 1290 3448 1363 κέρδη
3475 1292 3570 1344 καὶ
3606 1307 3795 1360 καπη-

2102 1376 2256 1439 λείας
2307 1377 2714 1448 ἀνελευθέρους·
2755 1371 2816 1432 οὐ
2848 1376 2900 1429 τί
2935 1376 3130 1449 γένοιτ’
3174 1377 3241 1429 ἂν
3283 1372 3646 1445 άθλιὼτερονς
3680 1375 3794 1428 Καὶ

2100 1461 2210 1532 γάρ
2242 1459 2290 1493 ⁸⁵
2322 1460 2657 1531 ἀνδραπόδου
2703 1460 2904 1523 παντὸς
2945 1461 2973 1512 ὁ
3019 1457 3259 1521 τοιοῦτος
3301 1457 3632 1512 διακείσεται
3675 1460 3795 1527 χεῖ-

2105 1560 2219 1616 ρον,
2235 1543 2527 1614 τυραννίδα
2543 1542 2932 1614 χαλεπωτάτην
2950 1540 3352 1611 ἐπισπώμενος,
3376 1540 3471 1593 καὶ
3490 1539 3551 1592 τὸ
3572 1541 3796 1593 πάντων

2105 1626 2468 1698 καιριώτατον
2486 1616 2738 1699 προδοὺς,
2755 1629 2852 1696 τὴν
2872 1627 3149 1695 εὐγένειαν
3163 1624 3258 1678 τοῦ
3275 1624 3562 1695 ἀνθρώπου
3583 1625 3682 1677 καί
3694 1624 3797 1693 τὴν

2105 1709 2442 1780 ἐλευθερίαν.
2467 1710 2608 1763 Ὅσα
2633 1699 2827 1781 γὰρ’άν
2857 1709 2938 1772 τίς
2959 1726 3039 1763 σοι
3064 1707 3400 1778 διαλέγηται,
3425 1707 3526 1776 τῆς
3553 1706 3797 1768 διανοίας

2107 1792 2541 1865 προσηλωμένης
2561 1796 2675 1856 τοῖς
2698 1794 2994 1863 χρήμασιν,
3019 1791 3168 1846 οὐδὲν
3192 1788 3427 1845 ἀκοῦσαι
3448 1789 3663 1862 δυνήσῃ
3681 1787 3797 1842 τῶν

2109 1893 2191 1929 σοι
2220 1876 2623 1948 προσηκόντων·
2654 1875 2772 1930 ἀλλ’
2796 1875 2986 1947 ὥσπερ
3005 1874 3151 1928 κύων
3180 1875 3337 1945 τάφῳ
3361 1873 3409 1906 ⁸⁸
3432 1870 3799 1945 προσδεδεμέ-

2107 1976 2195 2025 νος
2217 1961 2435 2030 ἀπάσης
2462 1958 2702 2024 ἁλύσεως
2729 1957 3105 2030 χαλεπώτερον
3131 1961 3199 2031 τῇ
3230 1958 3340 2012 τῶν
3363 1957 3674 2030 χρημάτων
3701 1973 3799 2008 τυ-

2110 2043 2337 2116 ραννίδι,
2369 2043 2514 2097 κατά
2540 2043 2651 2096 τῶν
2680 2043 3012 2115 προσιόντων
3036 2042 3292 2096 ἀπάντων
3317 2042 3585 2108 ὑλακτῶν,
3613 2040 3677 2094 ἐν
3700 2041 3797 2113 ἑρ-

2109 2144 2205 2197 γον
2233 2125 2393 2179 τοῦτο
2426 2124 2570 2197 ἔχεις
2601 2124 2867 2197 διηνεκὲς,
2896 2125 2959 2179 τὸ
2983 2127 3172 2197 τηρεῖν
3202 2125 3411 2196 ἐτέροις
3436 2125 3507 2179 τά
3534 2123 3793 2195 κείμενα·
3862 2142 3875 2156 ·

2109 2205 2172 2265 οὐ
2216 2208 2270 2263 τί
2306 2208 2501 2279 γένοιτ’
2529 2208 2596 2263 ἂν
2628 2206 2988 2281 ἀθλιώτερονς
3035 2207 3172 2262 Ἀλλ’
3205 2209 3357 2278 ὅμως
3392 2207 3583 2278 ἐπειδὴ
3630 2205 3799 2260 τοῦτο

2108 2293 2441 2365 ὑψηλότερον
2469 2287 2538 2363 ἦν
2557 2290 2658 2362 τῆς
2681 2291 2790 2345 τῶν
2821 2290 3186 2363 ἀκροωμένων
3210 2290 3466 2354 διανοίας·
3490 2290 3585 2344 καὶ
3608 2287 3739 2344 οὐτε
3763 2290 3797 2358 ἡ

2113 2379 2287 2451 βλάϐη
2324 2375 2490 2431 αὐτοῦ
2531 2379 2642 2439 τοῖς
2681 2375 2897 2440 πολλοῖς
2934 2374 3284 2441 εὐσύνοπτος,
3322 2374 3449 2429 οὐτε
3485 2375 3549 2428 τὸ
3603 2372 3800 2446 κέρδος

2112 2462 2367 2536 φανερὸν,
2402 2460 2539 2515 ἀλλά
2560 2459 2999 2532 φιλοσοφωτέρας
3025 2459 3195 2514 ἐδεῖτο
3219 2458 3465 2531 γνώμης,
3494 2458 3638 2513 ὥστε
3665 2458 3801 2513 ἐκά-

2110 2564 2246 2620 τερα
2288 2546 2463 2600 ταῦτα
2497 2544 2747 2598 συνιδεῖν·
2782 2543 2996 2598 τέθεικε
3038 2544 3137 2615 μέν
3171 2544 3303 2598 αὐτὸ
3348 2546 3465 2615 μετ’
3495 2545 3682 2597 ἐκεῖνα
3730 2542 3801 2596 τὰ

2110 2631 2266 2703 δῆλα,
2298 2628 2486 2684 εἰπών·
2528 2628 2714 2683 Ὅπου
2754 2631 2788 2682 ὁ
2818 2628 3125 2697 θησαυρὸς
3166 2629 3273 2684 τοῦ
3293 2627 3628 2698 ἀνθρώπου,
3671 2626 3800 2681 ἐκεῖ

2114 2715 2212 2769 καὶ
2236 2714 2276 2782 ἡ
2306 2712 2518 2782 καρδία
2539 2710 2749 2765 αὐτοῦ·
2788 2713 2931 2764 ποιεῖ
2952 2713 3009 2765 δὲ
3029 2712 3161 2765 αὐτὸ
3180 2713 3227 2744 ⁹⁶
3254 2712 3586 2783 σαφέστερον
3606 2709 3796 2773 πάλιν,

2114 2797 2222 2851 ἀπὸ
2254 2796 2364 2851 τῶν
2389 2796 2595 2867 νοητῶν
2629 2796 2722 2849 ἐπὶ
2753 2794 2820 2849 τά
2856 2795 3094 2867 αἰσθητά
3122 2795 3335 2865 ἐξάγων
3361 2795 3455 2849 τὸν
3486 2793 3667 2865 λόγον,
3703 2795 3799 2847 καὶ

2117 2881 2311 2949 λέγων·
2358 2881 2411 2933 '0
2438 2883 2670 2950 λύχνος
2690 2879 2795 2934 τοῦ
2822 2878 3099 2949 σώματός
3118 2879 3291 2934 ἐστιν
3315 2880 3349 2934 ὸ
3374 2877 3707 2948 ὀφθαλμός.
3733 2878 3797 2930 Ὀ

2110 2966 2167 3020 δέ
2192 2966 2362 3034 λέγει,
2392 2964 2632 3018 τοιοῦτόν
2659 2968 2794 3018 ἐστι·
2817 2964 2910 3035 Μὴ
2937 2963 3245 3035 κατορύξῃς
3267 2963 3490 3035 χρυσίον
3513 2965 3572 3016 ἐν
3599 2963 3670 3033 τῇ
3699 2964 3794 3033 γῇ.

2115 3049 2249 3118 μηδέ
2280 3048 2410 3104 ἄλλο
2453 3067 2507 3101 τι
2541 3048 2649 3103 τῶν
2681 3048 2939 3102 τοιούτων
2974 3048 3160 3118 μηδέν·
3202 3047 3281 3118 τῷ
3311 3047 3422 3119 7&9
3453 3048 3577 3119 σητὶ
3603 3046 3705 3101 καὶ
3731 3048 3796 3117 τῇ

2114 3131 2316 3205 βρώσει
2369 3132 2466 3187 καὶ
2512 3133 2626 3194 τοῖς
2660 3131 2921 3196 κλέπταις
2955 3131 3096 3185 αύτά
3129 3131 3404 3199 συνάγεις.
3452 3129 3580 3184 Ἐἀν
3604 3129 3665 3184 δὲ
3702 3130 3799 3183 καὶ

2112 3216 2315 3279 ταύτας
2337 3214 2607 3287 διαφύγῃς
2631 3215 2730 3277 τὰς
2749 3214 2972 3285 βλάϐας,
2993 3214 3053 3266 τὸ
3083 3212 3415 3283 δουλωθῆναί
3434 3230 3526 3267 σου
3541 3212 3640 3285 τὴν
3662 3227 3799 3281 παρ⁴

2111 3299 2250 3364 δίαν,
2278 3299 2375 3354 καὶ
2404 3298 2825 3371 προσηλωθῆναι
2852 3300 2963 3361 τοῖς
2989 3296 3141 3351 κάτω
3176 3299 3364 3357 πᾶσιν.
3413 3297 3476 3349 οὐ
3509 3296 3796 3369 διαφεύξῃ·

2114 3384 2309 3437 Ὅπου
2346 3382 2454 3452 γὰρ
2480 3382 2559 3438 ἂν
2583 3378 2626 3456 ᾖ
2655 3386 2687 3438 ό
2713 3382 3040 3450 θησαιρὸς,
3069 3380 3196 3435 ἐκεῖ
3219 3379 3317 3434 καί
3347 3381 3385 3449 ἡ
3411 3379 3623 3448 καρδία
3652 3396 3796 3438 σου.

2116 3467 2325 3539 Ὥσπερ
2356 3462 2450 3521 οὖν
2471 3469 2552 3532 είς
2578 3467 2671 3521 τὸν
2699 3466 2926 3536 οὐρανὸν
2958 3465 3370 3536 άποτιθέμενος,
3396 3465 3457 3519 οὐ
3478 3464 3637 3517 τοῦτο
3664 3482 3797 3536 καρο

2114 3548 2313 3603 ποῦσαι
2340 3549 2384 3581 ⁸⁷
2425 3549 2605 3619 μόνον,
2654 3548 2717 3603 τὸ
2759 3550 2939 3618 τυχεῖν
2979 3548 3086 3601 τῶν
3129 3549 3222 3602 ἐπὶ
3268 3546 3479 3611 τούτοις
3521 3546 3795 3612 ἐπάθλων,

2114 3632 2231 3685 ἀλλ’
2267 3630 2518 3686 ἐντεῦθεν
2559 3632 2661 3704 ἢδη
2688 3631 2779 3685 τὸν
2816 3631 3008 3702 μισθὸν
3040 3630 3358 3702 λαμϐάνεις,
3386 3632 3505 3685 ἐκεῖ
3531 3630 3797 3702 μεθορμί-

2114 3717 2363 3788 ζόμενος,
2402 3718 2497 3770 καὶ
2534 3717 2602 3770 τά
2638 3719 2756 3771 ἐκεῖ
2797 3715 3031 3787 φρονῶν,
3068 3708 3330 3788 καὶύπέρ
3357 3715 3466 3769 τῶν
3493 3717 3614 3769 ἐκεῖ
3638 3733 3797 3788 μεριο

2117 3801 2285 3873 μνῶν·
2330 3801 2463 3854 ὅπου
2491 3800 2600 3873 7&9
2625 3800 2830 3854 ἀπέθου
2863 3800 2955 3853 τὸν
2997 3799 3288 3871 θησαυρὸν,
3320 3797 3540 3869 εὔδηλον
3572 3799 3658 3851 ὅτι
3703 3799 3797 3853 καὶ

2115 3884 2214 3955 τὴν
2255 3883 2496 3937 διάνοιαν
2543 3881 2857 3953 μετατίθης.
2899 3882 3088 3947 Οὕτως
3135 3880 3202 3936 ἂν
3249 3881 3344 3935 ἐπὶ
3372 3883 3471 3953 τῆς
3499 3880 3605 3950 γῆς
3635 3881 3797 3935 τοῦτο

2116 3968 2368 4039 ποιήσῃς,
2391 3968 2651 4022 τάναντία
2673 3967 2857 4039 πείσῃ.
2889 3968 2953 4021 ΕΞ
2974 3965 3031 4019 δέ
3056 3966 3268 4035 ἀσαφές
3296 3982 3377 4019 σοι
3401 3964 3462 4019 τὸ
3481 3965 3600 4036 είρη
3609 3965 3794 4035 μένον,

2114 4051 2346 4106 ἄκουσον
2385 4050 2494 4106 τῶν
2536 4051 2686 4123 ἐεῆς·
2723 4050 2776 4103 Ὀ
2816 4050 3048 4118 λύχνος
3091 4050 3197 4104 τοῦ
3240 4046 3514 4119 σώματός
3544 4049 3720 4102 ἐστιν
3762 4052 3796 4104 ὁ

2115 4136 2443 4206 ὀφθαλμός.
2505 4136 2648 4190 Ἐὰν
2693 4129 2807 4189 οὖν
2858 4138 2890 4189 ό
2931 4134 3236 4203 ὀφθαλμός
3295 4148 3411 4187 σου
3456 4132 3695 4200 ἁπλοῦς
3730 4129 3794 4204 ᾗ,

2115 4215 2266 4273 ὅλον
2301 4218 2366 4272 τὸ
2399 4216 2570 4289 σῶμά
2600 4233 2719 4272 σου
2747 4216 3038 4287 φωτεινόν
3061 4206 3252 4272 ἔσται·
3286 4217 3395 4272 ἐὰν
3414 4214 3482 4269 δὲ
3506 4218 3538 4270 ό
3571 4216 3797 4285 ὀφθαλ-

2108 4304 2227 4371 μός
2258 4319 2375 4357 σου
2415 4302 2678 4371 πονηρὸς
2717 4296 2780 4372 ᾗ,
2820 4300 2967 4357 ὅλον
3006 4302 3069 4354 τὸ
3110 4298 3283 4369 σῶμά
3315 4316 3434 4355 σου
3476 4299 3796 4353 σκοτεινὸν

2115 4383 2307 4441 ἔσται.
2346 4386 2419 4440 Et
2454 4384 2523 4438 δὲ
2569 4386 2633 4438 τὸ
2671 4385 2719 4417 ⁹⁸
2751 4383 2878 4454 φῶς
2927 4383 2992 4439 τὸ
3033 4384 3103 4439 ἐν
3145 4383 3244 4437 σοί
3280 4383 3500 4446 σκότος
3534 4381 3689 4444 ἐστὶ,
3728 4381 3793 4435 τὸ

2116 4469 2338 4535 σκότος
2373 4468 2589 4522 πόσον.
2629 4466 2780 4540 [ἳθύ]
2820 4467 2943 4521 Ἐπὶ
2993 4467 3059 4522 τά
3098 4465 3458 4538 αίσθητότερα
3486 4465 3673 4533 ἐξάγει
3702 4464 3796 4518 τὸν

2116 4550 2294 4621 λόγον.
2336 4552 2556 4624 Ἐπειδὴ
2588 4554 2698 4624 γὰρ
2737 4551 3111 4623 ἐμνημόνευσε
3151 4549 3247 4603 τοῦ
3283 4549 3399 4612 νοῦ,
3428 4549 3505 4612 ὡς
3533 4547 3799 4602 καταδω-

2114 4632 2375 4705 λουμένου
2412 4636 2508 4690 καὶ
2543 4633 3101 4706 αἰχμαλωτιζομένου,
3132 4632 3293 4687 τοῦτο
3319 4632 3378 4687 δέ
3410 4633 3472 4686 ού
3504 4631 3719 4696 πολλοῖς
3746 4633 3793 4665 ⁸⁸

2114 4718 2444 4773 εὐσύνοπτον
2477 4715 2567 4791 ἦν,
2609 4720 2702 4773 ἐπὶ
2727 4717 2799 4773 τά
2824 4719 2930 4784 ἔξω
2954 4719 3050 4773 καὶ
3079 4718 3184 4791 πρὸ
3215 4718 3323 4773 τῶν
3354 4716 3651 4786 ὀφθαλμῶν
3680 4716 3791 4770 κείο

2118 4822 2255 4875 μενα
2283 4804 2381 4877 τὴν
2405 4803 2755 4857 διδασκαλίαν
2787 4803 3161 4874 μετατίθησιν,
3192 4803 3278 4856 ἵνα
3311 4801 3420 4856 ἀπὸ
3459 4800 3667 4855 τούτων
3699 4802 3789 4853 καὶ

2115 4887 2243 4958 περὶ
2270 4886 2494 4940 ἐκείνων
2523 4887 2807 4958 νοήσωσιν.
2841 4887 2904 4940 Εἰ
2930 4884 3039 4959 γὰρ
3073 4885 3147 4958 μὴ
3177 4881 3356 4949 οἶσθα,
3389 4883 3544 4955 φησὶ.
3576 4882 3631 4937 τί
3661 4882 3788 4936 ποτέ

2117 4972 2234 5024 ἐστι
2263 4970 2433 5042 βλάϐη
2455 4969 2568 5036 νοῦ,
2596 4970 2704 5024 ἀπὸ
2724 4968 2831 5023 τῶν
2856 4968 3182 5040 σωματικῶν
3204 4967 3363 5022 τοῦτο
3383 4965 3786 5038 καταμάνθανε·

2114 5056 2253 5127 ὅπερ
2273 5056 2381 5124 γάρ
2407 5057 2552 5108 ἐστιν
2569 5054 2599 5106 ὁ
2624 5054 2641 5086 ⁸
2663 5053 2938 5124 ὀφθαλμὸς
2956 5051 3035 5124 τῷ
3068 5051 3299 5124 σώματι,
3330 5051 3486 5105 τοῦτο
3514 5052 3542 5103 ό
3570 5048 3696 5113 νοῦς
3725 5052 3788 5120 τῇ

2114 5136 2285 5209 ψυχῇ.
2312 5137 2525 5208 ’Ὠσπερ
2553 5132 2647 5190 οὖν
2675 5137 2776 5190 οὐκ
2801 5136 2867 5190 ἂν
2895 5135 3037 5190 ἕλοιο
3063 5137 3439 5207 χρυσοφορεῖν,
3464 5133 3561 5187 καὶ
3592 5135 3793 5203 σηρικά

2117 5220 2544 5292 περιϐεϐλῆσθαι
2572 5220 2781 5292 ίμάτια,
2809 5221 2904 5275 καὶ
2930 5218 3292 5291 πεπηρῶσθαί
3328 5235 3422 5272 σου
3452 5217 3578 5279 τοὺς
3593 5214 3794 5290 ρφθαλ-

2120 5304 2275 5375 μούς,
2300 5304 2434 5359 ἀλλά
2460 5300 2559 5375 τὴν
2588 5304 2777 5374 ὑγείαν
2800 5303 2898 5375 τὴν
2922 5303 3127 5360 τούτων
3156 5303 3374 5373 ἀπάσης
3409 5301 3512 5373 τῆς
3534 5299 3791 5369 τοιαύτης

402 5471 988 5560 «gem-momen;
1016 5475 1143 5560 δεῖ.
1181 5475 1316 5535 Ben.
1345 5482 1809 5560 cqqlra_codic_u‘n_l
1835 5492 1890 5560 ει
1920 5484 1949 5560 θ

2243 5460 2447 5560 τινές·
2480 5485 2626 5560 θέλει
2652 5485 2790 5560 Edd_.
2865 5483 3129 5560 «319m
3156 5500 3268 5560 om.
3294 5485 3356 5542 Β.
3383 5483 3449 5560 F_.
3526 5481 3790 5560 ”_lupaz-

332 5543 600 5617 νομένων]
626 5543 717 5601 Sic
745 5548 897 5601 Arm.
928 5556 985 5603 et
1025 5549 1269 5619 quinque
1304 5551 1465 5607 codd.
1502 5551 1573 5606 cf.
1617 5569 1669 5620 p.
1703 5553 1802 5608 721
1834 5554 1876 5611 C

336 5617 561 5669 miorum
612 5615 709 5673 Ge.
752 5617 874 5672 Alia
913 5618 1075 5675 lectio
1109 5617 1388 5682 λυομένων
1431 5638 1461 5677 ιι
1503 5621 1708 5679 Savilio
1753 5641 1877 5681 men

2243 5572 2318 5611 ων
2339 5628 2352 5644 ⁸
2371 5555 2434 5613 Ε.
2469 5557 2885 5682 ὑπερεχομένων
2913 5543 3049 5638 Εἷξά.
3095 5557 3159 5613 de
3186 5558 3306 5627 ipsa
3338 5556 3628 5612 eminentia
3654 5543 3790 5621 ῥητ-

2263 5645 2469 5682 τουτων
2504 5628 2563 5682 Β.
2599 5627 2661 5682 D.
2743 5668 2757 5682 .
2835 5629 2879 5662 "
2905 5625 3086 5682 τουτο]
3120 5629 3242 5682 add.
3276 5627 3536 5682 πολλάκις
3569 5625 3633 5681 Α.
3662 5639 3789 5676 non—

336 5615 709 5692 mionmpr.
752 5615 1075 5692 Alia_le¢lib
1098 5615 1388 5692 λυομένων
1431 5638 1461 5677 a

1503 5621 1708 5679 Savilio
1753 5621 2113 5683 memon-aui}:
2139 5621 2153 5630 ’
2189 5628 2235 5660 ⁸⁸
2263 5628 2469 5683 τούτων
2504 5621 2674 5683 Β.Ἰ)ῖ’
2695 5621 2757 5682 F.

2835 5629 2879 5662 ⁹¹
2905 5625 3086 5699 τοῦτο]
3120 5625 3242 5684 add.
3276 5627 3536 5699 πολλάκις
3569 5625 3633 5699 _A.
3662 5639 3789 5676 non—

333 5702 600 5753 nunquam
628 5686 726 5744 Ge.
754 5706 860 5743 non
894 5690 1053 5745 habet.
1079 5686 1233 5747 Arm'.
1311 5693 1362 5724 °'
1389 5693 1610 5766 ἐπινοῇς
1639 5694 1775 5751 Edd.
1852 5699 1880 5730 "

333 5755 445 5802 τὸς]
482 5758 626 5802 In»):
664 5758 701 5802 l2
755 5762 859 5802 VLI,
890 5764 1073 5802 :hlnnl-
1149 5761 1194 5795 9³
1220 5763 1398 5802 e/nnhﬂ
1439 5762 1529 5802 Qin
1566 5765 1640 5802 Mn
1694 5765 1770 5802 Cn
1826 5768 1880 5802 Δ·

2239 5707 2270 5753 ιι
2300 5698 2484 5754 Verss.
2510 5700 2727 5754 codices
2751 5699 3017 5771 οὐρανῶν.
3064 5686 3141 5731 ’νδ
3169 5700 3280 5754 Καὶ
3308 5702 3417 5785 γὰρ
3442 5686 3535 5752 καῖ
3561 5695 3627 5750 Α.
3651 5711 3786 5747 πον-

2239 5771 2259 5802 ι
2325 5770 2365 5802 n
2434 5780 2482 5802 nl
2519 5786 2580 5802 ην
2627 5769 2665 5802 Γ
2764 5768 2813 5799 96
2840 5769 2992 5802 ...Σειρλῖ
3023 5771 3125 5802 ηιιιΙ
3172 5773 3328 5802 oni-ua
3365 5768 3474 5802 ΙιιΙΑ
3576 5767 3621 5799 οἳ
3657 5765 3786 5802 vin.

332 5755 446 5830 τὸς]
482 5758 626 5842 τινδς
660 5758 719 5815 Β.
755 5762 863 5842 τίει.
889 5764 1076 5842 adimi.
1149 5755 1793 5842 ”_‘EA&-(PQJ]“Si(}.'l‘jp:_G_ff
1820 5768 1879 5842 Α]

2240 5770 2386 5824 LD.
2434 5769 2703 5842 ειριξῦ.
2764 5755 2993 5842 ’θἀύτὸ]
3023 5771 3146 5825 add.
3172 5755 3331 5825 τοῦτᾶ
3365 5755 3499 5824 ιηὶιιά.
3576 5767 3623 5842 ξξ
3657 5765 3787 5835 κάρ-

336 5844 517 5882 πωσαι
551 5830 612 5884 C.
636 5829 1003 5903 gap-inﬁmi".
1029 5848 1079 5901 ῃ.
1114 5849 1168 5902 p.
1200 5829 1464 5903 άθλωνΒ.
1513 5834 1570 5887 Ιιί.

331 5912 551 5967 palmes.
632 5901 676 5933 ”
703 5901 935 5975 πολλοῖς]
972 5907 1080 5963 τοῖς
1110 5901 1323 5965 πολλοῖς
1354 5902 1415 5957 ιτ.
1497 5906 1510 5936 ¹
1543 5908 1570 5958 ὁ
1604 5906 1750 5960 dces!
1788 5908 1841 5960 in
1867 5907 2003 5964 Edd.

1648 5836 1694 5867 "
1722 5836 1797 5910 Εί
1816 5834 1910 5910 οὖν
1947 5839 2008 5891 τὸ
2045 5860 2063 5893 ι
2090 5834 2282 5898 ’όιιὶιισε
2308 5854 2440 5896 mss.
2466 5834 2532 5895 ρι’
2559 5839 2730 5894 Savil.
2764 5858 2783 5891 ι
2823 5834 3049 5910 ΜοηιὲῙ.
3087 5842 3147 5896 Εἰ
3175 5842 3195 5896 ι

2238 5857 2282 5898 :s
2308 5854 2440 5896 mss.
2466 5834 2532 5895 ρι’
2559 5839 2730 5894 Savil.
2764 5858 2783 5891 ι
2823 5834 3049 5910 ΜοηιὲῙ.
3087 5842 3147 5896 El
3175 5842 3231 5896 δὲ
3270 5843 3329 5896 τὸ
3363 5842 3463 5896 mei
3497 5848 3549 5893 ει
3578 5836 3785 5906 Μυειιιι.
