3868 6182
154 251 249 306 9.89

150 378 385 419 amorem
418 364 686 431 concitat,
725 372 782 417 ut
821 364 831 393 '
866 363 1052 432 gloria:
1091 362 1385 430 cupiditas.
1414 358 1538 413 Ideo
1564 374 1717 411 nam-

146 469 244 523 que
274 469 567 509 servorum
600 468 792 524 greges
811 492 826 519 ,
856 451 1236 507 cunuchorum
1263 450 1512 520 agmina,
1547 462 1719 517 equos

136 567 290 607 aureo
339 560 533 605 ornatu
582 550 843 620 insignes,
893 556 1176 617 argenteas
1224 558 1459 604 auulsas,
1506 542 1715 606 altaque

136 641 293 712 magis
316 640 541 696 ridenda
568 616 870 709 excogitant
892 616 1137 691 homines
1157 676 1170 699 ,
1198 649 1303 688 non
1338 642 1393 686 ut
1424 616 1716 686 necessita-

136 746 227 789 tem
251 734 529 804 expleant,
556 746 726 801 neque
744 740 800 785 ut
821 729 1087 799 voluptate
1109 726 1371 789 fruantur,
1401 722 1493 778 sed
1518 731 1574 777 ut
1597 723 1715 789 plu-

135 828 273 883 rimis
309 841 433 881 sese
478 833 767 880 ostentent.
821 821 1077 891 Superius
1125 819 1283 889 igitur
1325 826 1525 870 tantum
1577 815 1718 867 dixit

134 918 527 974 miscriCordem
557 932 677 971 esse
706 923 988 985 oportere;
1015 912 1100 965 hic
1121 925 1248 965 vero
1277 908 1427 962 docet
1458 915 1713 976 quantum

134 1013 363 1068 misereri
392 1021 639 1081 oporteat
667 1009 749 1064 his
775 1007 952 1063 verbis
975 1024 983 1059 :
1010 1003 1181 1059 Nolite
1196 1001 1551 1055 thesaurizare.
1582 998 1715 1066 Quia

132 1108 261 1162 enim
286 1121 397 1161 non
437 1106 509 1159 ita
536 1103 690 1159 facile
714 1112 831 1158 erat
869 1100 1017 1155 initio
1046 1098 1346 1152 divitiarum
1382 1103 1717 1162 contemptus

132 1199 419 1253 doctrinam
468 1195 722 1250 inducere
767 1200 984 1264 propter
1025 1191 1128 1243 vim
1176 1187 1383 1250 morbi,
1436 1194 1715 1253 postquam

131 1290 378 1360 paulatim
404 1287 458 1342 id
490 1287 603 1342 vitii
633 1293 938 1341 resecuerat
967 1294 1021 1337 et
1048 1281 1114 1334 ad
1148 1282 1444 1335 libertatem
1474 1278 1716 1331 homines

132 1388 491 1443 revocaverat,
541 1377 594 1431 id
642 1378 693 1430 in
742 1386 976 1431 mentem
1006 1373 1307 1426 auditorum
1340 1370 1611 1430 immittit,
1661 1376 1718 1421 ut

130 1472 225 1542 jam
260 1471 477 1525 facilius
506 1469 787 1538 accipiant.
836 1467 1121 1534 Propterea
1155 1464 1324 1533 primo
1370 1462 1540 1527 dixit,
1572 1459 1717 1512 Beati

132 1562 473 1617 misericordes
500 1559 713 1634 (Matth.
737 1560 789 1614 5.
816 1559 869 1627 7)
894 1574 908 1623 ;
958 1565 1137 1626 postea
1177 1564 1352 1607 autem
1374 1595 1389 1619 ,
1440 1551 1565 1607 Esto
1593 1568 1716 1605 con-

132 1657 337 1709 sentiens
358 1654 651 1708 adversario
668 1662 753 1704 tuo
781 1648 941 1721 (Ibid.
965 1666 1012 1702 Ï….
1033 1648 1269 1725 23.}0);
1291 1646 1504 1710 deinde,
1526 1644 1584 1699 Si
1606 1644 1718 1714 quis

132 1748 331 1801 voluerit
363 1756 525 1799 tecum
539 1743 739 1816 judicio
763 1740 1075 1801 contendere,
1101 1750 1147 1792 et
1176 1738 1399 1790 tunicam
1437 1747 1577 1789 tuam
1616 1735 1719 1787 tol-

135 1841 226 1893 lere
247 1881 261 1901 ,
294 1840 363 1890 da
389 1840 435 1891 ei
474 1846 520 1891 et
562 1836 809 1906 pallium;
840 1833 925 1887 hic
964 1846 1093 1886 vero
1140 1830 1245 1885 illis
1270 1829 1518 1884 omnibus
1547 1826 1719 1896 majus

135 1930 396 2000 quidpiam
446 1929 623 1983 effert.
666 1927 776 1981 lllic
804 1926 945 1980 enim
976 1923 1148 1987 dixit,
1180 1922 1233 1978 Si
1276 1921 1424 1975 litem
1470 1919 1717 1973 intentari

136 2025 324 2091 videas,
358 2024 461 2095 hoc
491 2023 570 2077 fac
600 2042 615 2078 :
645 2021 835 2076 melius
861 2020 1001 2074 enim
1019 2027 1222 2074 estnon
1244 2017 1475 2070 retinere
1499 2024 1552 2068 et
1573 2028 1602 2066 a
1630 2013 1720 2067 lite

139 2119 337 2174 liberari
363 2159 379 2182 ,
408 2134 567 2187 quam
601 2116 833 2171 retinere
854 2121 909 2169 et
936 2113 1163 2181 litigare.
1200 2109 1296 2164 ilic
1324 2123 1449 2162 vero
1476 2121 1576 2161 nec
1623 2106 1715 2159 ad-

141 2213 451 2275 versarium,
495 2224 594 2264 nec
646 2208 737 2262 lite
788 2204 1199 2262 contendentem
1250 2215 1491 2271 ponens,
1550 2213 1722 2267 neque

140 2306 285 2359 alium
304 2303 614 2373 quempiatn
638 2299 865 2354 similem
894 2310 1219 2357 memorans,
1241 2292 1544 2346 divitiarum
1585 2304 1719 2344 con-

140 2406 391 2467 temptum
417 2395 697 2448 dumtaxat
720 2392 894 2453 docet,
925 2387 1214 2443 ostendens
1241 2401 1299 2439 se
1326 2402 1431 2439 non
1464 2393 1569 2437 tam
1604 2397 1723 2451 pro-

142 2499 247 2557 pter
292 2502 390 2541 cos
442 2486 531 2555 qui
585 2501 653 2539 ex
706 2484 930 2537 aliorum
982 2477 1351 2534 misericordia
1394 2477 1719 2535 allevantur,

140 2596 285 2649 qttam
317 2589 540 2648 propter
579 2590 673 2632 eos
700 2574 787 2644 qui
825 2573 1139 2642 largiuntur,
1167 2569 1262 2623 has
1294 2569 1436 2638 leges
1465 2566 1640 2621 ferre:
1668 2575 1725 2618 ut

142 2670 342 2747 etia'msi
389 2684 549 2722 nemo
602 2666 847 2736 injuriam
889 2663 1109 2725 inferat,
1156 2675 1314 2715 nemo
1344 2659 1410 2713 ad
1464 2658 1722 2728 judicium

142 2762 338 2823 trahat.
372 2775 495 2830 qua:
537 2758 737 2812 adsunt
782 2756 915 2810 bona
962 2760 1403 2816 contemnamus,
1435 2750 1724 2820 egenisque

142 2855 424 2907 tradamus.
455 2850 635 2921 Neque
658 2849 745 2903 hic
770 2858 936 2901 totum
960 2842 1240 2900 confertim
1264 2842 1458 2911 posuit,
1482 2840 1572 2894 sed
1598 2856 1725 2909 pau-

145 2950 277 3003 latim
312 2965 325 3000 :
357 2947 461 3001 ctsi
506 2961 633 2999 vero
662 2944 712 2997 in
740 2941 955 2997 deserto
1000 2937 1289 2992 certamina
1323 2936 1417 2989 has
1458 2937 1599 2989 circa
1641 2947 1726 2986 res

146 3058 253 3094 cum
281 3041 329 3092 vi
366 3053 558 3107 magna
582 3033 932 3097 exhibuisset,
957 3039 1191 3083 attamen
1224 3027 1275 3082 id
1308 3041 1412 3080 non
1432 3024 1603 3088 affert,
1635 3038 1727 3077 ue-

142 3151 235 3202 qne
266 3133 317 3184 in
350 3130 590 3185 medium
618 3125 832 3180 adducit
863 3140 877 3175 :
908 3121 1141 3176 nondum
1186 3119 1327 3173 enim
1363 3127 1569 3184 tempus
1614 3123 1730 3167 erat

147 3227 248 3280 haec
274 3224 547 3287 revelare;
577 3220 672 3276 sed
709 3216 985 3275 ratiocinia
1017 3212 1259 3284 quaedam
1292 3212 1508 3271 excutit,
1538 3224 1728 3261 consu-

146 3317 290 3371 lentis
315 3318 502 3387 potius
521 3327 677 3384 quam
706 3309 1023 3381 legislatoris
1044 3320 1238 3361 munus
1253 3304 1460 3357 obiens.
1488 3302 1620 3356 Cum
1650 3299 1730 3351 di-

144 3405 298 3465 xisset
318 3409 464 3464 enim
488 3447 504 3473 ,
534 3405 709 3460 Nolite
736 3403 1080 3456 thesaurizare
1116 3400 1167 3452 in
1190 3408 1322 3450 terra
1345 3438 1361 3463 ,
1404 3394 1674 3461 subjunin
1712 3410 1725 3446 :

147 3502 236 3556 Ubi
268 3517 446 3571 terugo
486 3508 534 3552 et
560 3498 693 3552 tinea
717 3495 1007 3556 demolitur,
1043 3501 1088 3545 et
1124 3489 1207 3543 ubi
1239 3494 1378 3560 [ures
1411 3486 1654 3553 e/Todinnt
1683 3493 1729 3537 et

150 3599 405 3662 furantur.
438 3590 593 3646 Nunc
636 3587 870 3643 ostendit
898 3583 1095 3640 terreni
1145 3580 1381 3639 thesauri
1413 3594 1609 3633 uexant
1632 3617 1647 3643 ,
1677 3583 1733 3630 et

144 3685 364 3738 celestis
396 3684 717 3747 utilitatem,
761 3688 870 3732 tum
900 3692 927 3729 a
962 3676 1112 3738 loco,
1156 3684 1263 3726 tum
1340 3670 1408 3724 ab
1482 3667 1727 3722 adversiâ€”

153 3775 369 3837 tatibus.
446 3772 636 3842 Neque
710 3771 797 3824 hic
838 3767 1057 3839 gradum
1085 3765 1245 3830 sistit,
1275 3763 1368 3819 sed
1398 3761 1540 3815 aliud
1574 3759 1730 3814 indu-

152 3868 215 3921 cit
252 3866 624 3929 ratiocinium;
667 3873 721 3919 et
749 3862 963 3932 quidem
999 3861 1167 3929 primo
1195 3860 1262 3913 ab
1291 3857 1392 3911 illis
1412 3897 1427 3920 ,
1474 3872 1592 3925 qua:
1624 3868 1732 3906 ma.

152 3960 283 4011 xime
319 3959 533 4023 timent,
570 3956 862 4010 cohortaris
889 3954 1029 4006 illos.
1057 3950 1216 4017 Quid,
1247 3949 1433 4021 inquit,
1459 3946 1645 3999 times?
1669 3963 1734 3998 ne

154 4050 478 4105 iusumantur
498 4050 734 4119 pecunia:
762 4048 805 4100 si
830 4045 1041 4100 dederis
1056 4040 1480 4114 cleemosyuam?
1511 4040 1583 4093 Da
1607 4054 1736 4107 ergo

153 4144 577 4214 eleemosynam,
636 4152 690 4195 et
735 4150 859 4194 tunc
907 4153 1013 4192 non
1053 4136 1400 4190 ahsumentur
1441 4152 1452 4186 :
1488 4131 1735 4202 quodque

156 4235 318 4303 majus
346 4244 448 4297 est,
475 4250 580 4288 non
611 4232 770 4287 modo
793 4247 896 4285 non
927 4229 1297 4291 ahsumentur,
1332 4226 1425 4281 sed
1453 4225 1611 4279 etiam
1639 4224 1736 4276 ad-

157 4324 493 4381 ditamentum
537 4328 709 4393 majus
733 4324 1043 4393 accipient:
1089 4321 1287 4375 etenim
1328 4321 1465 4373 bena
1505 4318 1737 4373 crelestia

157 4418 482 4487 adï¬cientur.
522 4418 714 4473 Verum
749 4416 798 4470 id
826 4414 1000 4470 adhuc
1047 4430 1151 4467 non
1197 4412 1344 4477 dicit,
1376 4410 1467 4465 scd
1498 4410 1597 4465 sub
1625 4410 1739 4463 ha-e

160 4510 352 4579 adjicit.

226 4603 277 4656 â€™5.
320 4601 524 4672 Duplici
554 4602 751 4654 ratione
781 4599 1011 4653 Christus
1032 4598 1098 4650 ad
1120 4596 1488 4666 eleentosynam
1509 4594 1736 4647 adducit.

165 4690 393 4746 Pecunia:
412 4709 564 4763 quam
602 4691 802 4761 di/ficile
829 4699 1111 4743 servantur.
1146 4686 1297 4753 Quod
1340 4686 1511 4739 oculus
1541 4684 1742 4754 corpori

162 4797 245 4848 cst,
270 4786 322 4837 id
350 4785 523 4836 anima
551 4780 1058 4836 hominiâ€”Interim
1083 4794 1209 4834 vero
1235 4778 1285 4832 id
1311 4776 1453 4847 quod
1485 4776 1602 4830 illos
1626 4791 1740 4828 ma-

160 4878 296 4932 xime
318 4875 588 4931 cohortari
629 4882 854 4944 poterat,
887 4872 939 4927 in
990 4871 1224 4927 medium
1266 4869 1500 4935 adducit,
1550 4882 1744 4936 nempe

161 4968 461 5023 thesaurum
485 4969 744 5021 intactum
768 4964 988 5026 servari,
1017 4971 1070 5018 et
1094 4962 1341 5031 utrinque
1365 4961 1483 5015 illos
1503 4959 1742 5012 attrahit.

156 5059 265 5114 Non
293 5061 433 5115 enim
457 5059 588 5114 dicit
612 5068 838 5122 tautmn,
863 5056 919 5111 Si
951 5056 1346 5125 cleemosyuam
1401 5051 1706 5120 erogavcris
1727 5091 1741 5113 ,

157 5168 215 5205 ca
253 5162 514 5212 servatur.
573 5150 668 5205 sed
714 5148 1039 5203 contrarium
1089 5146 1486 5199 eouuninatur:
1527 5140 1580 5196 Si
1640 5157 1744 5194 non

159 5248 385 5311 dederis,
422 5246 559 5315 pcrit
587 5245 703 5298 tibi.
748 5244 815 5298 Et
861 5241 982 5296 vide
1024 5239 1341 5294 ineffabilem
1389 5236 1744 5307 prudentiam.

160 5339 270 5395 Non
299 5340 469 5405 dixit,
500 5339 634 5394 Aliis
659 5336 749 5391 illa
779 5334 1019 5391 dimittes
1051 5350 1065 5387 :
1092 5336 1214 5403 quia
1242 5346 1385 5399 smpe
1413 5329 1540 5383 illud
1572 5328 1748 5382 homi-

164 5437 315 5491 nibus
341 5450 506 5490 suave
541 5442 653 5500 est;
686 5441 918 5487 attamen
950 5430 1069 5482 illos
1095 5425 1310 5481 aliunde
1355 5432 1538 5489 terret,
1567 5432 1744 5477 osten-

163 5527 293 5582 dens
320 5527 534 5582 divitias
567 5541 634 5579 ne
665 5523 808 5578 illius
834 5520 1048 5591 quidem
1070 5561 1083 5583 ,
1117 5518 1208 5588 qui
1269 5515 1536 5585 possidet,
1589 5528 1745 5576 esse,

169 5619 285 5677 licet
334 5621 477 5676 enim
527 5616 767 5672 homines
810 5615 874 5669 iis
928 5629 1031 5668 nou
1066 5618 1328 5675 noceant,
1362 5618 1519 5663 erunt
1574 5615 1751 5659 tamen

242 5746 261 5777 â¸
284 5743 395 5792 Sav.
420 5738 547 5790 Ben.
568 5730 681 5783 add.
706 5741 860 5779 ranas.

1059 247 1133 301 Î™Î
1174 240 1589 302 ÎœÎ›Î¤Î¤Î—á¾¹Î–á¼¨Îœ
1628 238 1857 297 HOMIL.
1905 240 2019 295 XX.
2064 244 2129 296 al.

2180 241 2314 299 XXâ€™.
3305 245 3411 300 suo

1824 360 2044 411 omnino
2069 359 2159 428 qui
2177 369 2424 426 noceant,
2454 361 2594 416 tinea
2624 361 2829 417 scilicet
2854 370 2907 415 ct
2931 376 3130 430 :erugo.
3153 362 3412 430 Quamvis

1822 464 1965 504 enim
1987 452 2138 505 vitari
2163 452 2315 506 facile
2339 468 2500 522 posse
2548 454 2793 509 videatur
2821 454 2934 509 hare
2964 455 3247 523 pernicies,
3275 464 3413 509 atta-

1823 556 1946 596 men
1966 541 2390 611 iueXpugnabilis
2408 552 2510 607 est,
2539 559 2640 599 nec
2661 544 2904 612 impediri
2938 553 3129 612 potest;
3160 554 3217 597 et
3243 560 3412 614 quan-

1825 632 2019 685 tumvis
2043 633 2247 703 cogites
2270 649 2378 688 non
2408 635 2611 704 poteris
2637 635 2739 689 hoc
2759 650 2946 689 arcere
2970 635 3244 689 damnum.
3273 635 3410 702 Quid

1823 721 2018 791 igitur?
2044 738 2303 779 anrumne
2332 742 2359 778 a
2392 725 2532 781 tinea
2562 726 2952 795 corrumpitur?
2981 725 3035 781 Si
3061 739 3223 793 nona
3248 727 3411 790 tinea,

1823 830 1852 867 a
1885 815 2088 870 furibus
2108 826 2253 871 certe
2278 826 2599 887 asportatur.
2622 818 2758 886 Quid
2785 818 2956 888 ergo?
2983 833 3051 871 an
3079 833 3265 872 omnes
3291 832 3411 886 spo-

1824 906 1934 960 liati
1964 923 1993 960 a
2020 907 2224 962 furibus
2250 910 2411 962 sunt?
2436 910 2490 964 Si
2520 925 2626 963 non
2657 924 2866 974 omnes,
2911 917 2966 962 at
2996 908 3231 976 plurimi.
3262 907 3413 963 Ideo-

1822 1012 1924 1067 que
1947 998 2092 1053 aliud
2117 998 2184 1053 de
2207 1016 2312 1069 quo
2334 1001 2443 1069 jam
2465 1002 2596 1066 dixi,
2624 1001 2826 1054 inducit
2849 1000 3186 1054 ratiocinium
3203 999 3411 1054 dicens.

1821 1087 1912 1142 22.
1951 1088 2049 1144 Ubi
2074 1091 2600 1176 thesaurus/caminis,
2621 1094 2689 1146 ibi
2716 1103 2762 1146 et
2778 1110 2864 1146 cor
2888 1094 3017 1163 ejus.
3037 1093 3258 1148 Etiamsi
3280 1093 3413 1147 nihil

1823 1178 2016 1236 horum
2046 1182 2275 1248 accidat,
2307 1184 2495 1253 inquit,
2517 1200 2620 1238 non
2648 1200 2832 1253 parum
2862 1184 3093 1254 accipies
3118 1199 3413 1239 nocumen-

1824 1274 1884 1340 ti,
1913 1274 1957 1327 si
1991 1276 2219 1330 terrenis
2251 1275 2442 1331 afï¬xus
2468 1278 2561 1340 sis,
2596 1286 2649 1330 et
2678 1292 2740 1331 ex
2766 1276 2932 1330 libero
2957 1290 3146 1332 servus
3171 1276 3411 1343 effectus,

1822 1365 1933 1417 etsi
1956 1380 2019 1418 ex
2043 1365 2347 1419 cwlestibus
2370 1367 2604 1431 excidas,
2626 1366 2934 1434 nihilqueex
2952 1366 3271 1420 sublimibus
3294 1383 3413 1434 pos-

1822 1455 1897 1508 sis
1942 1457 2197 1525 rogitare,
2228 1457 2327 1512 sed
2376 1459 2631 1528 pecunias
2668 1473 2898 1528 semper,
2931 1474 3140 1521 usuras,
3184 1458 3411 1523 foenera,

1824 1545 1995 1612 lucra,
2019 1549 2716 1618 cauponariasilliherales:
2757 1565 2864 1619 quo
2902 1550 3027 1619 quid
3058 1550 3415 1606 miserabilius

1836 1633 2267 1714 fuerit?Etenim
2301 1650 2448 1707 omni
2480 1662 2638 1705 servo
2659 1645 2911 1701 miserior
2944 1643 3047 1697 erit
3069 1642 3193 1696 talis
3226 1642 3411 1705 homo,

1833 1748 2121 1819 pessimam
2135 1744 2238 1800 sibi
2262 1741 2597 1813 tyrannidem
2610 1751 2898 1792 arcessens
2914 1737 2952 1797 ',
2983 1734 3236 1803 quodque
3258 1730 3416 1785 fune-

1834 1840 1971 1894 stius
1994 1845 2098 1899 est,
2128 1835 2363 1905 prodens
2398 1831 2635 1891 hominis
2659 1828 2994 1882 nobilitatem
3013 1833 3173 1893 atque
3194 1824 3415 1877 libertaâ€”

1834 1940 1962 1984 tem.
1982 1925 2117 1980 Nam
2136 1932 2575 1993 quantacumque
2592 1920 2687 1973 tibi
2705 1917 2974 1977 dicantur,
3007 1914 3051 1967 si
3077 1927 3229 1966 meus
3248 1926 3413 1979 pecu-

1833 2019 1940 2075 niis
1966 2018 2119 2073 affixa
2141 2015 2325 2078 fuerit,
2344 2012 2479 2066 nihil
2497 2012 2591 2065 tibi
2614 2009 2957 2078 profuturum
2977 2004 3165 2059 audire
3182 2003 3412 2072 puteris;

1831 2112 1926 2170 sed
1940 2108 2398 2181 quemadmodum
2420 2104 2570 2159 canis
2588 2103 2643 2156 in
2668 2098 2879 2156 tumulo
2914 2099 3133 2168 ligatus,
3154 2094 3414 2164 pecunia-

1831 2197 1953 2261 iâ€˜um
1973 2202 2257 2275 tyrannide
2273 2199 2491 2270 gravius
2511 2211 2674 2266 quam
2694 2202 2882 2250 catena
2908 2189 3160 2261 quapiam
3178 2185 3417 2241 constri-

1833 2308 1977 2361 ctus,
2000 2302 2144 2349 COllll
2160 2308 2188 2345 a
2207 2290 2468 2344 adeuntes
2493 2298 2543 2341 te
2566 2299 2759 2340 omnes
2776 2280 3096 2343 oblatrabis,
3132 2278 3414 2331 hocumun

1830 2395 2090 2458 perpetuo
2108 2397 2245 2453 opus
2262 2394 2589 2449 exsequens,
2610 2373 2925 2443 utdeposita
2944 2384 3234 2425 conserves
3255 2367 3411 2421 aliis:

1829 2495 1940 2547 quo
1957 2476 2085 2547 quid
2107 2489 2344 2543 unquam
2367 2469 2621 2524 miserius
2641 2465 2849 2520 fuerit?
2874 2465 3125 2518 Attamen
3152 2460 3280 2529 quia
3310 2458 3414 2513 hoc

1831 2569 2115 2625 sublimius
2131 2574 2269 2630 erat,
2293 2578 2453 2632 quam
2482 2571 2539 2615 ut
2554 2564 2734 2629 posset
2750 2558 3060 2610 auditorum
3078 2567 3231 2606 mens
3248 2550 3414 2604 attin-

1828 2675 1974 2730 gere;
1996 2672 2167 2726 ueque
2182 2655 2304 2709 inde
2318 2662 2494 2706 ortum
2513 2651 2769 2705 damnum
2789 2664 2818 2700 a
2836 2645 3021 2698 umltis
3035 2642 3191 2697 facile
3207 2646 3417 2709 poterat

1834 2751 2083 2820 intelligi,
2124 2747 2525 2816 nequeluerum
2552 2758 2615 2797 ex
2645 2749 2959 2807 contemptu
2980 2744 3158 2790 ortum
3184 2731 3411 2802 percipi,

1830 2842 1924 2898 sed
1969 2839 2305 2911 philoSOphia
2330 2851 2467 2904 Opus
2487 2842 2606 2889 erat
2628 2840 2687 2885 ut
2725 2830 2826 2882 hoc
2867 2836 3160 2894 utrumque
3179 2820 3413 2893 perspici

1829 2910 2018 3000 posset
2039 2946 2051 2980 :
2074 2929 2175 2980 hoc
2190 2935 2310 2994 post
2332 2925 2417 2977 illa
2456 2920 2832 2976 manifestiora
2850 2917 3032 2986 posuit
3061 2914 3251 2968 dicens
3276 2931 3288 2966 :
3315 2910 3415 2965 Ubi

1828 2999 1906 3070 est
1936 3014 2214 3067 thesaurus
2231 3010 2478 3076 hominis,
2497 3005 2569 3061 ibi
2584 3016 2659 3061 est
2674 3016 2720 3059 et
2736 3022 2826 3059 cor
2839 3003 2969 3072 ejus.
2991 2999 3123 3054 Illud
3139 2999 3299 3053 etiam
3316 3012 3415 3068 po-

1831 3126 1945 3173 stea
1973 3117 2168 3172 clarius
2197 3115 2360 3169 efficit
2418 3130 2444 3165 a
2485 3111 2851 3182 spiritualibus
2881 3109 2945 3164 ad
2993 3109 3264 3164 seusibilia
3306 3121 3421 3162 ser-

1832 3226 2048 3265 monem
2076 3209 2357 3264 traducens
2402 3208 2485 3261 his
2528 3206 2707 3260 verbis
2740 3204 2866 3260 :22.
2919 3203 3149 3257 Lucerna
3197 3202 3422 3271 corporis

1834 3304 1908 3357 tui
1936 3312 2007 3356 est
2034 3302 2212 3355 oculus
2232 3312 2365 3353 tuus.
2395 3298 2545 3366 Quod
2574 3308 2749 3352 autem
2776 3298 2924 3361 dicit,
2958 3296 3263 3365 hujusmodi
3292 3304 3375 3349 est
3403 3310 3419 3348 :

1833 3394 1912 3450 Ne
1940 3392 2181 3448 defodias
2231 3407 2418 3445 aurum
2448 3390 2499 3444 iu
2550 3399 2712 3455 terra,
2762 3404 2858 3441 nec
2885 3388 3157 3457 quidpiam
3208 3387 3419 3440 simile:

1835 3503 1958 3542 nam
1991 3488 2166 3552 tinem,
2186 3486 2405 3554 :erugini
2429 3493 2481 3537 et
2515 3482 2717 3535 furibus
2742 3482 2853 3533 hare
2870 3495 3181 3549 congregas.
3204 3478 3421 3532 Etiamsi

1835 3595 1964 3633 vero
1995 3577 2111 3632 lucc
2156 3576 2350 3631 damna
2381 3574 2666 3644 effugeris,
2723 3572 2772 3625 id
2822 3582 2996 3625 tamen
3043 3586 3147 3624 non
3179 3570 3421 3639 effugies,

1837 3671 1978 3742 quod
2003 3686 2098 3726 cor
2129 3680 2275 3724 tuum
2310 3671 2360 3723 in
2402 3669 2713 3722 servitutem
2747 3666 3039 3736 redigatur,
3096 3673 3151 3718 et
3202 3664 3426 3718 terrenis

1839 3765 2087 3836 inligatur
2115 3782 2126 3817 :
2156 3763 2254 3819 Ubi
2282 3764 2414 3817 enim
2447 3764 2594 3833 fuerit
2617 3763 2879 3815 thesaurus
2897 3768 3035 3827 tuus,
3062 3758 3131 3812 ibi
3155 3758 3246 3812 erit
3274 3768 3318 3811 et
3340 3773 3428 3810 cor

1841 3866 2001 3910 tuum.
2035 3855 2090 3911 Si
2119 3871 2278 3925 porro
2303 3855 2353 3908 in
2381 3855 2512 3909 caelo
2536 3853 2792 3922 deponas,
2828 3866 2932 3906 non
2967 3850 3108 3904 hunc
3135 3849 3294 3905 modo
3322 3849 3429 3903 fru-

1839 3963 1983 4005 ctum
2008 3950 2262 4020 percipis,
2292 3949 2433 4018 quod
2458 3948 2672 4018 praemia
2700 3964 2793 4016 pro
2813 3946 2895 4000 his
2921 3956 3101 4013 parata
3134 3958 3431 4013 consequa-

1842 4044 1935 4106 ris;
1959 4058 2142 4098 verum
2173 4042 2374 4107 hicjatn
2397 4039 2699 4095 mercedem
2719 4037 2938 4107 accipis,
2972 4035 3112 4106 quod
3142 4036 3232 4090 illo
3259 4044 3404 4090 trans

1844 4135 1983 4188 latus
2029 4134 2125 4197 sis,
2164 4133 2305 4203 quod
2354 4132 2590 4187 czelestia
2640 4132 2814 4201 sapias
2853 4140 2908 4184 et
2937 4129 3003 4183 de
3033 4129 3139 4182 illis
3171 4127 3431 4182 sollicitus

1843 4228 1918 4281 sis
1949 4248 1961 4283 :
1995 4226 2168 4295 palam
2204 4226 2343 4279 enim
2376 4233 2457 4279 cst
2487 4233 2538 4277 te
2571 4224 2661 4277 illo
2691 4223 2926 4275 animum
2959 4220 3315 4285 transtulisse,
3342 4218 3429 4271 ubi

1845 4324 2152 4373 thesaurqu
2171 4317 2485 4388 deposuisti.
2505 4316 2770 4371 Caeterum
2793 4316 2835 4367 si
2857 4316 2906 4368 in
2937 4323 3072 4368 terra
3098 4311 3429 4382 deposueris,

1844 4412 2111 4465 contraria
2141 4409 2459 4479 experieris.
2507 4407 2656 4476 Quod
2691 4408 2732 4459 si
2771 4406 2861 4459 tibi
2892 4405 3001 4473 jam
3032 4405 3171 4458 dicta
3207 4403 3431 4455 obscura

1846 4506 1973 4569 sint,
2005 4502 2126 4556 audi
2154 4504 2454 4572 sequentia.
2488 4500 2721 4554 Lucerna
2764 4500 2990 4569 corporis
3031 4498 3101 4550 tui
3144 4495 3431 4550 estoculus.

1848 4600 1909 4653 Si
1938 4599 2092 4668 igitur
2121 4598 2296 4650 oculus
2318 4606 2434 4649 tuus
2468 4595 2683 4665 simplex
2710 4593 2880 4662 fuerit,
2910 4602 3068 4644 totum
3087 4604 3267 4657 corpus
3292 4598 3434 4639 tuum

1852 4690 2077 4744 Incidunt
2102 4691 2228 4751 erit;
2260 4688 2349 4743 ÎžÎŸ.
2380 4688 2423 4741 si
2453 4704 2565 4741 vero
2590 4687 2764 4740 oculus
2793 4696 2905 4739 tuus
2931 4685 3079 4755 fuerit
3103 4698 3331 4751 nequam,
3356 4690 3434 4732 to-

1850 4795 1955 4837 tum
1985 4800 2168 4853 corpus
2193 4793 2329 4836 tuum
2354 4783 2667 4835 tenebrosum
2691 4784 2803 4834 erit.
2834 4779 2894 4833 Si
2934 4793 3049 4845 ergo
3077 4776 3262 4838 lumen,
3302 4773 3435 4844 quod

1849 4877 1903 4931 in
1933 4886 1979 4930 te
2004 4885 2097 4941 est,
2126 4874 2339 4928 tenebra:
2357 4884 2474 4939 sint,
2504 4875 2629 4942 ipsa:
2650 4871 2862 4925 tenebrae
2905 4878 3107 4939 quantm
3143 4864 3327 4919 erunt?
3354 4864 3435 4917 Ad

1852 4969 2018 5039 magis
2075 4968 2291 5022 sensilia
2338 4980 2641 5021 sermonem
2701 4962 2934 5017 deducit.
2986 4958 3115 5025 Quia
3172 4955 3314 5010 enim
3371 4954 3436 5007 de

1852 5066 2034 5115 mente
2073 5059 2182 5128 jam
2237 5059 2484 5128 loquutus
2532 5063 2676 5119 erat,
2718 5064 2774 5108 ut
2820 5052 2872 5104 in
2925 5049 3233 5103 servitutem
3279 5044 3436 5099 reda-

1852 5164 1935 5207 cta
1967 5161 2020 5207 et
2048 5150 2275 5219 captiva,
2308 5150 2358 5204 id
2404 5147 2545 5219 quod
2591 5163 2620 5201 a
2661 5144 2838 5198 multis
2884 5156 2988 5196 non
3026 5138 3179 5193 facile
3232 5147 3456 5207 poterat.

1853 5244 2101 5313 intelligi,
2131 5243 2197 5298 ad
2266 5254 2486 5297 externa
2531 5248 2585 5293 et
2626 5237 2792 5292 oculis
2846 5234 3082 5302 subjecta
3134 5245 3438 5284 sermonem

1856 5337 2128 5403 transfert,
2159 5344 2214 5389 ut
2228 5334 2294 5389 ab
2318 5334 2401 5388 his
2421 5332 2506 5386 illa
2525 5329 2819 5399 intelligere
2846 5333 3082 5397 possent.
3105 5322 3237 5378 Nam
3266 5324 3309 5375 si
3335 5338 3439 5375 non

1865 5692 1874 5701 â¸
1932 5635 1959 5701 Î¹Î½
1978 5630 2174 5701 ÎºÏ‚á½·Î¹Î¹ÏÏ‚á½·Î´
2193 5644 2303 5701 quae
2324 5629 2373 5679 in
2396 5632 2530 5699 hunc
2558 5632 2721 5681 locum
2746 5629 2966 5693 disputat
2992 5626 3279 5680 Fridericus
3301 5629 3443 5681 Fich

1863 5693 1911 5740 in
1940 5693 2351 5743 .ttlnowtionibus
2377 5693 2497 5742 suis.
