3868 6182
455 236 554 292 29!

455 351 618 412 nosti,
651 349 972 424 inquit,quid
1001 351 1278 407 sitmentis
1290 351 1564 419 damnum,
1593 369 1622 405 a
1645 351 1919 421 corporeis
1941 349 2040 404 hoc

455 445 638 500 edisce
671 460 686 498 :
719 446 861 514 quod
893 446 1036 499 enim
1065 447 1254 501 oculus
1285 455 1368 500 est
1394 446 1626 515 corpori,
1659 445 1760 498 hoc
1786 459 1936 498 mens
1959 452 2042 496 est

453 537 668 591 animae.
705 537 1164 605 Qnemadmodurn
1207 538 1349 591 enim
1395 553 1681 606 numquam
1713 545 1865 605 optes
1907 550 2039 587 auro

453 628 653 690 ornari,
682 638 736 682 et
782 627 969 683 sericis
999 628 1142 683 indui
1183 629 1452 693 vestibus,
1479 627 1745 698 simulque
1777 627 2036 683 excaecari

452 719 645 781 oculis.
678 719 770 774 sed
803 719 991 773 borum
1020 721 1440 774 incolumitatem
1488 720 1582 773 toti
1613 719 1915 789 hujusmodi
1943 736 2036 790 ap-

453 809 658 879 paratui
690 807 1118 878 anteponendam
1147 811 1465 865 existimes:
1501 825 1622 864 nam
1652 811 1696 864 si
1721 812 1891 864 visum
1922 824 2036 880 per-

449 899 568 966 das,
586 901 711 954 nihil
732 901 820 955 tibi
837 901 1039 972 reliqua
1055 903 1159 955 vita
1175 898 1393 972 prodest
1417 903 1579 973 (sicut
1592 903 1732 956 enim
1754 904 2034 958 excmcatis

448 995 971 1066 oculis,reliquorum
1001 996 1109 1052 fere
1139 995 1497 1051 membrorum
1519 996 2028 1066 operatioahscedit,

447 1088 705 1142 exstincta
737 1088 856 1143 luce
887 1104 902 1141 :
933 1088 1010 1142 sic
1042 1099 1289 1159 corrupta
1323 1088 1489 1142 semel
1530 1099 1708 1143 mente
1739 1089 2031 1144 innumeris

446 1181 551 1234 vita
581 1181 734 1235 malis
753 1181 1083 1252 replebitur):
1108 1182 1554 1252 quemadmodum
1581 1197 1709 1252 ergo
1731 1183 1782 1236 in
1803 1195 2030 1251 corpore

447 1271 549 1326 hoc
575 1287 846 1338 curamus,
872 1283 929 1326 ιιι
958 1273 1147 1327 oculus
1184 1273 1255 1327 sit
1299 1287 1490 1340 sanus,
1524 1273 1602 1328 sic
1626 1273 1694 1328 de
1725 1273 1916 1328 mentis
1941 1287 2030 1326 sa-

443 1362 610 1419 nitate
650 1363 963 1418 curandum.
996 1365 1052 1418 Si
1098 1363 1234 1418 hanc
1269 1379 1600 1419 excatcemus
1631 1379 1750 1433 quae
1783 1364 1903 1419 aliis
1943 1366 2027 1418 lu-

441 1467 557 1507 cem
588 1455 893 1509 ministrare
917 1454 1097 1520 debet,
1133 1456 1272 1510 unde
1292 1456 1402 1525 jam
1430 1456 1667 1525 aSpicere
1695 1457 2027 1527 poterimus?

439 1547 586 1601 Sicut
612 1549 754 1601 enim
781 1549 867 1616 qui
897 1548 1098 1602 fontem
1129 1549 1299 1603 aufert
1321 1591 1336 1613 ,
1381 1547 1597 1604 ﬂuvium
1637 1551 1914 1606 exsiccet:
1947 1550 2026 1605 sic

437 1641 528 1710 qui
559 1653 788 1696 mentem
818 1642 1014 1708 obruit,
1048 1657 1236 1696 omnes
1263 1645 1380 1711 ejus
1407 1643 1457 1695 in
1491 1641 1588 1698 ltac
1619 1645 1724 1724 vita
1749 1645 2022 1713 operatio-

437 1747 532 1786 nes
571 1734 896 1789 obscuravit.
931 1735 1056 1789 Ideo
1099 1736 1192 1797 ait,
1245 1735 1305 1789 Si
1347 1738 1536 1797 lumen,
1567 1737 1702 1804 quod
1740 1737 1793 1789 in
1833 1747 1881 1789 te
1925 1745 2018 1799 est,

436 1825 650 1878 teneone
692 1827 810 1892 sint,
858 1827 984 1896 ipsa:
1013 1827 1230 1881 tenebras
1252 1838 1456 1898 quanlw
1474 1829 1500 1880 ἶ)
1527 1828 1656 1882 Nam
1679 1843 1798 1883 cum
1823 1828 2020 1898 guber-

435 1926 593 1971 nator
621 1917 1000 1987 subruergitur,
1041 1927 1096 1970 et
1135 1917 1354 1972 lucerna
1397 1918 1772 1988 exstinguitur,
1821 1926 1876 1974 et
1911 1919 2017 1974 dux

432 2011 662 2078 capitur,
691 2025 810 2080 qua:
840 2025 964 2080 spes
994 2017 1174 2079 postea
1202 2010 1465 2064 subditis?

503 2103 554 2155 4.
595 2099 963 2172 Propugnamr
987 2101 1274 2155 divitiarum
1296 2103 1566 2173 cupiditas.
1600 2103 1711 2169 Quo
1745 2114 1894 2175 pacto
1930 2105 2015 2157 di-

431 2194 566 2247 vitia:
609 2198 827 2264 fructum
866 2195 1085 2266 pariant.
1113 2226 1172 2236 —
1207 2196 1548 2266 Quapropter
1589 2197 1767 2251 missis
1809 2197 2014 2252 insidiis

434 2299 529 2353 per
582 2287 791 2342 divitias
828 2287 1063 2352 structis,
1105 2291 1316 2362 pugnis,
1353 2289 1536 2344 litibus
1575 2288 1710 2362 (lucc
1746 2289 1887 2343 enim
1925 2306 2013 2346 su~

431 2378 612 2444 peritis
673 2377 1028 2431 subindicavit
1074 2379 1260 2432 dicens
1306 2397 1319 2432 :
1372 2378 1556 2432 Tradat
1603 2393 1650 2433 te
1698 2381 2016 2436 adversarius

426 2467 610 2540 jndici,
638 2477 686 2522 et
703 2469 870 2540 judex
894 2469 1120 2524 ministro
1143 2468 1356 2544 [Man/t.
1389 2473 1443 2526 5.
1473 2471 1613 2545 25]),
1647 2473 1729 2528 his
1766 2474 2016 2529 omnibus

426 2561 648 2615 sarviora
674 2560 949 2631 proferens
968 2602 982 2626 ,
1007 2563 1085 2618 sic
1107 2563 1322 2619 abducit
1346 2579 1376 2618 a
1399 2564 1538 2619 mala
1559 2567 2008 2636 concupiscentia.

427 2650 638 2705 Etenim
671 2652 828 2723 longe
865 2652 1105 2709 deterius
1138 2665 1218 2709 est
1257 2668 1489 2711 mentem
1523 2655 1646 2712 huic
1671 2660 1860 2714 morbo
1886 2660 2014 2715 sub~

421 2739 512 2810 εἰεί
536 2783 551 2806 ,
580 2759 738 2812 quam
763 2744 813 2797 in
838 2759 1054 2800 carcere
1073 2744 1304 2814 degere:
1332 2755 1388 2802 et
1409 2748 1635 2802 alterum
1665 2749 1878 2819 quidem
1903 2767 2010 2807 non

424 2846 640 2901 semper
670 2834 898 2899 accidit,
931 2835 1157 2890 alterum
1200 2851 1329 2892 vero
1363 2847 1446 2892 est
1471 2853 1686 2908 semper
1708 2855 1828 2896 cum
1851 2857 2012 2910 pecu-

423 2921 632 2977 uiarum
665 2925 960 2994 cupiditate
987 2926 1348 2998 conjunctum.
1373 2928 1732 2997 Quamobrem
1766 2932 1866 2988 hoc
1889 2943 2011 3005 post

421 3015 553 3070 illud
601 3021 784 3086 ponit,
817 3029 1000 3090 utpote
1027 3021 1241 3091 gravius
1285 3033 1340 3077 ct
1383 3023 1606 3078 omnino
1646 3025 2005 3096 subsequens.

420 3109 552 3165 Nam
595 3112 772 3177 Deus,
821 3113 1010 3184 inquit,
1054 3123 1286 3170 mentem
1328 3116 1482 3170 nobis
1513 3116 1736 3184 indidit,
1765 3129 1823 3174 ut
1854 3119 2005 3190 igno-

419 3205 646 3260 rantiarn
675 3207 1034 3278 dissipemus,
1083 3217 1137 3264 et
1179 3225 1358 3265 rerum
1393 3209 1652 3279 judicium
1686 3223 1890 3267 rectum
1921 3221 2005 3269 te-

421 3313 676 3367 neamus,
719 3310 878 3372 atque
908 3312 1092 3357 contra
1121 3304 1298 3359 omnia
1327 3304 1552 3360 molesta
1590 3305 1855 3378 noxiaque
1901 3306 2005 3363 hoc

416 3392 566 3460 quasi
594 3392 702 3447 telo
728 3401 781 3448 et
810 3394 1009 3450 lumine
1040 3404 1282 3462 utentes,
1316 3397 1367 3451 in
1399 3405 1513 3452 tuto
1542 3413 1873 3454 maneamus.
1894 3399 2004 3455 Nos

414 3498 544 3539 vero
565 3483 765 3539 donum
799 3485 898 3541 hoc
928 3486 1204 3556 prodimus
1235 3487 1304 3544 ob
1331 3489 1574 3560 qu:cdam
1607 3505 2000 3561 supervacanea

412 3585 469 3631 et
500 3575 727 3634 inutilia.
771 3578 908 3646 Quid
951 3580 1091 3634 enim
1124 3595 1259 3652 opus
1288 3583 1552 3638 militibus
1591 3599 1722 3638 auro
1760 3587 1998 3649 onustis,

411 3669 627 3738 quando
658 3670 766 3725 dux
789 3671 1034 3742 captivus
1059 3681 1144 3728 est
1168 3674 1227 3726 1?
1253 3675 1396 3744 quod
1424 3675 1631 3730 lucrum
1668 3693 1734 3731 ex
1771 3679 2002 3732 ornatis-

413 3762 549 3817 sima
598 3765 717 3837 navi
742 3805 757 3830 ,
795 3765 1008 3834 quando
1040 3767 1366 3837 gubernator
1387 3767 1698 3826 submersus
1725 3771 1846 3826 est?
1873 3771 1998 3842 quid

413 3857 532 3925 plus
571 3856 770 3911 habeas
813 3873 1039 3928 corpore
1082 3869 1230 3915 recte
1271 3863 1593 3925 constituto,
1626 3865 1674 3918 si‘
1712 3864 1855 3920 oculi
1893 3866 2002 3920 sint

411 3950 717 4004 excmcati?
758 3951 1219 4019 Quemadmodum
1276 3955 1436 4026 igitur
1478 3957 1780 4026 medicum,
1840 3956 2004 4032 quem

411 4039 550 4097 bene
591 4042 768 4099 valere
807 4053 1040 4116 oportet,
1085 4055 1142 4101 ut
1186 4047 1414 4102 aliorum
1461 4060 1616 4105 curet
1658 4051 1910 4119 morbos,
1953 4055 1995 4109 si

407 4137 532 4206 quis
561 4136 612 4191 in
639 4139 884 4194 morbum
903 4139 1173 4209 conjiciat,
1199 4151 1252 4196 et
1281 4141 1332 4196 in
1359 4153 1616 4214 argenteo
1638 4144 1778 4200 lecto
1803 4161 1996 4202 aureo-

406 4243 514 4298 que
543 4228 776 4286 thalamo
807 4231 990 4302 jacere
1024 4233 1242 4303 jubeat,
1287 4249 1508 4304 prorsus
1554 4237 1794 4292 inutilem
1840 4239 1997 4310 aegris

411 4320 622 4376 reddit:
658 4323 735 4378 sic
781 4326 825 4379 si
882 4335 1160 4398 postquam
1205 4338 1439 4384 mentem
1485 4333 1826 4402 corruperis,
1876 4349 1996 4405 quae

407 4413 571 4466 animi
612 4417 814 4470 morbis
853 4417 1056 4475 mederi
1095 4421 1298 4489 possit,
1330 4422 1582 4477 thesauro
1611 4425 1850 4481 assidere
1875 4441 1996 4482 eam

409 4508 680 4562 curaveris
706 4550 721 4574 ,
752 4525 857 4563 non
898 4512 1057 4567 modo
1081 4512 1209 4568 nihil
1238 4515 1379 4570 illam
1407 4516 1604 4586 juvasti
1628 4558 1642 4580 ,
1677 4518 1770 4573 sed
1796 4518 1996 4573 damno

406 4595 633 4651 affecisti
655 4638 671 4664 ,
716 4608 773 4653 et
813 4603 910 4655 toti
949 4603 1145 4659 anima:
1175 4614 1279 4660 tua:
1308 4607 1558 4662 nocuisti.
1585 4607 1834 4664 Vidistin’
1860 4625 1997 4681 quo-

409 4687 571 4773 modo
600 4702 696 4757 per
717 4705 841 4759 qua:
879 4691 1124 4751 homines
1149 4697 1215 4750 ad
1247 4699 1536 4769 nequitiam
1563 4702 1760 4771 ubique
1785 4703 1997 4773 cupidi-

398 4765 519 4835 iate
552 4778 818 4847 feruntur,
849 4798 944 4851 per
972 4785 1089 4842 lucc
1118 4765 1352 4845 maxime
1381 4792 1450 4846 ab
1477 4792 1565 4847 illa
1595 4765 1906 4859 abstrahat,
1941 4803 1997 4850 et

407 4874 474 4930 ad
506 4874 756 4929 virtutem
802 4875 1060 4932 reducat?
1102 4879 1239 4948 Cur,
1289 4882 1475 4954 inquit,
1510 4886 1763 4955 pecunias
1796 4902 1996 4943 conen-

407 4969 608 5040 piscis?
656 4986 836 5026 nonne
883 4979 942 5025 ut
984 4971 1255 5043 voluptate
1301 4975 1614 5049 deliciisque
1661 4977 1890 5036 fruaris?
1937 4979 1992 5035 id

400 5071 552 5118 certe
587 5062 679 5117 tibi
712 5078 815 5118 non
840 5063 963 5119 inde
992 5067 1303 5135 proveniet,
1343 5069 1438 5124 sed
1463 5072 1792 5126 contrarium
1824 5089 1993 5144 pror—

406 5169 518 5210 sus.
563 5156 1018 5223 Quemadmodum
1049 5160 1190 5222 enim
1229 5163 1400 5217 oculis
1439 5165 1640 5220 avulsis
1668 5165 1798 5221 nihil
1832 5182 1994 5222 suave

406 5261 567 5301 sensu
601 5249 940 5318 percipimus,
972 5251 1040 5306 ob
1067 5251 1369 5320 hujusmodi
1397 5255 1756 5312 calamitatem
1782 5275 1795 5312 :
1826 5259 1992 5313 multo

405 5337 577 5407 magis
603 5337 657 5395 in
683 5340 878 5396 mentis
903 5345 1182 5400 eversione
1213 5355 1267 5402 ct
1295 5349 1533 5405 caecitate
1559 5349 1675 5407 haec
1704 5349 1986 5422 patiemur.

403 5428 519 5497 Qua
559 5428 628 5484 de
668 5445 827 5485 causa
858 5433 1064 5489 defodis
1097 5438 1146 5491 in
1182 5443 1421 5496 terram?
1471 5453 1528 5497 ut
1567 5453 1681 5500 tuto
1705 5447 1991 5502 servetur?

413 5520 607 5576 Verum
649 5521 737 5577 hic
771 5525 929 5580 etiam
960 5532 1282 5586 contrarium
1327 5534 1566 5602 accidet,
1613 5536 1801 5609 inquit.
1845 5536 1990 5593 Sicut

467 5683 488 5717 ¹
525 5681 638 5746 Alii,
662 5686 854 5749 quando
876 5687 982 5738 dm:
1005 5690 1218 5753 («iniens
1237 5693 1465 5746 trahitur.

1135 203 1222 292 ἐ.
1263 233 1543 293 JOANNIS
1570 233 2044 292 cnavsosronr
2087 233 2405 294 AliCl—llEP.
2449 238 2985 303 CONSTANTINOP.

3625 253 3722 315 ΞΩΞ

2151 367 2292 407 enim
2339 368 2463 412 eum
2503 359 2592 428 qui
2640 372 2858 434 propter
2887 380 3074 420 vanam
3120 368 3346 438 gloriam
3391 372 3614 444 ja-junat,
3640 383 3720 430 (int

2148 445 2540 520 cleemosyuam
2563 494 2576 516 ,
2620 463 2674 508 et
2722 467 2992 525 precatur,
3015 460 3082 514 ab
3110 462 3173 517 iis
3205 463 3333 532 ipsis
3359 481 3478 536 qua:
3504 470 3724 528 maxime

2145 541 2320 610 cupit,
2355 559 2384 596 a
2413 560 2548 599 vana
2587 547 2752 616 gloria
2799 554 3022 608 retraxit
3067 555 3214 623 (nam
3260 574 3378 626 cur,
3411 560 3613 632 inquit,
3657 578 3720 620 Ita

2145 634 2380 700 precaris
2399 671 2414 700 ,
2443 646 2496 690 et
2516 637 2611 692 das
2638 641 3074 715 eleemosynam?
3101 663 3278 702 annon
3305 651 3425 720 quia
3455 652 3721 712 hemin‘um

2141 723 2364 793 gloriam
2408 725 2622 798 diligis?
2667 732 2780 786 noli
2819 750 2948 804 ergo
2989 737 3066 791 sic
3099 747 3290 805 orare,
3336 752 3387 795 et
3430 754 3553 799 tunc
3583 747 3719 802 illam

2139 819 2522 885 consequeris,
2565 821 2617 875 in
2662 821 2840 878 futuro
2884 843 3076 899 nempe
3113 831 3269 903 die):
3303 835 3383 890 sic
3407 847 3458 891 et
3489 842 3719 907 pecunia:

2139 909 2409 978 cupidum,
2441 927 2538 981 per
2559 928 2622 969 ea
2647 916 2838 987 quibus
2865 923 3095 978 maxime
3117 926 3385 995 studebat,
3417 946 3512 1001 per
3537 933 3717 990 eadem

2137 1015 2189 1058 et
2222 1006 2383 1074 cepit.
2412 1007 2549 1072 Quid
2579 1007 2680 1072 vis,
2707 1008 2880 1076 inquit
2907 1029 2920 1064 :
2950 1021 3010 1064 ut
3037 1013 3277 1079 pecuniae
3307 1017 3400 1070 tibi
3433 1031 3719 1077 serventur

2137 1105 2190 1148 et
2225 1097 2499 1164 voluptate
2535 1097 2733 1154 fruaris
2759 1098 2818 1152 "l
2851 1099 2976 1156 Haec
3013 1104 3170 1156 ambo
3203 1104 3301 1159 tibi
3339 1109 3713 1177 copiosissime

2137 1189 2408 1255 praebebo,
2438 1190 2484 1245 si
2515 1189 2626 1246 illic
2657 1191 2900 1260 deponas
2929 1209 3142 1259 aurum,
3177 1199 3264 1250 ubi
3293 1198 3517 1267 jubebo.
3548 1206 3715 1269 Aper-

2137 1277 2241 1332 tius
2270 1289 2450 1334 autem
2483 1280 2536 1334 in
2569 1283 2922 1351 sequentibus
2953 1287 3206 1340 damnum
3239 1289 3366 1344 inde
3399 1295 3565 1345 ruenti
3601 1295 3712 1347 ilia-

2133 1375 2244 1419 tnm
2273 1369 2529 1435 ostendit,
2560 1384 2680 1424 cum
2711 1373 2991 1440 spinarum
3025 1378 3351 1432 mentionem
3385 1381 3542 1447 fecit;
3582 1383 3712 1436 inte-

2133 1457 2231 1510 rim
2258 1471 2387 1513 vero
2417 1461 2646 1531 idipsum
2681 1463 2770 1518 hic
2800 1480 2902 1518 non
2933 1467 3299 1536 perfunctorie
3325 1473 3707 1540 subiodicavir,

2130 1564 2250 1602 cum
2281 1553 2519 1607 ostendit
2547 1554 2958 1611 obtenebratnm
2989 1573 3110 1616 esse
3139 1576 3262 1616 eum
3294 1565 3386 1633 qui
3419 1566 3566 1619 circa
3601 1568 3708 1622 hrce

2129 1639 2352 1695 fureret.
2389 1644 2467 1698 Ac
2505 1647 2956 1714 quemadmodum
2999 1650 3033 1704 ii
3073 1652 3163 1720 qui
3207 1654 3258 1707 in
3301 1657 3541 1710 tenebris
3587 1671 3709 1712 sunt

2130 1731 2260 1785 nihil
2287 1733 2430 1787 clare
2457 1737 2654 1802 vident,
2683 1741 2774 1792 sed
2804 1741 2847 1793 si
2880 1740 3060 1796 funem
3087 1745 3338 1810 viderint,
3369 1757 3562 1817 putant
3591 1764 3710 1804 esse

2126 1834 2459 1892 serpentem,
2488 1829 2532 1881 si
2569 1840 2775 1884 montes
2810 1841 2863 1885 et
2899 1832 3083 1899 valles,
3115 1851 3315 1905 pavore
3349 1842 3661 1894 moriuntur
3689 1861 3704 1898 :

2125 1917 2205 1972 sic
2231 1926 2286 1971 et
2315 1917 2403 1973 isti
2434 1935 2554 1988 quze
2580 1921 2886 1976 videntibus
2914 1924 3269 1982 formidabiiia
3303 1946 3407 1985 non
3439 1944 3590 1998 sunt,
3619 1951 3706 1990 su-

2124 2017 2306 2076 specta
2338 2009 2532 2064 habent
2563 2030 2575 2064 :
2605 2028 2725 2065 nam
2759 2025 3124 2083 paupertatem
3157 2030 3432 2089 metuunt;
3462 2023 3574 2078 imo
3601 2042 3704 2080 non

2123 2109 2492 2168 paupertatem
2532 2111 2774 2164 tantum,
2809 2104 2904 2157 sed
2941 2106 3019 2160 vel
3058 2095 3185 2163 leve.
3208 2113 3497 2180 quodpiam
3533 2115 3707 2169 detri-

2122 2199 2383 2246 mentum.
2416 2191 2622 2246 Etenim
2655 2194 2698 2246 εἰ
2734 2196 2998 2250 modicum
3032 2198 3162 2267 quid
3192 2201 3496 2266 amiserint,
3532 2208 3705 2276 magis

2117 2283 2301 2354 lugent
2343 2301 2407 2338 ac
2451 2289 2763 2341 cruciantur
2799 2301 2961 2358 quam
3009 2291 3044 2345 ii
3091 2293 3179 2362 qui
3230 2300 3540 2352 necessario
3585 2301 3704 2354 cibo

2115 2387 2296 2446 egent.
2329 2375 2472 2431 Multi
2512 2389 2662 2434 certe
2694 2395 2759 2435 ex
2797 2381 3102 2449 lmjusmodi
3139 2387 3418 2452 divitibus,
3454 2390 3562 2446 tale
3598 2409 3701 2447 non

2114 2465 2351 2524 ferentes
2378 2468 2755 2538 infortunium,
2782 2475 2844 2527 ad
2876 2475 3122 2544 laqueum
3153 2492 3529 2536 accurrerunt.
3558 2483 3702 2538 Cun-

2117 2561 2347 2616 tumelire
2371 2575 2550 2618 autem
2578 2574 2630 2618 et
2660 2565 2854 2619 damna
2883 2566 2956 2621 ita
2986 2567 3091 2624 illis
3117 2569 3480 2628 intolerabilia
3507 2575 3705 2631 videas

2118 2660 2224 2712 tur,
2260 2661 2317 2705 ut
2347 2667 2409 2708 ea
2446 2655 2511 2708 de
2543 2669 2708 2710 causa
2747 2657 2873 2710 item
2911 2659 3066 2714 multi
3101 2677 3169 2716 ex
3209 2663 3310 2716 hac
3345 2665 3452 2718 vita
3487 2665 3699 2737 abrepti

2116 2743 2334 2799 fuerint.
2360 2745 2438 2801 Ad
2460 2749 2638 2801 omnia
2663 2749 2861 2818 quippe
2887 2751 3075 2808 molles
3100 2753 3300 2808 divitiae
3320 2758 3698 2826 reddiderunt,

2117 2845 2475 2907 praeterquam
2513 2842 2580 2894 ad
2622 2841 2830 2896 illarum
2869 2845 3249 2902 ministerium.
3286 2847 3516 2915 Quando
3553 2855 3700 2910 enim

2116 2928 2221 2983 illa:
2254 2929 2399 2998 ipsos
2434 2940 2492 2985 ut
2523 2932 2623 2986 sibi
2658 2936 2898 2990 serviant
2931 2940 3282 3009 compellunt,
3321 2952 3450 2998 tunc
3483 2945 3561 3001 illi
3600 2965 3702 3003 art-

2113 3023 2299 3078 dacter
2333 3025 2571 3093 pericula
2612 3031 2804 3084 mortis
2841 3031 3071 3098 adeunt,
3110 3037 3368 3101 verbera,
3401 3043 3698 3108 opprobria

2111 3128 2382 3184 onmeque
2412 3115 2721 3185 ignominiaa
2751 3136 2942 3189 genus.
2971 3121 3124 3190 Quod
3151 3141 3284 3181 sane
3310 3140 3578 3187 extrema:
3607 3149 3701 3204 ge-

2110 3221 2212 3261 nus
2257 3216 2340 3262 est
2369 3208 2629 3275 miseriae,
2661 3211 2749 3267 ubi
2803 3214 3163 3291 philosophari
3205 3232 3505 3290 oporteret,
3559 3227 3700 3280 mols

2109 3297 2342 3355 lissimos
2375 3315 2524 3369 esse;
2576 3304 2663 3358 ubi
2721 3316 2900 3361 autem
2936 3311 3051 3377 pios
3103 3321 3160 3364 et
3207 3317 3542 3372 verecundos
3575 3334 3698 3374 esse

2107 3407 2206 3462 par
2253 3405 2428 3458 esset,
2481 3395 2552 3450 ibi
2592 3397 3086 3467 impudentissimos
3124 3415 3178 3459 et
3235 3408 3564 3466 smtissimos
3601 3427 3697 3468 ex-

2109 3486 2302 3541 hiberi.
2340 3488 2577 3543 Etenim-
2604 3491 2833 3561 idipsum
2891 3495 2995 3549 illis
3047 3499 3338 3568 contingit,
3393 3514 3450 3557 ut
3493 3507 3538 3559 si
3572 3508 3696 3574 quis

2106 3590 2228 3650 post
2260 3581 2396 3637 bona
2429 3585 2739 3640 indecenter
2782 3589 3064 3660 absurupta
3116 3593 3251 3646 male
3295 3595 3554 3662 patiatur.
3603 3601 3697 3654 Ille

2107 3688 2360 3744 namque,
2412 3676 2651 3731 instante
2699 3689 2960 3750 tempore,
2985 3698 3091 3753 quo
3133 3692 3434 3743 necessaria
3476 3701 3563 3745 est
3596 3708 3696 3747 ex-

2103 3779 2299 3833 pensa,
2325 3783 2446 3822 cum
2490 3769 2622 3825 nihil
2669 3775 2839 3842 possit
2884 3775 3020 3830 ultra
3050 3779 3382 3848 impendere,
3431 3783 3695 3840 intolera-

2102 3853 2228 3910 bilia
2269 3858 2474 3926 patitur
2517 3859 2676 3924 mala,
2705 3875 2828 3916 cum
2867 3862 2978 3932 jam
3007 3869 3188 3923 omnia
3233 3871 3372 3926 male
3400 3872 3691 3946 absumpta

2104 3956 2322 4012 fuerint.

2175 4050 2228 4105 5.
2270 4050 2348 4106 Ac
2385 4053 2833 4124 quemadmodum
2867 4056 2918 4111 in
2950 4072 3107 4114 scena
3139 4059 3425 4117 histriones
3458 4063 3509 4117 in
3537 4065 3699 4120 malis

2102 4144 2418 4215 quibusdam
2449 4148 2651 4204 artibus
2682 4150 2957 4218 instructi,
3005 4143 3067 4207 in"
3098 4153 3182 4208 his
3225 4156 3389 4210 multa
3427 4159 3697 4227 stupenda

2102 4252 2158 4298 ct
2184 4239 2483 4310 periculosa
2523 4243 2825 4311 Sustineat,
2857 4244 2907 4298 in
2946 4245 3066 4300 aliis
3105 4263 3235 4302 vero
3264 4249 3480 4305 utilibus
3506 4266 3699 4308 neces-

2101 4335 2366 4405 sariisque
2404 4335 2563 4391 rebus
2603 4350 2824 4406 prorsus
2853 4336 3017 4408 inepti
3060 4353 3123 4394 ac
3166 4339 3375 4396 ridiculi
3420 4353 3548 4398 sunt
3573 4361 3588 4397 :
3618 4345 3699 4400 sic

2102 4437 2158 4484 et
2187 4428 2240 4483 hi
2269 4429 2336 4484 de
2362 4429 2557 4500 quibus
2596 4431 2824 4500 agimus.
2879 4431 3093 4487 Etenim
3139 4432 3429 4491 histriones
3475 4435 3555 4492 illi
3604 4439 3699 4509 qui

2104 4535 2199 4590 per
2237 4527 2446 4575 tensum
2496 4519 2675 4576 funem
2722 4522 3032 4592 ambulant,
3065 4533 3116 4580 et
3147 4534 3350 4582 tantam
3378 4527 3451 4582 ibi
3481 4527 3700 4586 fortitu-

2101 4612 2280 4667 dinem
2326 4612 2615 4678 exhibent;
2663 4614 2877 4686 quando
2925 4615 3195 4686 quidpiam
3251 4635 3316 4674 ex
3365 4623 3696 4678 necessariis

2101 4703 2265 4757 rebus
2295 4703 2570 4759 audaciam
2592 4707 2814 4780 requirit
2837 4723 2899 4761 ac
2923 4707 3287 4764 fortitudinem
3311 4726 3326 4764 :
3359 4726 3427 4766 ne
3450 4715 3696 4783 cogitare

2100 4795 2318 4866 quidem
2381 4796 2579 4866 aliquid
2636 4807 2876 4866 possunt.
2934 4799 3026 4854 Sic
3079 4799 3306 4865 divites,
3365 4803 3453 4873 qui
3507 4807 3694 4860 omnia

2100 4900 2318 4962 propter
2357 4891 2613 4962 pecunias
2661 4875 2890 4957 audent,
2937 4892 3004 4948 ad
3060 4893 3542 4966 philosophandum
3595 4916 3700 4955 nec

2099 5003 2390 5060 magnum,
2440 5000 2540 5042 nec
2586 5002 2804 5058 parvum
2853 4987 3123 5057 quidpiam
3168 4989 3274 5060 pati
3319 5001 3562 5058 possunt.
3617 4996 3699 5050 Ac

2101 5080 2240 5135 sicut
2266 5079 2342 5134 illi
2369 5078 2624 5134 lubricam
2655 5087 2710 5134 et
2734 5079 3122 5148 infructuosam
3159 5098 3271 5138 rem
3312 5093 3581 5150 tractant,
3618 5087 3698 5142 sic

2100 5181 2154 5227 et
2184 5170 2236 5227 hi
2267 5172 2501 5242 pericula
2554 5172 2720 5228 multa
2769 5173 2998 5228 tolerant
3019 5184 3074 5230 et
3119 5177 3409 5246 praecipitia
3453 5177 3694 5244 adeunt,

2099 5280 2218 5337 qua:
2241 5264 2424 5319 omnia
2454 5263 2625 5320 inutili
2650 5265 2753 5320 line
2769 5265 3121 5333 clauduntur;
3153 5282 3217 5324 ac
3236 5267 3431 5340 duplici
3461 5270 3698 5341 caligine

2102 5358 2463 5425 involvuntur,
2493 5367 2605 5411 tum
2635 5357 2774 5428 quod
2804 5374 2990 5440 eversa
3033 5367 3216 5415 mente
3250 5362 3510 5417 excmcati
3541 5364 3657 5421 sint
3677 5405 3694 5430 ,

2099 5459 2212 5506 tum
2263 5450 2406 5521 quod
2450 5465 2518 5508 cx
2568 5451 2740 5506 fallaci
2788 5439 3206 5508 sollicitudinum
3255 5455 3400 5511 mole
3453 5456 3694 5513 tenebris

2151 5621 2172 5684 ἶ
2199 5619 2312 5669 llzce
2335 5619 2567 5684 omnibus
2583 5621 2727 5670 codd.
2755 5620 3040 5684 concinnat.
3076 5621 3238 5684 Vulgo
3267 5637 3278 5671 :
3318 5621 3447 5682 Quid
3471 5620 3573 5684 vis,
3600 5621 3678 5675 in.

2082 5679 2209 5743 quit.
2229 5683 2460 5744 pecunias
2479 5681 2568 5734 tibi
2587 5682 2976 5736 servaril'annou
2995 5689 3047 5734 ut
3062 5679 3270 5745 deliciis,
3283 5679 3443 5751 gloria
3463 5692 3508 5737 et
3524 5679 3573 5737 vi
3593 5689 3635 5751 ῃ
3651 5685 3680 5736 ε’
