3918 6332
385 188 497 246 5.95

393 308 658 382 ρωμένος,
681 306 802 361 οὑδέ
827 305 979 378 ἡλίου
1007 306 1266 375 φανέντος
1283 323 1297 338 ⁸
1320 308 1349 361 ὃ
1369 307 1432 379 δὴ
1453 309 1547 362 zeal
1567 297 1713 363 οίῖτοι
1744 310 2063 364 πεπόνθασι.

376 397 525 452 ὀὑδὶ
558 396 669 468 7&9
687 394 784 448 τοῦ
817 394 967 466 ἡλίου
993 395 1094 466 τῆς
1132 393 1476 467 δικαιοσύνης
1499 395 1810 467 λάμψαντος
1833 399 1924 450 καὶ
1959 415 2067 451 παο

389 484 704 560 ραινοῦντος
727 483 1038 546 ἀκούουσιν,
1062 483 1486 547 ἀποκλείσαντος
1515 484 1698 548 αὑτοῖς
1721 485 1845 548 τοὺς
1866 485 2062 552 ὀφθαλ-

390 574 525 646 μοὺς
553 571 648 626 τοῦ
683 571 936 625 πλούτου.
979 569 1071 624 Διὸ
1095 571 1190 623 zeal
1225 570 1448 625 διπλοῦν
1482 573 1670 636 σκότος
1698 572 2025 642 ὑπομένουσι
2046 589 2060 602 ·

384 663 447 716 τὸ
477 662 575 732 μὲν
604 659 661 724 ἐξ
683 658 890 713 ἐαυτῶν
917 660 984 724 ³¹,
1015 658 1076 711 τὸ
1100 657 1156 711 δὲ
1190 659 1254 710 ἐκ
1279 657 1372 710 τοῦ
1406 659 1479 730 μὴ
1508 660 1796 729 προσέχειν
1822 659 1899 730 τῷ
1922 660 2066 713 διδα-

388 748 591 817 σκάλῳ.
620 748 666 778 ¹¹
681 745 1044 817 Προσέχωμεν
1073 744 1251 800 τοίνυν
1285 745 1432 816 αὐτῷ
1465 745 1604 816 μετά
1638 746 1941 816 ἀκριϐείας,
1978 747 2065 800 ἵνα

385 837 484 908 όψέ
511 835 643 905 γοῦν
670 850 802 887 ποτε
833 833 1242 903 ἀναϐλέψωμεν.
1277 835 1385 886 Kal
1424 833 1543 894 πῶς
1570 835 1616 866 ⁸³
1648 834 1948 905 ἀναϐλέψαι
1972 835 2064 888 δυ-

385 925 578 990 νατόν;
607 921 734 978 Ἐἀν
759 921 936 993 μάθῃς
958 920 1075 983 πῶς
1097 918 1431 990 ἐτυφλώθης.
1458 919 1582 984 Πῶς
1601 916 1694 975 οὖν
1713 921 2060 994 ἐτυφλώοης;

397 1013 530 1067 Ἀπὸ
573 1015 671 1084 τῆς
714 1011 958 1080 πονηρᾶς
1007 1007 1321 1079 ἐπιθυμίας.
1371 1007 1638 1080 Καθάπερ
1689 1008 1798 1082 7&9
1851 1009 1989 1081 κόρῃ
2017 1011 2063 1041 ⁸⁵

385 1101 604 1171 καθαρᾷ
658 1097 831 1169 χυμὸς
870 1095 1203 1168 ἐπιρῤεύσας
1252 1095 1486 1166 πονηρὸς
1535 1098 1563 1149 ὁ
1611 1096 1722 1149 τῶν
1763 1097 2060 1169 χρημάτων

385 1187 547 1259 ἔρως,
573 1187 782 1258 πυκνὴν
807 1185 906 1256 τὴν
930 1184 1158 1254 νεφέλην
1175 1183 1451 1255 ἐποίησεν.
1483 1183 1641 1238 Ἀλλά
1663 1185 1757 1238 καὶ
1779 1185 2062 1238 διασκεδα-

389 1275 579 1345 σθῆναι
608 1273 702 1326 zeal
737 1273 970 1342 ῥαγῆναι
1005 1272 1050 1304 ³⁸
1077 1272 1178 1342 τὴν
1218 1269 1450 1340 νεφέλην
1492 1270 1696 1342 ταύτην
1731 1271 1932 1342 ῥᾴδιον,
1964 1271 2060 1326 ἐὰν

385 1361 486 1432 τὴν
516 1364 709 1415 ἀκτῖνα
745 1363 842 1432 τῆς
877 1359 968 1413 τοῦ
1003 1357 1239 1430 Χριστοῦ
1272 1357 1549 1428 δεξώμεθα
1579 1357 1958 1421 διδασκαλίας·
1993 1358 2059 1413 ἂν

387 1448 711 1520 ἀκούσωμεν
744 1446 910 1503 αὑτοῦ
941 1445 1330 1518 παραινοῦντος
1368 1446 1461 1498 zeal
1501 1445 1784 1513 λέγοντοςο
1824 1445 1918 1514 Μὴ
1952 1451 2058 1514 θη·

386 1537 695 1606 σαυρίζετε
719 1535 862 1605 ὑμῖν
899 1532 1242 1603 θησαυροὺς
1268 1533 1367 1586 ἐπὶ
1397 1532 1508 1601 τῆς
1545 1531 1676 1602 γῆς.
1711 1533 1820 1586 Kal
1859 1533 1913 1586 τί
1944 1551 2054 1603 μοι,

385 1625 537 1698 φησὶ,
567 1624 728 1678 πλέον
749 1622 854 1678 ἀπὸ
880 1623 979 1692 τῆς
999 1621 1337 1693 ἀκροάσεως,
1360 1621 1488 1673 ὅταν
1510 1619 1614 1672 ὑπὸ
1639 1621 1739 1690 τῆς
1763 1619 2056 1691 ἐπιθυμίας

386 1711 704 1782 κατέχωμαι
727 1727 741 1776 ;
763 1709 1015 1764 Μάλιστα
1030 1707 1128 1777 μὲν
1157 1703 1249 1760 οῦν
1280 1707 1374 1759 zeal
1399 1705 1496 1776 τὴν
1528 1705 1824 1776 ἐπιθυμίαν
1850 1706 2054 1776 ήσυνε-

341 1806 347 1811 ’
383 1802 486 1872 χὴς
538 1800 802 1872 ἀκρόασις
835 1797 1136 1852 καταλῦσαι
1177 1796 1464 1867 δυνήσεται
1486 1797 1550 1850 ’⁸.
1591 1796 1690 1849 Ἂν
1713 1796 1760 1849 δ’
1797 1795 1904 1867 ἄρα
1935 1797 2055 1850 ἐπι-

388 1890 555 1960 μένῃς
583 1887 966 1958 κατεχόμενος,
992 1885 1243 1955 ἐννόησον
1274 1885 1354 1937 ότι
1382 1883 1503 1936 οὑδέ
1537 1883 1805 1955 ἐπιθυμία
1828 1885 1887 1938 τὸ
1913 1887 2057 1955 πρᾶ-

381 1978 502 2048 γμά
531 1979 668 2030 ἐστι.
705 1974 840 2028 Ποία
875 1971 982 2043 γὰρ
1028 1971 1316 2042 ἐπιθυμία,
1350 1969 1623 2024 δουλεύειν
1659 1971 1931 2042 χαλεπῶς,
1960 1972 2054 2026 zeal

381 2061 700 2119 ὑποκεῖσθαι
740 2059 1037 2132 τυραννίδι,
1071 2061 1164 2112 zeal
1193 2057 1438 2112 δεδέσθαι
1479 2059 1832 2129 πανταχόθεν,
1873 2060 1968 2113 zeal
1997 2061 2054 2115 ἐν

381 2153 559 2224 σκότῳ
591 2149 910 2217 διατρίϐειν,
941 2147 1036 2201 καὶ
1071 2145 1303 2218 θορύϐου
1335 2146 1547 2216 γέμειν,
1580 2147 1672 2200 zeal
1701 2146 1896 2212 πόνους
1924 2148 2053 2202 ὑπο-

383 2241 568 2312 μένειν
605 2235 898 2308 ἀκερδεῖς,
925 2233 1019 2287 zeal
1056 2233 1264 2303 ἑτέροις
1306 2232 1596 2302 φυλάττειν
1643 2233 1712 2286 τά
1759 2235 2051 2304 χρήματα,

379 2325 638 2388 πολλάκις
671 2322 729 2376 δὲ
759 2321 853 2376 καὶ
885 2320 1134 2392 ἐχθροῖς;
1161 2321 1327 2384 Ποίας
1348 2319 1520 2374 ταῦτα
1556 2321 1851 2392 ἐπιθυμίας
1889 2323 2048 2390 ἀξια;

381 2411 617 2476 ποίαςδέ
645 2411 706 2464 οὐ
737 2409 916 2479 φυγῆς
937 2409 1031 2462 zeal
1054 2408 1295 2480 δρόμων;
1322 2409 1455 2462 Ποία
1475 2409 1758 2480 ἐπιθυμία,
1781 2409 2052 2482 θησαυρὸν

377 2499 732 2555 ἀποτίθεσθαι
765 2496 966 2569 μεταξὺ
1009 2495 1296 2555 κλεπτῶν;
1341 2498 1401 2550 Εί
1444 2496 1554 2569 γὰρ
1593 2498 1728 2561 ὅλως
1766 2499 2052 2570 ἐπιθυμεῖς

377 2588 696 2662 χρημάτων,
738 2585 966 2656 μετάθες
1002 2584 1132 2638 ἔνθα
1173 2584 1395 2639 δύναται
1426 2584 1579 2658 [267]
1615 2586 1796 2657 μένειν
1831 2587 2050 2658 ἀσφαλῆ

376 2677 473 2732 zeal
518 2674 926 2747 ανεπηρέαστα.
967 2672 1052 2735 Ὦς
1090 2673 1127 2727 ά
1179 2689 1243 2740 γε
1275 2671 1371 2726 νῦν
1407 2676 1614 2738 ποιεῖς,
1647 2675 1708 2727 οὑ
1753 2677 2050 2746 χρημάτων

374 2760 767 2834 ἐπιθυμοῦντός
810 2761 980 2823 ἐστιν,
1015 2756 1152 2812 ἀλλά
1193 2757 1464 2822 δουλείας,
1495 2760 1590 2813 zeal
1633 2761 1926 2833 ἐπηρείας,
1956 2763 2050 2816 zeal

374 2852 599 2923 ζημίας,
623 2849 718 2904 zeal
741 2849 933 2919 ὀδύνης
958 2846 1257 2918 διηνεκοῦς.
1288 2848 1359 2900 Σὺ
1397 2846 1474 2911 δὲ,
1507 2845 1573 2900 ἂν
1602 2848 1704 2919 μέν
1732 2867 1815 2914 τις
1837 2849 2049 2923 ἀνθρώο

374 2956 494 2992 πων
521 2937 614 2991 ἐπὶ
644 2937 743 3007 τῆς
778 2935 879 3005 γῆς
912 2933 1075 2988 τόπον
1113 2933 1518 3004 ἀνεπηρέαστον
1549 2932 1699 3007 δείξῃ
1720 2935 1787 3001 ”,
1826 2935 1929 2989 κᾶν
1967 2938 2048 3000 είς

373 3024 543 3088 αὐτὴν
577 3023 820 3094 ἐξαγάγῃ
862 3022 959 3093 τὴν
991 3021 1222 3093 ἔρημον,
1253 3019 1623 3090 ὑποσχόμενος
1651 3023 1948 3092 ἀσφάλειαν
1978 3027 2044 3096 τῇ

374 3111 590 3183 φυλακῇ
620 3110 730 3164 τῶν
755 3109 1072 3181 χρημάτων,
1095 3107 1154 3162 οὑ
1191 3110 1492 3171 κατοκνεῖς,
1516 3108 1636 3162 οὐδὲ
1655 3109 1877 3182 ἀναδύῃ,
1908 3111 2045 3166 ἀλλά

372 3201 470 3254 zeal
498 3199 864 3272 ἐμπιστεύεις,
898 3198 991 3252 καὶ
1022 3197 1303 3260 ἐκϐάλλεις
1326 3197 1371 3229 ’⁸
1400 3199 1517 3251 ἐκεῖ
1540 3197 1606 3251 τὰ
1634 3196 1916 3270 χρήματα·
1948 3201 2041 3256 τοῦ

372 3287 508 3341 Θεοῦ
538 3288 594 3340 δέ
641 3287 761 3340 ἀντι.
789 3285 1090 3357 ἀνθρώπων
1121 3285 1552 3356 ὑπισχνουμένου
1591 3303 1673 3339 σοι
1715 3288 1873 3341 τοῦτο
1897 3328 1912 3351 ,
1950 3290 2043 3343 καὶ

372 3376 495 3446 οὐχὶ
539 3375 638 3446 τήν
691 3375 914 3447 ἔρημον,
961 3374 1094 3427 ἀλλά
1149 3373 1242 3428 τὸν
1291 3373 1518 3445 οὐρανὸν
1562 3374 1935 3445 προτιθέντος.
1971 3377 2042 3431 τά

372 3464 591 3518 ἐναντία
621 3462 910 3534 καταδέχῃ.
947 3461 1202 3530 Καίτοιγε
1244 3459 1345 3515 κᾶν
1382 3463 1639 3533 μυριάκις
1675 3463 1732 3516 ἐν
1773 3463 2040 3537 ἀσφαλείᾳ

372 3551 599 3623 γένηται
627 3552 648 3582 ¹
700 3550 869 3611 κάτω,
906 3549 1004 3620 τῆς
1035 3549 1307 3620 φροντίδος
1335 3550 1587 3603 οὐδέποτε
1621 3551 1904 3623 ἐλεύθερος
1944 3571 2034 3622 γε·

370 3639 556 3693 νέσθαι
587 3638 807 3710 δυνήσῃ.
844 3635 964 3691 Κάν
1007 3639 1117 3708 γάρ
1160 3637 1236 3708 μὴ
1262 3637 1552 3709 ἀπολέσῃς,
1589 3638 1684 3692 τοῦ
1735 3641 2040 3712 φροντίζειν

373 3727 448 3797 μὴ
480 3725 752 3796 ἀπολέσῃς
786 3725 832 3757 ³ο
865 3722 1121 3777 οὐδέποτε
1162 3724 1550 3800 ἀπαλλαγήσῃ.
1599 3726 1746 3780 Ἐκεῖ
1783 3728 1840 3782 δὲ
1887 3729 2038 3783 οὐδὲν

371 3814 654 3884 ὑποστήσῃ
687 3812 890 3866 τούτων
909 3829 924 3843 ·
954 3811 1130 3867 καὶτὸ
1161 3811 1226 3884 δὴ
1258 3811 1441 3878 πλέον,
1481 3813 1562 3866 ότι
1594 3813 1654 3867 οὑ
1688 3810 2038 3888 κατόρύττεις

367 3903 430 3957 τὸ
457 3903 677 3974 χρυσίον
712 3901 892 3972 μόνον,
923 3900 1058 3954 ἀλλά
1084 3900 1178 3954 zeal
1222 3901 1495 3969 φυτεύεις.
1533 3902 1607 3955 Τὸ
1634 3902 1744 3974 7&9
1780 3905 1911 3958 αὑτὸ
1942 3906 2037 3959 zeal

369 3989 640 4061 θησαυρός
675 3990 792 4041 ἐστι
824 3986 919 4042 zeal
943 3987 1142 4058 σπόρος
1161 4002 1176 4018 ·
1214 3987 1415 4056 μᾶλλον
1441 3988 1497 4042 δέ
1526 3990 1804 4063 ἑκατέρων
1834 3992 2035 4047 τούτων

367 4076 550 4131 πλέον.
591 4076 648 4130 '0
685 4075 783 4147 μὲν
829 4075 937 4146 γάρ
971 4076 1169 4146 σπόρος
1201 4075 1262 4128 οὑ
1318 4075 1468 4147 μένει
1514 4077 1840 4143 διαπαντὸς,
1878 4079 2034 4134 τοῦτο

365 4163 423 4216 δὲ
464 4163 616 4235 μένει
665 4163 947 4233 διηνεκῶς.
990 4163 1159 4217 Πάλιν
1205 4165 1233 4217 ό
1283 4163 1559 4236 θησαυρὸς
1605 4167 1667 4219 οὑ
1722 4165 2031 4237 βλαστάνει,

365 4243 519 4315 οἶτος
550 4249 926 4315 δέἀθανάτους
947 4267 1029 4303 σοι
1069 4251 1222 4323 φέρει
1247 4251 1513 4323 καρπούς.
1551 4253 1614 4305 Εί
1639 4251 1696 4306 δὲ
1728 4253 1821 4307 τὸν
1845 4255 2034 4326 χρόνον

367 4355 460 4408 μοι
503 4338 701 4408 λέγεις,
733 4340 828 4393 zeal
866 4341 965 4411 τὴν
1003 4337 1270 4411 ἀναϐολὴν
1311 4339 1410 4410 τῆς
1442 4339 1771 4404 ἀποδόσεως,
1803 4340 1910 4410 ἔχω
1937 4342 2034 4412 μὲν

361 4427 460 4482 καὶ
490 4426 602 4496 ἐγὼ
641 4427 845 4493 δεῖξαι,
878 4427 974 4481 καὶ
1007 4428 1183 4482 είπεῖν
1231 4428 1332 4482 ὅσα
1376 4428 1471 4480 zeal
1509 4427 1741 4481 ἐνταῦθα
1783 4427 2034 4498 ἀπολαμ-

362 4511 579 4578 ϐάνειςο
611 4514 783 4585 χωρὶς
808 4515 867 4569 δὲ
891 4513 1116 4582 τούτων,
1151 4515 1246 4569 zeal
1283 4515 1378 4570 ἀπ’
1416 4515 1593 4571 αὑτῶν
1621 4515 1729 4570 τῶν
1765 4515 2033 4587 βιωτικῶν

427 4627 771 4704 ¹¹ᾳαίδτῶπμΒζ
799 4629 1165 4704 ’[ΗΘῌῼῼΝ.
1180 4630 1336 4683 Κατά
1367 4629 1734 4702 φιλαργύρων.
1757 4631 1820 4704 Α.
1883 4631 2094 4704 ²³Ῠπῶς]
2115 4631 2237 4704 ειιίιὶζ

358 4697 600 4821 ξαγῆναι
643 4700 708 4752 Α.
732 4700 792 4753 C.
837 4698 901 4757 Ι),
977 4701 1022 4730 ⁸⁸
1046 4700 1340 4772 δυνήσηται
1365 4697 1420 4755 (ἐι
1459 4697 1516 4770 ι’).
1545 4697 1910 4786 ρ.’ἐπιμείνῃς
1931 4703 1982 4756 E4

393 4785 472 4821 εις
489 4769 548 4821 Β.
568 4767 627 4821 F.
657 4768 796 4821 Infra
819 4769 1195 4821 προστιθέντος
1210 4771 1275 4821 Α.
1291 4770 1353 4821 C.
1429 4772 1474 4802 ³⁹
1507 4772 1753 4821 γένηταιι
1778 4787 1952 4821 κειται

2253 4697 2384 4774 είξῖῃ]
2421 4719 2502 4756 σοι
2531 4702 2678 4773 δείξῃ
2710 4703 2845 4758 ΕάιΙ.
2869 4697 3029 4772 ράϋιο
3055 4712 3180 4756 ante
3201 4697 3292 4756 Σοὶ
3321 4697 3378 4756 δὲ
3397 4703 3459 4755 C.
3535 4702 3580 4734 "‘
3602 4703 3648 4766 ἐς

2253 4771 2422 4821 έσθαι]
2441 4773 2765 4821 γενήσεσθαι
2788 4775 2920 4821 Edd.
2997 4774 3041 4804 ³ο
3065 4772 3174 4821 Sic.
3199 4772 3258 4821 F.
3292 4773 3496 4821 μήποτε
3524 4771 3648 4821 ἀπο]

393 4771 548 4844 ειςΒ.
564 4771 796 4844 ξκῃιίηι
809 4771 1195 4844 προστιθέντος
1210 4771 1275 4844 gl.
1291 4771 1371 4844 Q._
1429 4772 1474 4802 ³⁹
1507 4772 1754 4844 γένηται]
1778 4771 1952 4844 κεῖται

2253 4771 2422 4844 esea]
2441 4771 2765 4844 γενήσεσθαι
2787 4771 2921 4829 Edd.
2997 4774 3041 4804 '°
3065 4772 3174 4844 Sic.
3198 4772 3258 4827 F.
3290 4773 3496 4844 μήποτε
3524 4771 3806 4844 ἀπολέσῃς

425 4767 548 4842 ιςΒ.
565 4767 796 4842 Εηίιιίιθο
812 4767 1275 4842 προστιθέντος
1291 4770 1371 4842 0.,
1429 4767 1478 4802 ³⁵
1507 4767 1728 4842 γένηται

1237 187 1296 246 Β.
1333 186 1619 246 ιοΑΝΝιδ
1653 189 1982 248 οιιιιγεοε·

2253 191 2492 248 ιΟΠΙΕΡ.
2536 195 3079 256 CONSTANTINOP.

3716 196 3811 250 ’Ξίὶὶ

2172 328 2230 364 σε
2265 312 2478 380 ἐλέγξαι
2513 315 2846 386 πειράσομαι
2873 316 3048 388 μάτην
3072 316 3243 386 ταῦτα
3268 317 3306 349 ³⁸
3347 317 3810 389 προφασιζόμενον.

2240 405 2314 464 ς’.
2349 400 2522 453 Πολλά
2548 402 2658 472 γὰρ
2690 401 2784 455 zeal
2811 404 2869 456 ἐν
2895 403 2973 473 τῷ
3004 395 3354 476 παρόντι
3381 407 3814 472 κατασκευάζεις,

2167 478 2243 538 ὧν
2277 486 2336 538 οὑ
2371 486 2583 556 μέλλεις
2624 487 2785 550 αὐτὸς
2820 489 3112 544 ἀπολαύειν
3135 507 3150 522 ο
3189 491 3296 543 κᾶν
3328 491 3530 560 ἐγκαλῇ
3559 508 3674 554 τις,
3709 493 3818 556 τοὺς

2166 573 2364 636 παῖδας
2388 574 2482 627 καὶ
2513 577 2638 638 τοὺς
2672 575 2895 628 ἐκείνων
2926 577 3125 641 παῖδας
3162 577 3618 648 προϐαλλόμενος,
3646 579 3818 649 ἱκανὴν

2164 659 2341 724 δοκεῖς
2399 661 2746 733 παραμυθίαν
2800 663 2909 716 τῶν
2965 665 3235 734 περιττῶν
3291 665 3581 736 εὑρηκέναι
3637 681 3817 721 πονων.

2166 745 2334 800 Ὅταν
2362 747 2470 818 γὰρ
2505 749 2564 801 ἐν
2596 749 2810 820 ἐσχάτῳ
2850 751 2996 821 γήρᾳ
3023 752 3312 822 γενόμενος
3345 753 3636 822 οἰκοδομῇς
3663 753 3819 818 οἰκίας

2164 833 2446 906 λαμπράς,
2485 830 2560 889 ὧν
2595 837 2700 908 πρὸ
2735 836 2830 890 τοῦ
2880 839 3070 901 τέλους
3108 839 3385 914 ἀπελεύσῃ
3430 841 3709 908 πολλάκις,
3739 843 3822 896 zeal

2162 921 2356 991 δένδρα
2385 922 2645 996 φυτεύῃς,
2675 923 2711 977 ἀ
2758 924 2896 995 μετά
2926 925 3097 978 πολλά
3137 924 3230 996 ἐτη
3277 926 3370 979 τὸν
3415 928 3626 997 καρπὸν
3656 928 3818 980 οἴσει·

2166 1006 2331 1078 [ὅταν
2351 1009 2396 1040 ³⁸
2435 1009 2674 1081 φυτεύῃς
2695 1011 2752 1062 ἐν
2774 1012 2971 1089 ,χωρίῳ
3009 1011 3222 1083 δένδρα,
3257 1005 3333 1065 ὧν
3363 1014 3499 1083 μετὰ
3534 1015 3705 1086 μυρία
3738 1015 3821 1086 ἐτη

2162 1095 2191 1146 ὁ
2223 1093 2430 1165 καρπὸς
2460 1093 2637 1167 ἦξει,]
2670 1095 2763 1150 zeal
2795 1096 2981 1158 οὐσίας
3027 1097 3305 1168 ἀγοράζῃς
3343 1099 3438 1151 zeal
3471 1099 3727 1169 κλήρους,
3758 1095 3822 1153 ὧν

2165 1183 2302 1254 μετά
2328 1182 2496 1236 πολὺν
2527 1183 2650 1254 δέξῃ
2672 1185 2861 1253 χρόνον
2884 1183 2983 1252 τὴν
3011 1183 3346 1251 δεσποτείαν,
3369 1185 3462 1238 zeal
3483 1185 3822 1257 ἐτεραπολλά

2159 1269 2383 1324 τοιαῦτα
2414 1269 2725 1341 φιλοπονῇς,
2751 1264 2826 1324 ὧν
2849 1272 2909 1325 οὑ
2940 1270 3212 1345 καρπώσῃ
3237 1272 3336 1343 τὴν
3362 1272 3664 1327 ἀπόλαυσιν
3687 1289 3701 1304 ’
3727 1270 3824 1344 ἆρα

2161 1357 2251 1410 διὰ
2274 1357 2500 1411 σεαυτὸν
2525 1355 2558 1427 ἢ
2595 1357 2684 1411 διὰ
2703 1358 2830 1421 τοὺς
2865 1359 3003 1428 μετά
3029 1358 3202 1411 ταῦτα
3232 1360 3437 1425 ποιεῖςς
3471 1359 3598 1422 Πῶς
3616 1355 3713 1413 οῦν
3735 1361 3822 1412 οὑκ

2160 1445 2397 1516 ἐσχάτης
2427 1445 2632 1508 ἀνοίας,
2662 1444 2896 1499 ἐνταῦθα
2921 1444 3023 1515 μὲν
3053 1446 3216 1516 μηδὲν
3243 1445 3429 1500 ἀλύειν
3458 1446 3594 1517 πρὸς
3615 1447 3716 1517 τὴν
3741 1447 3823 1500 τοῦ

2161 1533 2352 1604 χρόνου
2387 1532 2666 1603 μέλλησιν,
2702 1535 2796 1587 zeal
2837 1533 3009 1588 ταῦτα
3043 1534 3302 1605 μέλλοντα
3332 1536 3378 1566 ³³
3411 1536 3476 1588 ἐκ
3504 1537 3604 1604 τῆς
3633 1537 3823 1606 μελλή-

2157 1638 2294 1684 σεως
2319 1621 2522 1691 ταύτης
2551 1621 2768 1692 ἀπάσης
2793 1621 2900 1674 τῶν
2925 1621 3100 1676 πόνων
3122 1623 3407 1675 ἐκπίπτειν
3435 1623 3536 1692 τῆς
3561 1624 3793 1694 ἀμοιϐῆς
3809 1641 3821 1654 ο

2155 1709 2274 1761 ἐκεῖ
2306 1709 2363 1762 δὲ
2396 1708 2485 1762 διά
2525 1707 2624 1779 τὴν
2652 1708 2921 1778 ἀναϐολὴν
2962 1712 3188 1782 ναρκᾷν,
3217 1711 3312 1764 καὶ
3343 1709 3516 1764 ταῦτα
3546 1710 3711 1765 πλέον
3751 1728 3824 1765 σοι

2157 1795 2431 1867 φερούσης
2455 1796 2518 1849 τὸ
2552 1796 2762 1868 κέρδος,
2799 1797 2890 1849 zeal
2923 1797 3022 1850 οὑκ
3051 1799 3130 1860 εἰς
3165 1797 3386 1868 ἐτέρους
3423 1799 3824 1870 παραπεμπού·

2155 1901 2257 1956 σης
2277 1883 2344 1937 τὰ
2377 1883 2577 1952 ἀγαθὰ,
2603 1882 2738 1936 ἀλλά
2783 1884 2866 1937 σοὶ
2899 1883 3225 1955 κομιζούσης
3250 1883 3350 1948 τὰς
3377 1885 3616 1956 δωρεάς;
3647 1887 3822 1958 Χωρὶς

2152 1972 2211 2026 δὲ
2239 1972 2446 2025 τούτων
2485 1972 2605 2026 οὑδέ
2637 1975 2670 2042 ἡ
2707 1971 2943 2043 ἀναϐολὴ
2977 1972 3166 2043 πολλή.
3218 1974 3327 2026 Kal
3358 1974 3467 2044 7&9
3509 1975 3602 2026 ἐπὶ
3637 1974 3822 2045 θύραις

2151 2059 2222 2114 τά
2271 2061 2595 2132 πράγματα.
2637 2062 2730 2114 zeal
2763 2061 2862 2114 οὑκ
2897 2060 3054 2131 ῐσμεν
3086 2062 3158 2132 μή
3197 2078 3326 2114 ποτε
3375 2063 3466 2116 zeal
3495 2064 3553 2115 ἐν
3583 2065 3651 2134 τῇ
3699 2066 3822 2134 ἠμε-

2152 2146 2290 2220 τέρᾳ
2311 2151 2474 2220 γενεᾷ
2493 2148 2644 2212 τέλος
2664 2147 2774 2213 ἕξει
2795 2147 2863 2201 τὰ
2881 2147 3004 2201 καθ’
3022 2149 3168 2219 ἡμᾶς
3191 2149 3427 2215 ἅπαντα,
3447 2151 3539 2202 zeal
3564 2152 3597 2221 ή
3623 2151 3823 2221 φοϐερά

2157 2236 2530 2306 παραγένηται
2565 2235 2746 2306 ἡμέρα
2773 2234 2820 2266 ³⁵
2848 2234 3053 2306 ἐκείνη,
3093 2235 3154 2288 τὸ
3184 2236 3452 2306 φρικῶδες
3495 2238 3625 2307 ἡμῖν
3659 2239 3822 2290 ἐνδει-

2152 2322 2393 2393 κνυμένη
2427 2324 2522 2376 zeal
2558 2322 2854 2377 ἀδέκαστον
2885 2321 3254 2393 δικαστήριον.
3293 2325 3400 2378 Kal
3437 2323 3586 2397 [268]
3622 2325 3736 2396 γὰρ
3761 2325 3823 2378 τά

2153 2409 2378 2466 πλείονα
2404 2411 2515 2464 τῶν
2561 2411 2803 2482 σημείων
2851 2412 3202 2482 ἀπήρτισται,
3250 2413 3340 2465 zeal
3386 2412 3447 2464 τὸ
3492 2413 3824 2482 Εὑαγγέλιον

2153 2497 2336 2552 λοιπὸν
2369 2497 2646 2568 πανταχοῦ
2689 2497 2787 2568 τῆς
2827 2497 3151 2568 οἰκουμένης
3199 2501 3567 2570 κεκήρυκται,
3616 2501 3718 2554 zeal
3759 2500 3822 2554 τά

2150 2585 2259 2638 τῶν
2293 2585 2566 2655 πολέμων,
2599 2585 2696 2638 zeal
2735 2585 2803 2639 τά
2832 2585 2940 2637 τῶν
2971 2584 3228 2655 σεισμῶν,
3258 2587 3352 2639 zeal
3394 2585 3464 2640 τά
3505 2587 3614 2641 τῶν
3650 2587 3824 2659 λιμῶν

2151 2672 2335 2743 ἐξέϐη,
2367 2673 2463 2726 zeal
2495 2671 2556 2725 οὑ
2595 2671 2731 2725 πολὺ
2755 2671 2815 2724 τὸ
2845 2671 3027 2742 μέσον.
3065 2671 3202 2724 Ἀλλ’
3237 2673 3335 2743 οὑχ
3361 2674 3493 2744 ὁρᾷς
3523 2675 3820 2744 amula”;

2151 2761 2262 2814 Kal
2284 2757 2444 2813 τοῦτο
2469 2760 2602 2813 αὑτὸ
2636 2760 2892 2830 μέγιστον
2918 2761 3160 2828 σημεῖον.
3187 2760 3320 2812 Οὑδέ
3352 2760 3459 2831 γὰρ
3496 2761 3547 2812 οί
3575 2761 3670 2813 ἐπὶ⁵
3704 2761 3821 2814 Νῶε

2143 2842 2296 2901 ἐἶδον
2338 2847 2598 2919 προοίμια
2632 2847 2729 2917 τῆς
2771 2845 3144 2918 πανωλεθρίας
3173 2847 3418 2919 ἐκείνης,
3453 2847 3589 2901 ἀλλά
3619 2849 3822 2919 μεταξὺ

2153 2941 2460 3006 παίζοντες,
2491 2941 2779 3005 ἐσθίοντες,
2813 2940 3138 3012 γαμοῦντες,
3164 2940 3234 2994 τά
3260 2941 3461 3013 συνήθη
3493 2941 3821 3014 πράττοντες

2152 3029 2401 3093 ἅπαντα,
2454 3027 2597 3082 οὕτω
2630 3029 3050 3098 κατελήφθησαν
3091 3029 3197 3082 ὑπὸ
3243 3028 3342 3099 τὴς
3390 3028 3627 3100 φοϐερᾶς
3669 3031 3821 3101 δίκης

2151 3115 2386 3185 ἐκείνης.
2426 3117 2536 3168 Καὶ
2570 3116 2620 3171 οἱ
2652 3116 2709 3170 ἐν
2745 3117 2997 3186 Σοδόμοις
3033 3116 3092 3169 δὲ
3133 3117 3352 3186 ὁμοίως,
3379 3116 3695 3186 τρυφῶντες
3733 3119 3820 3172 zeal

2149 3203 2302 3257 οὑδέν
2352 3203 2692 3276 ὑφορώμενοι
2725 3205 2834 3258 τῶν
2877 3205 3276 3276 γεγενημένων,
3319 3205 3423 3259 ὑπὸ
3467 3206 3576 3258 τῶν
3617 3223 3820 3278 κεραυο

2149 3290 2256 3344 νῶν
2288 3290 2730 3363 κατεφλέχθησαν
2757 3291 2866 3346 τῶν
2891 3292 3010 3345 τότε
3041 3292 3493 3364 κατενεχθέντων.
3516 3293 3702 3364 Ἀπερ
3728 3291 3819 3347 οὖν

2149 3379 2361 3433 ἅπαντα
2381 3378 2708 3443 ἐννοοῦντες,
2728 3378 3142 3450 ἐπιστρέψωμεν
3173 3379 3396 3443 ἑαυτοὺς
3424 3379 3562 3451 πρὸς
3593 3379 3698 3451 τὴν
3725 3382 3820 3450 τῆς

2147 3465 2395 3520 ἐντεῦθεν
2431 3465 2742 3538 ἀποδημίας
2774 3467 3147 3536 παρασκευήν.
3183 3464 3300 3519 Κάν
3327 3465 3435 3536 γὰρ
3465 3467 3499 3535 ὴ
3534 3465 3692 3538 κοινὴ
3723 3467 3818 3537 τῆς

2147 3552 2456 3616 συντελείας
2481 3553 2665 3624 ἡμέρα
2690 3552 2956 3623 μηδέποτε
2983 3551 3029 3584 ³⁸
3057 3553 3273 3623 ἐπιστῇ,
3309 3551 3370 3604 τὸ
3398 3551 3628 3606 ἑκάστου
3663 3553 3818 3616 τέλος

2145 3639 2238 3694 ἐπὶ
2267 3640 2480 3711 θύραις,
2515 3639 2618 3694 κᾶν
2657 3638 2982 3708 γεγηρακώς
3017 3657 3100 3702 τις
3132 3635 3190 3710 ᾗ,
3229 3638 3335 3692 κᾶν
3378 3637 3526 3703 νέος⁶
3577 3640 3676 3693 zeal
3720 3640 3819 3693 οὑκ

2144 3727 2290 3782 ἐστιν
2322 3727 2570 3781 ἐντεῦθεν
2592 3726 2928 3791 ἀπελθόντας
2948 3725 3072 3780 οὕτε
3106 3727 3284 3781 ἔλαιον
3314 3725 3574 3798 πρίασθαι
3607 3728 3816 3791 λοιπὸν,

2143 3813 2264 3868 οὔτε
2310 3814 2604 3885 δεηθέντας
2646 3815 2920 3885 ἐπιτυχεῖν
2968 3812 3330 3884 συγγνώμης,
3359 3814 3464 3867 κᾶν
3495 3813 3754 3885 Ἀϐραὰμ
3788 3815 3817 3866 ό

2143 3903 2476 3974 παρακαλῶν
2497 3904 2538 3936 ³⁷
2563 3900 2620 3975 ᾗ,
2657 3903 2761 3958 κᾶν
2784 3901 2929 3970 Νῶε,
2963 3902 3066 3956 κάν
3107 3900 3249 3965 Ἰὼϐ,
3283 3901 3388 3956 κᾶν
3425 3902 3639 3972 Δανιὴλ.
3669 3903 3816 3965 Ἕως

2140 3987 2233 4044 οὖν
2262 3990 2452 4061 καιρὸν
2499 3989 2716 4061 ἔχομεν,
2759 3988 3200 4061 προαποθώμεθα
3238 3988 3452 4049 ἑαυτοῖς
3479 3987 3686 4058 πολλὴν
3714 3988 3817 4059 τὴν

2141 4077 2485 4149 παρρησίαν,
2517 4077 2914 4146 συναγάγωμεν
2955 4076 3129 4129 ἔλαιον
3187 4075 3440 4144 δαψιλὲς,
3487 4075 3815 4146 μεταθῶμεν

2139 4165 2356 4219 ἅπαντα
2397 4167 2476 4229 είς
2508 4165 2600 4219 τὸν
2637 4165 2885 4238 οὐρανὸν,
2928 4165 3016 4218 ἵνα
3063 4165 3122 4218 ἐν
3152 4163 3328 4235 καιρῷ
3360 4163 3438 4234 τῷ
3480 4166 3814 4234 προσήκοντι

2139 4252 2234 4306 zeal
2260 4246 2305 4321 ᾧ
2325 4253 2370 4286 ³⁸
2401 4252 2633 4322 μάλιστα
2661 4253 2840 4306 αὑτῶν
2872 4253 3124 4324 δεόμεθα,
3152 4253 3370 4307 πάντων
3389 4251 3809 4322 ἀπολαύσωμεν,

2139 4343 2320 4412 χάριτι
2355 4340 2451 4393 zeal
2495 4340 2874 4413 φιλανθρωπία
2901 4340 2997 4394 τοῦ
3030 4339 3236 4408 Κυρίου
3275 4338 3431 4410 ἡμῶν
3464 4339 3636 4407 Ἰησοῦ
3673 4341 3812 4410 Χρι-

2139 4429 2288 4492 στοῦ,
2312 4421 2357 4496 ᾧ
2380 4429 2413 4498 ἡ
2441 4427 2568 4492 δόξα
2597 4429 2690 4482 zeal
2716 4429 2778 4484 τὸ
2810 4429 3028 4501 κράτος,
3055 4427 3150 4482 νῦν
3181 4427 3276 4483 zeal
3304 4427 3412 4493 ἀεὶ,
3440 4428 3534 4480 zeal
3560 4430 3642 4488 είς
3676 4429 3811 4491 τοὺς

2137 4518 2337 4581 αἰῶνας
2363 4517 2472 4571 τῶν
2499 4516 2730 4572 αἰώνων.
2761 4519 2953 4588 ’Δμήν.

2267 4632 2399 4752 ﬁnal
2426 4634 2488 4686 A.
2518 4631 2669 4688 Arm.
2744 4632 2791 4665 “
2816 4631 2974 4704 κόρῃ]
3007 4632 3131 4687 add.
3161 4629 3438 4720 ὀφθαλμοῦ
3468 4633 3531 4683 A.
3560 4630 3624 4732 ~“
3647 4631 3808 4717 διαέ-

2267 4743 2272 4752 ,
2329 4702 2384 4752 η]
2421 4719 2502 4752 σοι
2531 4702 2677 4752 δείξῃ
2711 4703 2845 4752 Edel.
2869 4704 3029 4752 naulo
3055 4712 3180 4752 ante
3201 4703 3292 4752 Σοὶ
3321 4703 3378 4752 δὲ
3397 4704 3459 4752 (Α.
3535 4702 3555 4734 ³
3602 4703 3808 4752 ἐπιϐαλ-

2145 4703 2187 4735 ²⁷
2216 4702 2384 4774 δείξῃ]
2403 4719 2502 4774 ’σοι
2531 4702 2678 4773 δείξῃ
2710 4703 2845 4758 ΕάιΙ.
2869 4702 3029 4772 paulo
3055 4712 3180 4774 ante
3200 4703 3292 4774 ξολ
3321 4703 3378 4756 δὲ
3397 4703 3459 4755 C.
3535 4702 3580 4774 _"‘
3602 4702 3810 4774 ἐμϐάλ-

360 4772 472 4831 λεις
489 4772 548 4822 Β.
657 4772 796 4822 Infra
819 4772 1195 4840 προστιθέντος
1210 4772 1275 4824 Α.
1291 4772 1353 4824 C.
1429 4772 1474 4802 ³⁹
1507 4772 1754 4894 γένηταιέ
1778 4774 1952 4826 κεῖται

360 4837 424 4893 Ε.
449 4837 599 4918 Βρεμι
620 4838 740 4902 668,
765 4839 886 4918 6_6_9.
909 4839 1086 4918 Vgng
1109 4840 1182 4910 μὴ
1207 4839 1497 4918 ἀπολέσῃς,
1520 4857 1640 4918 q_u;_ae
1664 4859 1730 4896 νυ
1754 4858 1819 4913 go
1837 4842 1982 4918 gestu

2253 4772 2422 4844 έσθαι]
2441 4772 2765 4844 γενήσεσθαι
2787 4775 2921 4829 Edd.
2997 4774 3041 4804 '°
3065 4772 3174 4828 Sic.
3198 4772 3258 4827 F.
3290 4773 3496 4843 μήποτε
3524 4772 3801 4842 ἀπολέσῃς

2282 4845 2438 4918 c_odd_.
2465 4843 2667 4918 (coepi;
2696 4843 3189 4918 ngethqyoqqeuB.
3210 4843 3265 4896 in
3287 4859 3392 4918 quo
3414 4843 3609 4918 θαλεροί
3622 4842 3801 4918 oliui}:

357 4925 447 4986 τρι.
479 4908 574 4963 τοῦ
616 4908 919 4986 φροντίζειν
963 4908 1181 4986 Scilioet
1203 4908 1712 4986 .dupiox'anoléan;
1741 4908 1976 4986 _s'cribanz

2296 4913 2338 4943 "
2366 4914 2504 4986 αὑτά
2534 4908 2605 4966 BI
2854 4908 3072 4986 ³¹’ὃταν]
3108 4915 3233 4986 ὅταν
3263 4908 3369 4985 γὰρ
3619 4912 3682 4965 Ε.
3731 4912 3799 4966 F.

356 4975 638 5035 Caeterum
661 4975 714 5036 ἐἰ
746 4981 867 5050 quis
905 4995 990 5034 me
1027 4975 1307 5034 audacior"
1333 4975 1698 5050 importunaﬁz
1739 4981 1878 5037 hanc
1928 4982 2224 5038 clausulam
2255 4998 2320 5036 ex
2350 4984 2490 5038 serie
2519 4984 2780 5038 orationis
2813 4975 3077 5048 amoveat‘,
3116 4984 3251 5038 sciat
3276 4975 3401 5037 'non
3431 4983 3483 5037 id
3522 4983 3800 5036 facturum

357 5052 636 5124 0§se__sine
668 5050 993 5124 augoljitalo
1026 5050 1350 5124 intorprelis
1386 5051 1536 5124 Ann.
1564 5060 1620 5106 et
1649 5053 1814 5124 unius
1843 5053 2064 5116 codicis,
2093 5069 2288 5124 niempe
2328 5053 2458 5124 Reg.
2492 5054 2614 5116 669,
2641 5069 2802 5122 quem
2830 5056 3053 5108 molesta
3085 5053 3172 5124 illa
3203 5054 3414 5108 iteratio
3441 5052 3798 5124 non_invafsil.r.
3831 5113 3839 5119 ,

359 5119 406 5151 ³³
433 5120 721 5196 “ip-021a;
745 5120 882 5196 Ecld-
951 5121 1004 5196 .‘f
1026 5121 1197 5196 Verba
1217 5121 1593 5196 mmévnm
1617 5123 1799 5196 ἡμέρα
1815 5124 1982 5196 desim

2253 5133 2400 5194 opler
2412 5119 2728 5196 Ῑιοιιιωοιὲί.
2753 5123 3123 5196 δικαστήριον]
3143 5126 3424 5196 κριτήριον
3443 5124 3508 5196 Ι)ἐ
3524 5121 3622 5196 F._
3666 5123 3710 5154 ³⁸
3725 5123 3805 5176 ea

360 5193 556 5258 σημεῖα
587 5191 720 5246 Edd.
797 5193 841 5225 “
868 5192 1091 5264 μηδέπω
1117 5191 1251 5247 Edd.
1306 5191 1368 5224 ⁷³⁷
1403 5191 1880 5265 παρακαλούμενος
1907 5193 1966 5246 Β.

2283 5191 2404 5247 ἰηοχ
2438 5193 2648 5264 ἔχωμεν
2674 5194 2734 5248 C.
2765 5195 2827 5248 D.
2873 5194 2934 5248 F.
2967 5191 3054 5225 ’³⁸
3075 5191 3141 5266 ᾧ)
3172 5191 3260 5247 ὅτε
3291 5191 3358 5248 ll.
3387 5194 3448 5248 C.
3483 5194 3545 5246 Ι).
3585 5193 3644 5246 F.

1358 5332 1714 5342 ..ι-’-

356 5458 560 5544 οὐδεὶς
586 5457 630 5490 ⁸⁸
657 5457 906 5544 δύναται
933 5457 1074 5544 δοσί
1100 5459 1325 5544 κυρίοις
1350 5457 1662 5544 δουτίεύειγ
1679 5474 1692 5486 ο
1718 5457 1753 5525 ἢ
1779 5387 2237 5544 πζιρίῗὲίξιρΜΑδιῗάΑ
2248 5428 2506 5510 πλειόνων
2545 5455 2635 5510 τὸν
2667 5457 2795 5528 περὶ
2822 5456 2920 5527 τῆς
2951 5457 3334 5528 ἀκτημοσύνης
3372 5456 3584 5525 εἰσάγει
3610 5454 3796 5521 λόγον,

424 5531 532 5584 ἕνα
571 5526 821 5597 μισήσει
845 5567 859 5586 ,
900 5527 1004 5597 καὶ,
1054 5529 1158 5580 τὸν
1200 5529 1405 5596 ἕτερον·
1445 5527 1771 5597 ἀγαπήσειο
1808 5528 1846 5597 ἢ
1881 5527 1982 5581 ὲνὸ

423 5596 756 5664 ἀνθέξεται,
782 5597 881 5651 καί
914 5596 1020 5650 τοῦ
1047 5597 1253 5666 ἐτέρου
1290 5598 1753 5666 καταφρονήσει.

1987 5549 2020 5593 ς
2125 5545 2218 5598 zeal
2245 5543 2351 5615 τὴν·
2374 5547 2472 5616 τῆς
2497 5543 2858 5616 φιλαργυρίας
2889 5545 3213 5598 καταϐάλλει
3233 5546 3277 5576 ⁸⁰
3301 5543 3586 5614 τυραννίδα
3608 5562 3626 5611 ;
3655 5545 3800 5597 Οὐδὲ

2124 5631 2234 5704 γὰρ
2261 5632 2503 5703 ⁴ἠρκέσθη
2530 5635 2641 5695 τοῖς
2670 5631 3002 5702 ἔμπροσθεν,
3033 5633 3208 5685 καίτοι
3238 5621 3456 5694 ’πολλοῖς
3494 5631 3588 5685 zeal
3619 5631 3799 5700 μεγά-

424 5731 493 5777 α’.
539 5723 700 5793 Ὁρᾷς
732 5720 850 5784 πῶς
869 5717 1008 5773 κατά
1037 5719 1228 5791 μικρὸν
1263 5719 1370 5774 τῶν
1401 5719 1569 5772 ὄντων
1606 5718 1885 5788 ἀφίστησι,
1923 5719 2017 5772 zeal
2124 5719 2234 5785 λοις
2258 5715 2407 5774 οὖσιν
2429 5738 2443 5753 ·
2471 5719 2609 5774 ἀλλά
2640 5723 2734 5774 zeal
2761 5721 2922 5792 ἔτερα
2954 5719 3276 5792 προστίθησι
3317 5719 3536 5776 πλείονα
3575 5721 3670 5775 zeal
3697 5729 3793 5783 φορ

432 5840 474 5873 ”
500 5836 712 5904 Οὐδεὶς]
741 5835 864 5891 add.
894 5835 1108 5903 οἰκέτης
1136 5833 1198 5888 F.
1227 5835 1278 5888 1.
1307 5833 1475 5904 Mosq.
1543 5833 1588 5868 ⁸ο
1617 5833 1942 5888 ἐκϐἀ).λειΔ.
1977 5852 1982 5886 1

2253 5835 2325 5888 >.ει
2347 5836 2405 5890 D.
2433 5835 2557 5891 Sav.
2591 5836 2891 5904 exstinguat
2917 5835 3014 5891 Ge.
3047 5835 3200 5892 Arm.
