3868 6182
169 212 263 279 295

168 331 466 386 obruantur.
504 328 839 400 Quapropter
875 338 943 382 ne
999 325 1276 396 reSpicere
1316 320 1533 393 quidem
1584 316 1740 373 facile

169 431 398 493 possunt.
429 419 562 477 Nam
600 421 691 491 qui
738 420 790 474 iu
829 414 1070 473 tenebris
1099 423 1184 470 est
1213 420 1416 468 tantum
1435 452 1453 478 ,
1480 408 1595 465 sole
1623 406 1742 462 illu-

167 524 437 583 sescente,
469 514 538 570 ab
566 514 631 569 iis
679 513 969 577 liberatur;
1014 508 1106 580 qui
1148 521 1276 562 vero
1303 503 1476 560 oculis
1498 514 1740 558 excaeca-

169 623 243 665 tus
278 620 394 677 est,
445 623 619 681 neque
665 609 781 664 sole
825 608 1037 661 lucente
1076 603 1256 658 videt:
1290 600 1341 655 id
1385 597 1527 669 quod
1555 605 1609 651 et
1641 593 1740 664 ipsi

168 702 448 771 patiuntur.
477 700 662 770 Neque
683 698 827 757 enim
852 696 976 752 Sole
1001 693 1218 764 iustitia:
1245 692 1262 723 ¹
1289 690 1525 760 fulgente
1551 696 1604 741 et
1626 685 1744 739 hor-

168 802 302 847 tante
326 792 586 856 audiunt,
623 789 819 844 divitiis
855 786 1043 843 oculos
1085 785 1321 856 ipsorum
1351 775 1741 835 claudentibus.

165 888 501 953 Quapmpter
546 882 814 951 duplicem
865 877 1131 932 sustinent
1180 873 1476 929 emcitatem
1505 887 1518 922 :
1548 868 1741 933 aliain,

165 992 221 1030 ex
252 975 477 1044 seipsis,
518 973 701 1037 aliam,
733 969 873 1041 quod
903 968 1157 1038 Magistro
1183 981 1283 1020 suo
1309 979 1414 1018 non
1443 959 1739 1015 attendant.

166 1066 515 1120 Attendamus
562 1065 743 1133 itaque
792 1061 1076 1130 diligenter
1117 1056 1272 1112 dictis
1302 1055 1477 1118 illius,
1523 1061 1581 1105 ut
1620 1064 1744 1105 sero

166 1159 368 1213 tandem
416 1158 710 1212 videamus.
768 1155 834 1208 Et
886 1150 1156 1224 quomodo
1193 1148 1377 1203 videre
1418 1141 1746 1217 possumus?

165 1252 214 1306 Si
238 1252 416 1305 discas
442 1248 713 1320 quomodo
762 1253 1060 1301 exczeeatus
1108 1243 1202 1296 sis.
1253 1239 1533 1309 Quomodo
1588 1236 1748 1306 igitur

166 1353 457 1399 exeatcatus
486 1343 583 1395 es?
629 1342 668 1395 Δ
723 1339 857 1394 mala
898 1334 1350 1405 concupiscentia.
1402 1331 1553 1386 Sicut
1600 1329 1743 1385 enim

166 1434 426 1501 malignus
467 1431 661 1486 humor
688 1430 741 1484 in
773 1428 1027 1499 pupillam
1064 1424 1203 1479 oculi
1250 1438 1436 1494 puram
1479 1419 1745 1486 inﬂuens,

166 1529 235 1581 sic
262 1526 615 1597 pecuniarum
659 1536 811 1577 amor
848 1521 1070 1575 densam
1114 1518 1309 1572 nubem
1352 1518 1404 1570 in
1452 1524 1630 1569 mente
1657 1521 1745 1567 tua

170 1617 307 1672 fecit.
344 1617 545 1671 Verum
578 1614 715 1668 hanc
742 1611 939 1666 nubem
968 1611 1230 1681 dissipare
1255 1616 1310 1663 et
1336 1607 1641 1677 dirumpere
1666 1604 1745 1659 fa-

167 1711 259 1763 cile
272 1717 377 1774 est,
396 1708 444 1762 si
463 1706 665 1762 Christi
690 1703 950 1759 doctrina:
976 1702 1183 1756 radium
1202 1699 1532 1769 excipiamus
1554 1715 1569 1765 ;
1590 1696 1635 1752 si
1654 1713 1744 1751 au-

167 1800 368 1855 diamus
395 1799 546 1853 illum
578 1806 884 1852 monentem
916 1809 980 1849 ac
1003 1794 1268 1849 dicentem
1295 1810 1309 1845 :
1336 1791 1514 1846 Nolite
1545 1792 1751 1845 thesau-

166 1893 319 1946 τίων-ε
352 1892 494 1946 vobis
521 1891 784 1943 thesauros
808 1889 1039 1941 interra.
1081 1885 1146 1941 Et
1169 1885 1298 1956 quid
1342 1884 1469 1939 mihi
1510 1883 1751 1954 proderit

167 1983 457 2045 doctrinam
484 1980 691 2045 audire,
720 1994 840 2034 cum
886 1993 916 2033 a
952 1976 1243 2048 cupiditate
1289 1975 1570 2031 detinear‘!
1609 1976 1751 2031 Sane

166 2073 375 2145 quidem
420 2071 675 2143 frequens
721 2071 982 2126 doctrina:
1024 2068 1236 2123 auditus
1263 2068 1608 2139 cupiditatem
1635 2068 1750 2123 dis-

168 2167 369 2222 solvere
389 2166 609 2236 poterit.
634 2163 786 2232 Quod
827 2164 870 2218 si
917 2162 1163 2218 detentus
1204 2177 1548 2233 permaneas,
1576 2161 1750 2231 cogita

170 2273 274 2313 rem
305 2258 456 2314 illam
482 2272 589 2312 non
615 2271 737 2311 esse
772 2254 1005 2326 amplius
1033 2253 1399 2324 cupiditatem.
1436 2254 1565 2320 Qua:
1606 2253 1750 2308 enim

169 2351 429 2423 cupiditas
510 2349 815 2405 durissima:
851 2346 1095 2403 servituti
1125 2362 1246 2402 esse
1276 2345 1579 2416 subjectum
1607 2387 1621 2410 ,
1668 2353 1754 2416 ty-

169 2442 371 2498 rannidi
400 2440 711 2510 subjaeere,
744 2446 800 2495 et
843 2439 1077 2509 undique
1121 2438 1366 2507 alligari,
1418 2439 1469 2491 in
1516 2437 1751 2493 tenebris

168 2533 365 2589 versari
392 2543 453 2588 et
484 2532 711 2586 tumultu
758 2531 971 2601 plenum
1020 2544 1175 2595 esse,
1232 2529 1441 2585 labores
1486 2529 1625 2584 ferre
1668 2529 1752 2583 in-

169 2628 492 2691 fructuosos,
520 2624 642 2679 aliis
671 2622 923 2694 pecunias
941 2622 1178 2686 servare;
1206 2636 1349 2691 smpe
1375 2632 1551 2675 autem
1579 2620 1754 2675 inimi-

171 2721 286 2774 eis?
314 2718 438 2787 Qua
477 2731 609 2788 ergo
654 2715 769 2771 bzec
811 2712 1237 2785 concupiscentia
1269 2713 1425 2783 digna
1456 2713 1619 2768 sunt?
1649 2714 1756 2767 imo

172 2825 267 2881 qua
293 2824 407 2864 non
438 2806 560 2878 fuga
588 2815 642 2862 et
663 2820 823 2861 cursu
867 2815 990 2859 sunt
1030 2802 1423 2875 relinquenda?
1470 2803 1601 2871 Qua-
1627 2820 1756 2858 con-

167 2904 503 2978 cupiscentia
532 2902 816 2958 thesauros
840 2900 980 2955 inter
1006 2899 1151 2954 fures
1180 2897 1513 2954 recondere?
1538 2897 1590 2953 Si
1613 2898 1754 2952 enim

174 2997 390 3051 omnino
453 2994 711 3065 pecunias
754 2991 1119 3063 concupiscis,
1173 2990 1291 3046 illas
1318 3005 1384 3045 eo
1411 2990 1639 3046 transfer
1670 2991 1756 3044 ubi

174 3094 396 3156 possunt
449 3094 581 3140 tuta:
625 3093 680 3139 et
728 3083 949 3153 integra:
991 3096 1235 3136 manere.
1284 3080 1444 3136 Certe
1471 3097 1590 3152 qua:
1618 3095 1759 3136 nunc

174 3177 295 3234 facis
322 3192 432 3231 non
464 3184 592 3231 sunt
613 3174 1042 3244 eoncupisceutis
1089 3172 1373 3243 pecunias,
1402 3173 1495 3229 sed
1527 3174 1732 3228 servitu

173 3279 274 3324 tem
300 3310 314 3333 ,
346 3267 548 3324 damna
570 3306 587 3330 ,
633 3265 879 3330 mulctas,
923 3264 1273 3334 doloremque
1300 3274 1636 3334 perpetuum.
1678 3264 1758 3320 Τιι

173 3377 318 3425 vero,
373 3360 419 3415 si
448 3360 570 3430 quis
599 3359 692 3414 tibi
740 3357 899 3413 homo
944 3358 1115 3412 locum
1146 3359 1198 3412 in
1229 3368 1369 3412 terra
1401 3357 1759 3414 inviolabilem

175 3452 513 3516 ostenderet,
541 3451 748 3506 etiamsi
776 3460 828 3505 te
853 3451 903 3505 in
933 3450 1203 3505 desertum
1235 3449 1507 3517 educeret,
1538 3453 1759 3521 promit-

174 3554 290 3601 tens
341 3544 591 3616 pecuniis
637 3544 742 3598 tuis
788 3545 1132 3598 securitatem
1179 3561 1193 3599 :
1245 3560 1350 3598 non
1393 3546 1757 3613 cunetareris,

174 3654 347 3709 neque
389 3651 706 3703 recusares,
753 3637 847 3692 sed
889 3636 1143 3707 pecunias
1187 3635 1259 3692 ibi
1298 3651 1421 3692 eum
1450 3638 1637 3693 lidueia
1666 3638 1762 3694 de-

176 3744 404 3800 poneres
429 3746 444 3784 :
469 3727 583 3783 Deo
609 3737 810 3792 autem,
842 3742 944 3782 non
969 3726 1184 3782 homine
1205 3726 1257 3782 id
1284 3726 1373 3783 tibi
1398 3728 1759 3797 promittente,

175 3838 270 3876 nec
299 3822 603 3883 desertum,
630 3820 724 3874 sed
752 3819 945 3873 eaalum
976 3829 1338 3890 proponente,
1379 3820 1645 3875 contraria
1673 3834 1764 3876 ae-

177 3913 307 3984 cipis
334 3931 344 3963 :
372 3926 697 3981 quamquam
724 3910 933 3965 etiamsi
966 3910 1236 3966 tutissime
1254 3911 1471 3980 jaceant
1493 3911 1763 3979 reposita,

181 4016 236 4060 tu
256 4018 552 4075 numquam
580 4002 939 4060 sollicitudine
958 4018 1153 4059 vacuus
1176 4017 1296 4059 esse
1322 4005 1515 4074 possis.
1546 4002 1766 4059 Etiamsi

186 4104 324 4155 enim
351 4117 461 4155 non
491 4101 706 4171 perdas,
742 4114 1039 4169 numquam
1064 4112 1093 4151 a
1110 4097 1478 4152 sollicitudine
1500 4098 1762 4168 perdendi

188 4192 520 4247 liberaberis.
538 4190 836 4246 lllicautem
854 4190 987 4244 nihil
1001 4188 1342 4259 prorsustale
1355 4187 1594 4258 patieris:
1609 4199 1773 4261 atque

192 4285 327 4351 quod
347 4295 432 4336 est
446 4283 645 4353 majus,
666 4297 858 4337 aurum
890 4279 1467 4344 nondefodistantum,
1498 4281 1589 4335 sed
1611 4282 1775 4337 semi-

184 4385 296 4426 nas.
314 4370 713 4441 ldipsumenim
731 4384 813 4429 est
829 4383 882 4429 et
899 4374 1188 4428 thesaurus
1203 4383 1255 4426 et
1268 4387 1478 4438 semen;
1495 4373 1606 4427 imo
1622 4383 1775 4429 utro-

184 4472 285 4523 que
311 4460 503 4526 majus.
542 4456 740 4511 Semen
777 4457 973 4528 quippe
1021 4474 1127 4513 non
1174 4469 1354 4513 manet
1393 4475 1633 4530 semper,
1675 4462 1766 4517 ille

186 4560 306 4598 vero
337 4549 629 4602 thesaurus
676 4558 857 4603 manet
899 4558 1178 4620 perpetuo.
1221 4550 1451 4605 llursum
1483 4551 1764 4607 thesaurus

188 4638 265 4693 hic
296 4657 400 4694 non
441 4641 729 4711 germinat,
772 4641 862 4698 ille
901 4657 1032 4697 vero
1078 4644 1410 4699 immortales
1438 4644 1530 4698 tibi
1559 4644 1764 4699 fructus

188 4731 336 4797 ιλιι-ξι.
366 4731 523 4799 Quod
554 4733 599 4787 si
633 4743 843 4803 tempus
886 4734 1019 4789 mihi
1063 4734 1287 4804 objieias
1310 4778 1326 4799 ,
1355 4745 1409 4791 et
1450 4736 1762 4793 dilationem

187 4824 418 4881 reditus:
452 4840 669 4896 possum
700 4841 801 4896 ego
829 4826 923 4881 tibi
955 4827 1329 4885 demonstrare
1367 4840 1567 4901 quanta
1596 4833 1761 4889 etiam

242 4964 257 4993 ι
291 4961 420 5024 Vox,
430 4963 657 5027 justitic,
673 4964 820 5016 deest
842 4967 892 5016 in
914 4967 1220 5030 quibusdam.

194 5085 527 5101 ψ

1183 206 1251 264 IN
1290 195 1701 262 ΜΔΤΤΗᾹΞΠΜ
1760 196 1989 256 ΗοΜιι.
2033 200 2152 257 XXI
2191 203 2261 259 al.
2305 199 2469 258 XXII.

529 5084 3256 5111 _________________________________________

3324 206 3429 263 293

1848 316 1935 372 hic
1977 318 2247 389 accipias;
2275 328 2473 389 praeter
2512 318 2627 383 hzec
2662 325 2841 373 autem
2879 332 2945 374 ex
2982 318 3113 389 ipsis
3159 320 3434 377 metuari-

1845 407 1947 465 bus
1973 419 2026 465 te
2052 410 2330 466 confutare
2356 410 2593 477 tentabo,
2626 418 2681 467 et
2707 410 2996 468 ostendere
3020 420 3073 467 te
3097 412 3289 467 frustra
3318 413 3434 474 hazc

1846 501 2101 570 objicere.

1918 593 1972 649 6.
2014 592 2177 647 Multa
2204 593 2344 647 enim
2372 592 2424 647 in
2453 593 2707 663 praesenti
2726 594 2832 648 vita
2864 609 3042 665 paras,
3065 597 3260 665 quibus
3279 613 3434 652 num~

1848 700 2005 755 quam
2035 686 2256 751 frueris;
2284 695 2339 741 et
2363 686 2406 742 si
2438 687 2557 757 quis
2588 696 2639 742 te
2671 687 2769 742 hac
2793 688 2859 743 de
2895 704 2953 743 re
2976 699 3184 759 arguat,
3215 691 3353 746 filios
3383 702 3438 745 et

1851 787 2071 848 nepotes
2099 778 2396 849 proferens,
2429 779 2672 834 idoneam
2705 779 2796 835 tibi
2821 780 3018 835 videris
3047 781 3436 850 superfluorum

1850 868 2092 924 laborum
2132 870 2555 926 consolationem
2598 874 2881 941 reperisse.
2907 872 3041 927 Cum
3083 875 3224 928 enim
3259 876 3311 930 in
3337 890 3438 929 ex-

1853 973 2019 1018 trema
2050 972 2328 1018 senectute
2356 963 2664 1033 splendidas
2689 965 2954 1019 constrnis
2988 966 3151 1029 aedes,
3181 981 3299 1035 qua:
3337 983 3438 1020 an-

1852 1067 2062 1127 tequam
2092 1056 2434 1125 perﬁciantur
2458 1072 2600 1125 saepe
2631 1064 2685 1109 tu
2714 1055 2952 1117 decedis.
2973 1058 3262 1113 etarbores
3278 1060 3437 1126 seris,

1851 1165 1971 1220 quae
2016 1160 2134 1219 post
2175 1151 2369 1204 multos
2411 1164 2581 1221 annos
2611 1149 2837 1204 fructum
2868 1150 3105 1204 allatura:
3133 1162 3285 1217 sunt;
3317 1168 3437 1207 cum

1854 1245 1905 1297 in
1956 1259 2085 1314 agro
2129 1243 2347 1297 arbores
2393 1244 2631 1313 plantas,
2678 1259 2796 1313 qua:
2828 1252 2948 1312 post
2980 1245 3144 1298 multa
3173 1260 3437 1300 annorum

1852 1336 2115 1391 curricula
2158 1336 2388 1390 fructum
2421 1338 2623 1401 ferent;
2655 1352 2774 1391 cum
2802 1336 2999 1407 prmdia
3036 1338 3170 1393 emis
3198 1349 3253 1393 et
3280 1339 3440 1395 herew

1853 1427 2069 1492 ditates,
2098 1443 2324 1497 quorum
2358 1427 2650 1481 dominium
2685 1426 2851 1481 multo
2878 1436 2998 1497 post
3025 1436 3264 1498 tempore
3286 1429 3439 1483 habi-

1856 1529 2003 1574 turus
2049 1536 2129 1587 es,
2174 1520 2383 1590 aliaque
2433 1519 2595 1574 multa
2650 1534 2826 1589 paras,
2873 1534 3100 1590 quorum
3152 1536 3439 1592 numquam

1855 1611 2079 1666 frueris:
2106 1626 2173 1665 an
2220 1627 2315 1681 pro
2362 1621 2412 1666 te
2454 1611 2535 1665 vel
2566 1625 2664 1680 pro
2708 1611 3105 1667 successoribus
3150 1613 3263 1667 lucc
3287 1613 3442 1683 agis?

1853 1705 2134 1773 Quomodo
2164 1705 2323 1775 igitur
2347 1720 2454 1759 non
2483 1715 2737 1760 extrema:
2764 1705 3051 1761 dementitc
3081 1714 3185 1772 est,
3216 1705 3303 1761 hic
3331 1721 3442 1761 non

1854 1816 1995 1871 aegre
2016 1799 2157 1854 ferre
2183 1798 2440 1867 temporis
2462 1797 2792 1862 dilationem,
2820 1799 2919 1852 etsi
2949 1813 3044 1868 per
3065 1798 3209 1851 illam
3232 1797 3446 1853 dilatio-

1855 1908 1975 1948 nem
1998 1906 2026 1945 a
2053 1891 2299 1946 mercede
2328 1890 2564 1945 laborum
2587 1905 2686 1945 nos
2710 1891 2789 1960 pri
2801 1890 2998 1945 vandos
3020 1905 3141 1945 es<e
3163 1899 3441 1959 exspecte-

1854 1997 2006 2049 mus;
2038 1998 2158 2037 cum
2190 1982 2258 2038 de
2284 1982 2418 2037 etelo
2448 1992 2625 2037 autem
2661 1982 2854 2051 agitur,
2886 1989 3107 2051 propter
3132 1981 3443 2036 dilationem

1859 2083 2094 2145 torpere,
2123 2090 2244 2129 cum
2273 2081 2450 2128 tamen
2478 2074 2563 2129 illa
2594 2073 2780 2128 dilatio
2816 2073 2986 2143 majus
3013 2073 3105 2128 tibi
3132 2074 3337 2128 lucrum
3364 2074 3445 2129 af-

1858 2164 2016 2232 ferat,
2048 2181 2149 2221 nec
2172 2165 2236 2220 ad
2265 2164 2403 2219 alios
2448 2165 2586 2219 bona
2635 2164 2983 2227 transmittat,
3028 2163 3123 2219 scd
3169 2164 3265 2220 tibi
3305 2164 3445 2219 dona

1859 2260 2117 2314 tradenda
2148 2258 2447 2313 custodiat?
2478 2257 2679 2312 Prazter
2705 2256 2820 2311 hmo
2846 2266 3025 2312 autem
3055 2272 3159 2311 non
3188 2258 3342 2327 longa
3365 2268 3445 2313 est

1860 2352 1959 2405 ista
1991 2351 2175 2406 dilatio
2199 2349 2305 2421 (α).
2333 2349 2465 2404 Nam
2497 2348 2563 2403 ad
2592 2349 2736 2404 fores
2760 2363 2849 2404 res
2877 2348 3005 2419 ipsa:
3031 2357 3190 2405 sunt:
3214 2364 3313 2405 nec
3337 2351 3445 2404 sci-

1858 2458 1980 2499 mus
2005 2458 2131 2498 num
2164 2442 2299 2498 forte
2321 2443 2375 2496 in
2403 2443 2500 2496 hac
2527 2440 2868 2512 generatione
2884 2442 3061 2496 omnia
3087 2452 3266 2497 nostra
3286 2441 3448 2497 linem

1862 2536 2104 2597 habitura
2131 2535 2258 2599 sint,
2304 2547 2359 2589 et
2397 2533 2513 2589 dies
2549 2532 2638 2588 ille
2661 2528 2971 2588 tremendus
3000 2533 3071 2588 sit
3095 2534 3445 2600 adreuturus,

1862 2628 2188 2685 horrendum
2219 2626 2371 2693 illud,
2398 2637 2452 2683 et
2478 2627 2674 2681 nullam
2706 2642 3052 2696 personarum
3080 2627 3445 2698 acceptionem

1863 2721 2066 2778 habens
2088 2720 2319 2775 tribunal
2340 2729 2682 2775 ostensurus.
2706 2718 2840 2774 Nam
2883 2718 3139 2791 pleraque
3164 2721 3313 2790 signa
3336 2720 3449 2789 jam

1862 2812 2096 2885 perfecta
2117 2823 2261 2877 sunt,
2286 2828 2348 2867 ac
2367 2811 2581 2867 demum
2598 2811 2932 2881 evangelium
2961 2826 3057 2882 per
3080 2820 3247 2867 totum
3264 2813 3449 2867 orbem

1865 2905 2208 2976 praedicatum
2232 2903 2355 2969 fuit,
2387 2918 2450 2958 ac
2474 2903 2635 2969 bella,
2664 2912 2822 2958 torrat
2844 2912 3023 2957 motus
3053 2911 3104 2957 et
3132 2901 3299 2958 fames
3322 2917 3450 2959 eve-

1865 3009 2080 3063 nerunt,
2106 3013 2208 3054 nec
2238 3012 2489 3069 maguum
2526 2996 2636 3064 jam
2666 2994 3006 3051 intervallum
3035 3004 3138 3050 est.
3166 2994 3271 3051 Sed
3302 2997 3451 3067 signa

1866 3106 1973 3146 non
1995 3090 2179 3161 vides?
2201 3089 2266 3145 Et
2288 3090 2391 3144 hoc
2420 3089 2594 3158 ipsum
2624 3103 2873 3158 magnum
2901 3088 3111 3157 signum
3131 3096 3233 3143 est.
3268 3087 3452 3158 Neque

1865 3185 2009 3241 enim
2040 3185 2129 3255 qui
2160 3183 2273 3240 Noe
2301 3192 2540 3252 tempore
2560 3192 2713 3236 erant
2744 3183 2998 3251 prooemia
3023 3181 3290 3253 generalis
3316 3181 3455 3237 inte—

1866 3278 2000 3332 ritus
2029 3275 2305 3340 viderunt,
2336 3274 2428 3329 sed
2461 3273 2673 3328 interim
2704 3271 2972 3339 ludentes,
2994 3272 3237 3338 edentes,
3260 3287 3455 3328 uxores

1867 3368 2147 3435 ducentes,
2177 3375 2542 3435 consuetaque
2581 3363 2760 3419 omnia
2788 3372 3031 3432 agentes,
3063 3364 3141 3418 sic
3167 3379 3198 3419 a
3225 3364 3453 3419 terribili

1868 3461 1958 3516 illa
1986 3460 2186 3515 ultione
2206 3456 2527 3528 deprehensi
2549 3464 2693 3509 sunt.
2715 3454 3079 3524 Similiterque
3101 3457 3152 3508 in
3180 3454 3451 3523 Sodomis,

1866 3552 2072 3608 deliciis
2116 3564 2332 3621 operam
2374 3547 2586 3610 dantes,
2633 3545 2875 3616 nihilque
2901 3560 3086 3601 eorum
3123 3559 3243 3616 qua:
3272 3554 3452 3616 postea

1868 3642 2004 3698 facta
2031 3648 2158 3696 sunt
2184 3639 2536 3709 suspicantes,
2569 3635 2637 3693 ab
2666 3635 2919 3691 immissis
2949 3634 3260 3691 fulminibus
3299 3650 3453 3690 com-

1868 3735 2010 3791 busti
2034 3742 2179 3791 sunt.
2209 3732 2341 3800 Qua:
2369 3730 2548 3785 omnia
2587 3730 2908 3801 cogitantes,
2950 3728 3017 3785 ad
3065 3728 3452 3800 profectionem

1869 3825 1995 3882 hinc
2022 3822 2315 3896 paraudem
2334 3835 2440 3877 nos
2452 3830 2853 3878 convertamus.
2886 3819 3103 3875 Etiamsi
3156 3820 3459 3876 communis

1874 3915 1962 3970 ille
1990 3909 2470 3968 consummationis
2509 3922 2616 3963 non
2657 3908 2820 3963 instet
2847 3906 2991 3971 dies;
3032 3907 3458 3980 uniuscujusque

1874 4006 1994 4061 linis
2020 4005 2073 4060 in
2100 4003 2276 4074 januis
2297 4012 2398 4067 est,
2431 4002 2545 4057 sive
2563 4016 2729 4057 senex
2756 4000 2871 4055 sive
2890 3999 3106 4070 juvenis
3138 4000 3237 4064 sit;
3284 4018 3459 4072 neque

1874 4109 1998 4155 tunc
2026 4098 2199 4153 olequ
2242 4111 2423 4153 emere
2451 4094 2651 4161 licebit,
2697 4108 2873 4165 neque
2900 4102 3142 4164 petentes
3173 4095 3460 4162 impetrare

1871 4191 2104 4255 veniam,
2131 4190 2231 4245 etsi
2265 4186 2529 4243 Abraham
2559 4195 2829 4257 precetur,
2871 4184 2969 4238 etsi
3017 4182 3147 4245 Noe,
3190 4184 3291 4238 etsi
3333 4183 3461 4246 Job,

1870 4283 1969 4338 etsi
2004 4280 2207 4336 Daniel.
2258 4279 2438 4333 Donec
2485 4277 2645 4346 igitur
2694 4284 2903 4346 tempus
2930 4274 3207 4340 habemus,
3238 4274 3462 4329 multant

1872 4374 2027 4428 nobis
2054 4385 2300 4441 paremus
2328 4368 2597 4429 fiduciam,
2627 4366 2803 4422 oleum
2831 4366 2985 4419 nobis
3009 4365 3283 4435 copiosum
3311 4380 3464 4420 corn-

1871 4477 2143 4535 paretnus,
2171 4461 2350 4517 omnia
2384 4458 2768 4514 transferamus
2793 4457 2844 4511 in
2866 4456 3080 4521 uelum,
3106 4465 3164 4511 ut
3189 4458 3238 4511 in
3260 4471 3462 4527 oppor-

1874 4563 2002 4610 tuno
2024 4565 2287 4623 tempore,
2307 4567 2414 4622 quo
2430 4549 2663 4605 maxime
2685 4548 2770 4604 his
2786 4563 3028 4618 egemus,
3046 4549 3294 4603 omnibus
3320 4549 3466 4604 frua-

1872 4663 2012 4714 mur,
2040 4644 2209 4716 gratia
2241 4652 2294 4698 et
2325 4642 2652 4713 benignitate
2679 4640 2887 4695 Domini
2921 4640 3089 4695 nostri
3132 4639 3258 4695 Jesu
3298 4639 3461 4696 Chri-

1872 4740 1961 4806 sti,
1987 4738 2072 4795 eui
2102 4736 2274 4807 gloria
2299 4745 2354 4791 et
2376 4734 2659 4805 imperium
2687 4748 2829 4790 nunc
2853 4742 2907 4789 et
2936 4748 3171 4805 semper,
3199 4745 3254 4789 et
3280 4735 3332 4788 in
3355 4749 3460 4788 δειξ-
3532 4718 3533 4721 η

1871 4831 1990 4888 cula
2012 4829 2356 4885 saeculorum.
2384 4828 2579 4882 Amen.

1938 4969 2011 5033 (α)
2042 4965 2319 5029 Suspicatur
2341 4962 2708 5026 ChrySostomus
2728 4961 2872 5011 linem
2896 4959 3058 5009 mundi
3083 4958 3364 5008 adventare.

3260 5083 3458 5096 ~———.

1360 5170 1707 5238 HOMlLIA
1740 5174 1923 5237 XXI.
1960 5172 2048 5235 al.
2092 5168 2304 5231 XXII.

185 5297 306 5359 CAP.
343 5309 396 5364 6.
430 5324 480 5363 ν.
512 5308 605 5364 21.
640 5308 807 5364 Nemo
850 5320 1011 5379 potest
1045 5311 1243 5365 duobus
1271 5312 1492 5368 dominis
1531 5317 1716 5371 servire
1745 5333 1765 5371 :

244 5408 332 5451 aut
360 5400 496 5454 enim
522 5416 681 5453 unum
714 5400 832 5454 odio
877 5400 1092 5468 habebit,
1122 5412 1168 5456 et
1192 5405 1405 5459 alterum
1434 5405 1639 5478 diliget;
1678 5417 1766 5463 aut

247 5508 407 5546 unum
434 5491 720 5557 sustinebit,
743 5502 790 5548 et
812 5494 1026 5547 alterum
1049 5504 1349 5550 contemnet.

250 5584 304 5638 ι.
344 5582 548 5639 Smire
572 5584 803 5654 pecunia:
828 5586 1104 5639 maximum
1130 5586 1354 5651 malum;
1383 5603 1495 5641 eam
1520 5588 1770 5662 negligere

178 5677 460 5730 mximum
492 5677 702 5733 bonum.
734 5676 965 5734 Christus
993 5678 1138 5733 utilia
1164 5688 1333 5751 parat,
1365 5678 1487 5737 dum
1516 5685 1770 5739 contraria

1873 5314 2023 5369 tollit.
2040 5341 2113 5353 —
2131 5310 2294 5366 Vides
2318 5315 2377 5363 ut
2405 5304 2655 5376 paulatim
2683 5318 2713 5358 a
2738 5303 3089 5376 praesentibus
3116 5305 3277 5361 rebus
3296 5305 3468 5361 abdu-

1872 5414 1981 5472 cat,
2010 5418 2074 5459 ac
2099 5400 2342 5473 pluribus
2370 5397 2436 5453 de
2462 5404 2774 5465 contemptu
2812 5395 3115 5450 divitiarum
3158 5410 3463 5452 sermonem

1875 5499 2136 5561 instituat,
2183 5502 2239 5550 et
2282 5491 2616 5565 tyrannidem
2669 5487 2973 5559 cupiditatis
3009 5486 3256 5559 dejiciat?
3279 5489 3465 5559 Neque

1876 5590 2022 5647 enim
2047 5593 2333 5644 contentus
2361 5583 2447 5647 iis,
2478 5597 2597 5649 qua:
2624 5580 2869 5651 superius
2889 5580 3044 5650 dixit,
3068 5581 3275 5636 etiamsi
3301 5580 3462 5636 multa

1877 5695 1934 5742 et
1964 5684 2221 5757 prmelara
2252 5679 2340 5736 illa
2370 5678 2495 5747 sint,
2522 5678 2626 5734 alia
2652 5675 2834 5748 adjicit
2860 5675 3011 5748 plura
3039 5682 3096 5734 et
3121 5675 3456 5733 terribiliora.
