3868 6182
458 127 565 187 295

447 254 586 328 Quid
614 253 760 314 enim
782 252 850 314 iis
877 267 999 327 qua
1026 269 1170 313 nunc
1193 255 1445 313 dicuntur
1486 255 1794 327 terribilius,
1833 255 1880 314 si
1909 270 2040 328 pro-

443 355 568 419 pter
599 346 855 420 pecunias
879 361 913 403 a
936 346 1137 405 Christi
1156 349 1417 406 servitute
1438 340 1688 406 excidere
1699 346 2040 405 debeamus?

443 439 574 513 quid
622 438 1051 507 desiderabilius,
1082 440 1127 495 si
1159 440 1226 495 iis
1268 440 1589 511 contemptis
1634 440 1874 496 strictam
1913 456 2039 512 erga

445 547 571 588 eum
588 530 1014 589 benevolentiam
1042 539 1099 586 et
1122 532 1399 588 caritatem
1425 530 1656 589 habituri
1668 530 1873 586 simus?
1889 530 2039 600 Quod

445 626 823 697 enim‘semper
842 626 984 693 dico,
1013 625 1118 681 hoc
1144 634 1201 681 et
1223 640 1366 682 nunc
1380 623 1574 690 dicam,
1593 625 1764 697 ipsum
1776 640 1880 695 per
1896 636 2041 680 utra-

445 717 877 787 que/auditorem
903 731 1097 774 acuere
1120 716 1187 772 ad
1216 715 1617 787 obsequendum
1642 714 1821 783 dictis,
1850 723 1906 772 et
1941 729 2039 785 per

432 810 596 867 utilia
616 816 672 867 et
693 824 789 879 per
810 809 1000 867 noxia:
1031 807 1484 881 quemadmodum
1513 807 1746 879 optimus
1774 807 2035 875 medicus,

443 912 503 963 et
525 903 775 963 morbum
795 919 862 960 ex
884 902 1226 975 negligentia,
1257 910 1311 958 et
1329 901 1610 957 sanitatem
1641 899 2036 957 ex=obedientia

440 1005 896 1056 eommoustrans.
928 994 1062 1052 Vide
1088 995 1265 1066 igitur,
1290 1000 1547 1064 quantum
1574 991 1662 1047 hic
1685 991 1890 1047 lucrum
1913 1005 2037 1045 rur-

442 1105 538 1147 sus
561 1088 831 1155 ostendat,
859 1097 916 1144 et
942 1081 1390 1158 quomodoutilia
1419 1090 1593 1154 paret,
1620 1082 1748 1139 dum
1769 1081 2034 1139 contraria

445 1181 603 1238 tollit.
636 1180 819 1250 Neque
842 1178 1007 1244 enim,
1034 1173 1226 1247 inquit,
1239 1173 1437 1232 divitia:
1463 1173 1583 1230 ideo
1612 1182 1814 1229 tantum
1841 1182 2037 1229 nocent

430 1274 618 1343 ambis,
658 1273 802 1345 quod
827 1271 976 1328 fures
1003 1277 1190 1326 contra
1219 1282 1310 1322 vos
1337 1266 1501 1323 armis
1528 1266 1814 1332 instruant,
1860 1279 2035 1337 neque

422 1367 584 1439 'qnod
613 1375 845 1423 mentem
882 1360 1103 1420 omnino
1142 1359 1378 1417 tenebris
1402 1358 1709 1424 effundant;
1750 1357 1847 1415 sed
1872 1358 2032 1414 etiam

419 1459 586 1531 'quo’d
614 1473 679 1515 es
703 1455 961 1513 servitute
989 1454 1083 1511 Dei
1105 1468 1202 1511 vos
1217 1453 1469 1524 dejiciant
1489 1494 1507 1520 ,
1535 1450 1839 1507 inanimatis
1869 1465 2035 1521 pecu-

436 1551 671 1606 niisvos
696 1548 942 1621 captivos
967 1546 1260 1611 tradentes,
1292 1552 1348 1600 et
1391 1544 1638 1616 utrinque
1668 1551 1951 1609 nocentes,
1977 1549 2035 1599 et

437 1642 583 1714 quod
605 1657 797 1700 servos
823 1639 1057 1698 efﬁciam
1086 1652 1276 1695 eorum
1300 1636 1491 1710 quibus
1520 1637 1783 1707 imperare
1807 1634 2033 1692 debere-

420 1753 578 1803 mus,
602 1745 658 1794 et
681 1735 824 1807 quod
856 1749 950 1791 vos
973 1750 1003 1789 a
1030 1733 1287 1790 servitute
1313 1732 1406 1788 Dei
1434 1730 1707 1801 dejiciant,
1746 1730 1833 1786 cui
1863 1727 2032 1785 maxi-

436 1845 526 1887 me
563 1829 767 1886 servire
810 1841 1035 1884 necesse
1079 1825 1231 1882 vobis
1268 1832 1370 1880 est.
1388 1821 1857 1892 Quemadmodum
1885 1820 2027 1879 enim

436 1919 549 1977 lilic
569 1906 730 1977 etiam
750 1917 950 1990 duplex
978 1931 1098 1973 esse
1124 1925 1504 1971 nocumentum
1525 1913 1778 1980 ostendit,
1796 1921 1862 1969 et
1887 1911 2029 1984 quod

436 2014 510 2071 ibi
534 2013 894 2085 deponantur,
924 2009 1014 2067 ubi
1039 2023 1221 2080 azrugo
1266 2007 1523 2074 corrodit,
1552 2016 1609 2063 et
1644 2005 1787 2078 quod
1815 2006 1886 2067 ibi
1917 2020 2025 2063 non

429 2106 794 2178 deponantur,
821 2102 911 2159 ubi
934 2111 1043 2158 tnta
1063 2100 1304 2157 custodia
1322 2115 1339 2158 :
1360 2098 1440 2156 sic
1478 2106 1533 2155 et
1575 2097 1676 2154 hoc
1701 2098 1818 2155 loco
1846 2096 2025 2168 dupli-

427 2213 556 2256 cem
580 2212 779 2255 nosam
823 2194 1080 2261 ostendit,
1120 2201 1176 2250 et
1216 2192 1360 2263 quod
1401 2207 1432 2248 a
1472 2192 1583 2248 Deo
1608 2190 1942 2257 abstrabant,
1972 2199 2027 2247 et

433 2288 579 2361 quod
619 2303 884 2345 mamonae
911 2286 1215 2357 subjiciant.
1257 2283 1364 2341 Sed
1404 2299 1511 2340 non
1550 2283 1729 2339 statim
1770 2282 1822 2339 id
1852 2281 2023 2355 ponit,

432 2380 530 2443 sed
559 2379 611 2441 id
640 2380 789 2451 prius
812 2393 877 2436 es
903 2377 1279 2436 communibus
1309 2384 1461 2448 parat
1486 2374 1801 2443 ratiociniis,
1837 2375 1916 2431 sic
1936 2373 2025 2430 di-

432 2486 595 2530 cens:
619 2470 788 2527 Nemo
817 2478 981 2543 potest
1022 2467 1219 2524 duobus
1259 2467 1479 2523 dominis
1510 2466 1694 2522 servire
1716 2481 1735 2521 :
1761 2466 1901 2524 duos
1938 2465 2029 2523 hic

421 2563 619 2621 dicens
645 2564 734 2635 qui
763 2562 1030 2620 contraria
1063 2560 1391 2632 pmipiant.
1418 2558 1551 2615 Nam
1577 2558 1621 2615 si
1648 2558 1700 2615 id
1726 2574 1829 2616 non
1856 2567 2022 2628 esset,

431 2670 539 2712 non
566 2653 673 2711 duo
696 2651 896 2710 forent.
926 2651 1059 2708 Nam
1090 2649 1439 2706 lenitudinis
1468 2650 1777 2706 credentium
1801 2659 1910 2705 erat
1936 2666 2025 2705 cor

431 2762 591 2803 unum
617 2755 664 2802 et
689 2746 862 2802 anima
886 2761 992 2800 una
1022 2743 1159 2815 (Act.
1190 2744 1246 2800 Δ.
1288 2743 1378 2814 '52)
1400 2761 1414 2799 :
1435 2742 1560 2799 licet
1584 2743 1727 2798 enim
1755 2751 1938 2800 essent
1966 2743 2021 2799 in

434 2838 585 2906 plura
599 2851 821 2908 corpora
837 2835 1015 2904 divisi,
1032 2843 1267 2892 attamen
1282 2834 1564 2891 concordia
1580 2835 1629 2905 pl
1637 2834 1836 2890 nrimos
1855 2850 2018 2891 unum

426 2929 717 2988 efﬁciebat.
746 2927 948 2986 Deinde
968 2927 1059 2985 illa
1084 2928 1383 2996 cumnlans,
1406 2927 1564 2983 dicit:
1586 2926 1702 2983 Non
1732 2928 1895 2984 modo
1912 2943 2017 2984 non

428 3024 648 3091 serviet,
689 3022 783 3079 sed
812 3023 970 3078 etiam
1002 3019 1125 3077 odio
1155 3020 1371 3077 habebit
1416 3028 1471 3076 et
1513 3021 1844 3077 aversabitur
1871 3037 1886 3076 :
1917 3021 2019 3076 Aut

424 3118 563 3173 enim
587 3132 745 3172 unum
772 3115 891 3170 adio
917 3114 1136 3179 habebit,
1169 3113 1361 3185 inquit,
1385 3123 1434 3168 et
1458 3112 1674 3169 alterum
1703 3111 2018 3185 diliget;eut

426 3225 587 3265 unum
612 3208 897 3276 sustinebit,
920 3216 971 3263 et
993 3207 1208 3262 alterum
1233 3213 1533 3261 contemnet.
1565 3207 1643 3261 Ac
1671 3204 1881 3260 videtur
1899 3206 2017 3277 qni-

423 3301 547 3357 dom
574 3299 658 3357 bis
683 3299 910 3370 idipsum
939 3296 1170 3365 dixisse;
1201 3296 1297 3354 sed
1321 3312 1429 3352 non
1452 3296 1569 3353 sine
1607 3310 1766 3352 causa
1795 3296 1875 3353 sie
1899 3311 2015 3352 rem

421 3390 782 3456 concinnavit,
809 3387 906 3446 sed
948 3396 1005 3445 ut
1044 3387 1353 3445 ostenderet
1380 3386 1587 3444 facilem
1617 3401 1738 3445 esse
1763 3387 2014 3445 mutatio-

420 3498 544 3541 nem
573 3483 626 3539 in
652 3481 865 3539 melius.
884 3478 963 3538 Ne
987 3479 1196 3538 diceres
1220 3479 1385 3545 enim,
1423 3477 1600 3535 Semel
1627 3493 1813 3535 servus
1839 3477 2011 3534 iactus

1101 214 1108 222 .
1148 137 1217 197 ‘8.
1248 135 1536 197 'JOANNIS
1568 133 2051 197 CHRYSOSTOMI
2086 136 2406 199 ARCHIEP.
2443 140 2980 202 CONSTANTINOP.
3631 148 3713 210 296

2150 254 2248 317 sed
2297 258 2522 329 captivis
2571 260 2899 332 quibuslibet
2940 262 3176 321 deterius
3221 264 3418 331 allecti.
3451 244 3717 337 mamonae,

2146 350 2299 421 quasi
2328 356 2557 421 tyranno
2577 350 2788 406 cuidam
2816 353 3010 409 acerbo
3034 355 3231 411 tributa
3264 355 3578 427 pendentes.
3605 357 3718 414 Nam

2146 442 2296 513 quasi
2323 456 2502 499 arcem
2526 442 2809 514 quamdam
2858 446 3094 515 ipsorum
3134 445 3372 503 animum
3401 462 3552 503 amor
3578 464 3720 520 pecu-

2145 533 2353 591 niarum
2382 534 2595 603 invasit,
2623 543 2679 592 et
2698 535 2945 590 mandata
2973 537 3117 594 omni
3140 538 3294 609 plena
3318 539 3593 612 iniquitate
3614 541 3722 598 inde

2143 625 2276 696 ipsis
2300 627 2462 682 mittit
2482 629 2717 699 quotidie
2738 647 2754 686 :
2776 644 3041 702 nemoque
3060 640 3145 687 est
3163 633 3253 703 qui
3273 632 3371 703 ipsi
3396 648 3498 690 non
3525 635 3722 691 obtem-

2144 726 2315 785 peret.
2348 717 2427 775 Ne
2461 720 2638 790 itaque
2664 720 2716 775 in
2744 736 2942 778 vanum
2970 720 3381 793 pliilosOpheris.
3408 724 3539 779 Nam
3565 726 3722 783 semel

2146 808 2286 864 Deus
2305 811 2625 867 sententiam
2657 811 2800 881 tulit,
2831 813 3073 886 dixitque
3099 829 3205 868 non
3237 828 3396 884 posse
3426 815 3562 871 liaiie
3588 826 3641 870 et
3662 817 3722 871 il-

2141 900 2249 956 lam
2266 901 2574 959 servitutem
2595 918 2698 958 una
2713 919 3056 963 concurrere.
3078 903 3159 962 Ne
3174 904 3322 960 dicas
3337 920 3466 976 ergo
3482 913 3558 970 tu,
3578 921 3725 974 posse

2140 1003 2484 1049 concurrere.
2512 993 2643 1049 Cum
2663 995 2806 1050 enim
2835 995 2926 1052 ille
2952 1011 3160 1066 rapere,
3185 995 3273 1055 hic
3290 1011 3413 1054 sese
3435 997 3724 1066 exspoliare

2135 1078 2352 1151 jnheat;
2372 1081 2459 1140 hic
2484 1094 2690 1141 castum
2718 1100 2858 1152 esse,
2888 1087 2978 1142 ille
2999 1086 3279 1154 fornicari;
3302 1088 3389 1146 hic
3410 1087 3659 1146 inebriari
3676 1102 3725 1145 ct

2139 1186 2341 1229 mensae
2365 1171 2571 1233 deliciis
2600 1177 2724 1243 frui,
2758 1178 2849 1234 ille
2876 1189 3114 1235 ventrem
3158 1180 3455 1259 moderari;
3507 1183 3595 1238 hic
3633 1181 3723 1238 de-

2137 1264 2346 1335 spicere
2375 1269 2678 1339 praesentia,
2722 1271 2812 1328 ille
2853 1273 2919 1327 iis
2946 1272 3179 1334 hzerere:
3210 1274 3301 1330 ille
3323 1275 3436 1345 ipse
3461 1290 3725 1334 marmora

2138 1358 2323 1415 mirari
2366 1368 2423 1418 et
2470 1371 2690 1419 ornatos
2733 1364 2967 1436 parietes
3008 1374 3171 1439 atque
3194 1365 3495 1438 laquearia;
3526 1368 3614 1424 hic
3640 1368 3727 1424 illa

2136 1449 2416 1523 despicere
2436 1463 2492 1510 ct
2514 1454 2907 1527 philosophiam
2949 1457 3129 1514 colere
3164 1476 3180 1514 :
3211 1458 3479 1529 quomodo
3507 1469 3726 1530 possunt

2137 1539 2255 1598 lucc
2279 1544 2604 1601 convenire?

2205 1632 2260 1687 2.
2325 1633 2496 1702 Quare
2537 1635 2600 1691 de
2648 1652 2885 1692 montana
2933 1638 3082 1706 quasi
3125 1639 3189 1694 de
3238 1640 3442 1696 domino
3495 1642 3730 1713 loquatur

2135 1722 2387 1781 Christus.
2417 1724 2619 1782 Damna
2648 1744 2712 1784 ea:
2747 1729 2936 1785 divitiis
2963 1741 3131 1800 parta.
3152 1762 3223 1772 —
3243 1732 3340 1790 llic
3366 1750 3526 1805 porro
3551 1736 3725 1803 domi-

2133 1833 2264 1873 num
2297 1833 2599 1875 mamonam
2644 1822 2871 1890 vocavit,
2913 1838 3019 1881 non
3063 1824 3205 1895 quod
3251 1835 3438 1883 natura
3479 1828 3600 1885 talis
3637 1831 3729 1896 sit,

2130 1907 2227 1964 sed
2254 1909 2324 1966 ob
2353 1926 2540 1967 eorum
2579 1912 2670 1983 qui
2711 1927 2831 1970 sese
2874 1913 2948 1969 illi
2980 1915 3261 1987 subjecerc
3298 1919 3596 1976 miseriam.
3639 1920 3733 1978 Sic

2124 2001 2293 2057 etiam
2323 2012 2570 2060 ventrem
2593 2005 2753 2061 deum
2799 2016 2980 2077 vocat,
3022 2022 3131 2064 non
3177 2023 3207 2064 a
3249 2010 3505 2083 dignitate
3550 1992 3728 2069 domi-

2128 2094 2332 2159 nantis,
2374 2095 2470 2152 sed
2510 2112 2542 2154 a
2580 2098 2927 2156 servientium
2969 2102 3218 2168 miseria;
3260 2104 3401 2175 quod
3427 2106 3577 2163 omni
3603 2123 3731 2179 sup.

2131 2186 2289 2258 plieio
2316 2188 2469 2260 pejus
2495 2198 2597 2255 est,
2641 2200 2696 2247 et
2737 2202 2863 2248 ante
2901 2195 3221 2266 supplicium
3253 2205 3428 2267 potest
3452 2201 3734 2271 captivum

2124 2280 2336 2338 ulcisci.
2365 2280 2569 2351 Quibus
2593 2285 2736 2340 enim
2762 2285 3027 2342 damnatis
3054 2288 3364 2351 miseriores
3391 2306 3497 2347 non
3522 2290 3731 2350 fuerint

2130 2372 2188 2440 ii,
2228 2373 2318 2445 qui
2360 2372 2528 2430 Deum
2569 2373 2847 2431 dominum
2890 2376 3167 2446 habentes,
3207 2394 3238 2436 a
3281 2388 3391 2437 tam
3433 2397 3727 2442 inausueto

2128 2465 2223 2522 illo
2261 2481 2428 2539 regno
2465 2467 2535 2524 ad
2580 2469 2953 2540 gravissimam
2994 2487 3056 2529 se
3098 2474 3441 2545 tyrannidem
3487 2479 3729 2536 transle-

2129 2567 2256 2613 rnnt
2275 2558 2580 2631 subigendi,
2617 2574 2737 2619 cum
2766 2568 2973 2617 tantum
2999 2562 3124 2621 hinc
3150 2563 3531 2623 detrimentum
3558 2570 3738 2627 etiam

2126 2647 2182 2706 in
2212 2656 2357 2706 tem
2396 2651 2701 2722 accipiant?
2724 2652 2857 2709 Nam
2890 2654 3014 2711 hine
3037 2655 3290 2713 damnum
3318 2659 3528 2729 ingens.
3576 2662 3729 2726 lites,

2126 2741 2408 2808 molestiae,
2437 2743 2885 2810 concertationes,
2915 2746 3148 2815 labores,
3175 2749 3368 2805 animae
3397 2752 3643 2822 omitas,
3673 2766 3732 2811 et

2124 2834 2267 2905 quod
2290 2835 2529 2892 omnium
2552 2836 2924 2907 gravissimum
2951 2848 3055 2905 est,
3081 2840 3170 2896 illa
3194 2857 3458 2901 mamona:
3481 2848 3737 2905 servitus

2123 2941 2156 2983 a
2207 2928 2455 2999 supernis
2509 2928 2667 2986 bonis
2718 2943 2819 2986 nos
2870 2930 3113 3002 dejicit‘.
3162 2934 3293 2990 Cum
3340 2935 3499 3008 igitur
3540 2954 3613 2994 cx
3661 2940 3735 2997 iis

2122 3020 2372 3078 omnibus
2408 3022 2730 3078 ostendisset
2779 3033 2975 3095 quanta
3019 3025 3220 3081 utilitas
3256 3042 3322 3083 ex
3366 3032 3733 3098 pecuniarum

2124 3122 2435 3184 contemptu
2462 3115 2770 3184 proveniret
2793 3124 2849 3171 et
2873 3117 2939 3172 ad
2966 3117 3139 3188 ipsam
3164 3121 3507 3191 pecuniarum
3534 3136 3730 3183 custo-

2117 3205 2283 3275 diam,
2315 3214 2372 3262 et
2407 3207 2473 3263 ad
2517 3206 2711 3264 animat
2752 3210 3104 3278 voluptatem,
3143 3221 3198 3267 et
3236 3212 3307 3267 ad
3354 3214 3733 3287 philosophia

2118 3301 2536 3371 possessionem,
2562 3309 2618 3356 et
2639 3300 2706 3357 ad
2733 3302 2945 3373 pietatis
2974 3303 3213 3369 tutelam,
3243 3303 3460 3363 demum
3491 3308 3731 3377 probat,

2116 3391 2284 3461 ipsam
2313 3407 2449 3460 rem,
2478 3392 2549 3450 de
2574 3408 2680 3462 qua
2712 3393 2985 3460 admonet,
3031 3410 3189 3466 posse
3228 3396 3362 3453 ﬁeri.
3398 3398 3528 3455 ihec
3566 3402 3733 3458 enim

2115 3482 2251 3554 legis
2291 3482 2524 3540 ferendae
2566 3485 2768 3556 Optima
2821 3486 2960 3542 ratio
3011 3494 3135 3553 est,
3190 3502 3296 3542 non
3342 3488 3506 3544 modo
3561 3493 3728 3548 utilia

415 3591 558 3643 sum,
590 3574 893 3633 divitiarum
922 3571 1204 3646 tyrannide
1234 3585 1559 3644 oppressus:
1580 3568 1818 3627 ostendit
1850 3584 2008 3641 posse
2110 3578 2424 3649 principem,
2454 3576 2549 3633 sed
2576 3576 2737 3633 etiam
2766 3577 3038 3648 possibilia
3068 3578 3327 3646 reddere;
3369 3579 3612 3653 ideoque
3640 3585 3736 3641 sic

413 3668 471 3724 in
495 3667 655 3723 aliam
680 3667 921 3723 convorti
965 3677 1171 3736 partem
1208 3680 1223 3719 :
1251 3672 1305 3720 et
1331 3663 1469 3719 sicut
1497 3677 1564 3718 ex
1608 3662 1709 3718 ista
1748 3661 1800 3717 in
1834 3661 2001 3725 illam,

2139 3670 2327 3741 tergit:
2370 3669 2461 3726 23.
2505 3667 2683 3724 Nolite
2724 3669 2928 3724 solliciti
2970 3685 3077 3726 esse
3117 3670 3303 3726 animo:
3339 3681 3539 3739 uestrae,
3585 3674 3726 3744 quid

413 3760 497 3817 sic
530 3774 598 3817 ex
627 3759 715 3815 illa
756 3759 811 3816 in
854 3759 1010 3814 istam
1036 3757 1238 3813 Venire.
1278 3754 1413 3813 Cum
1439 3769 1569 3827 ergo
1594 3754 1699 3811 hoc
1728 3754 2005 3811 ἱιιάθίὶηῖῐο
2108 3763 2440 3819 manducetis.
2481 3762 2560 3819 Nc
2587 3763 2730 3819 enim
2775 3762 3036 3828 dicerent,
3062 3762 3199 3833 Quid
3238 3764 3406 3835 ergo?
3430 3766 3476 3820 si
3518 3759 3724 3823 omnia

410 3852 655 3918 άὶιίεθθιι
683 3866 792 3920 «ιιιο
806 3848 1033 3915 alidum
1053 3847 1401 3914 ευίιάθτθιιυι
1422 3861 1634 3917 1millum
1657 3860 1718 3902 δε
1737 3844 1997 3901 (imorum
2104 3856 2469 3927 projit-iamus,
2501 3854 2769 3927 quomodo
2801 3855 2984 3911 vivere
3029 3855 3368 3927 poterimus?
3386 3856 3513 3913 huic
3551 3858 3725 3931 obje«

401 3941 638 4013 judicem
668 3951 901 4013 gereret,
943 3949 1000 3997 et
1037 3955 1109 3997 ex
1146 3939 1261 4010 ipsa
1288 3953 1468 3995 rerum
1502 3944 1688 3993 natura
1735 3936 1997 3993 calculum

2139 3947 2265 4004 tioni
2310 3955 2611 4019 opportune
2638 3946 2893 4006 occurrit.
2919 3942 3071 4003 Sicut
3093 3944 3234 4001 enim
3273 3945 3323 4002 si
3356 3962 3386 4001 a
3432 3948 3726 4021 principio

407 4035 595 4100 ferret,
625 4044 903 4106 postquam
921 4032 1070 4089 illum
1091 4031 1193 4087 sibi
1210 4030 1631 4087 consentientem
1650 4026 1855 4093 habuit,
1872 4034 1998 4085 tunc

2141 4041 2342 4107 inisset,
2384 4038 2561 4095 Nolite
2595 4039 2803 4094 solliciti
2844 4056 2972 4105 esse,
3014 4038 3277 4095 molestus
3317 4052 3499 4096 sermo
3550 4043 3723 4099 visus

401 4128 643 4199 δθῑρθικιι
672 4128 904 4192 femi“;
943 4125 1219 4197 milium“
1258 4125 1438 4180 enim:
1468 4120 1591 4177 Νοπ
1636 4123 1840 4193 Pomm
1881 4120 1993 4178 θεο
2097 4144 2242 4191 esset
2267 4151 2282 4188 :
2313 4133 2394 4191 sic
2422 4141 2702 4206 postquam
2728 4132 2964 4188 ostendit
2986 4130 3273 4203 perniciem
3298 4146 3366 4187 ex
3390 4147 3589 4190 amore
3614 4149 3725 4206 pe-

398 4221 587 4278 seniire
616 4230 665 4277 et
706 4234 974 4276 amona.
1020 4217 1483 4275 Exhorrescamus
1525 4214 1819 4286 cogitantes
1863 4214 1990 4286 quid

2139 4228 2269 4283 linire
2321 4236 2561 4297 partam,
2608 4233 2769 4295 captu
2819 4222 3035 4280 facilem
3087 4231 3271 4293 postea
3324 4221 3715 4282 hortationem

395 4313 672 4371 θυίδιυιιι
696 4313 880 4370 dicere
896 4312 1190 4383 caecimus.
1222 4311 1295 4368 ita
1326 4318 1385 4366 ιη
1409 4324 1530 4366 cum
1556 4308 1665 4365 θθο
1679 4324 1868 4364 aurum
1887 4322 1987 4379 Ροθ
2091 4318 2330 4376 adhibet.
2363 4316 2593 4388 Ideoque
2622 4329 2727 4372 non
2752 4314 2913 4369 modo
2941 4313 3093 4380 dixit,
3129 4311 3304 4368 Nolite
3329 4313 3543 4368 solliciti
3564 4332 3717 4382 esse,

395 4414 571 4463 neret.
601 4405 753 4473 Quod
797 4406 845 4461 si
881 4403 1015 4465 illud
1043 4402 1320 4469 horribile,
1363 4402 1522 4473 longe
1567 4400 1874 4456 horribilius
1902 4408 1988 4456 est
2089 4411 2388 4470 scandam
2417 4424 2598 4474 causa,
2630 4408 2709 4465 sic
2732 4416 3061 4478 praecepnim
3105 4406 3314 4463 extulit.
3362 4406 3498 4461 cuin
3540 4411 3721 4465 enim

393 4495 501 4554 hoc
521 4498 698 4568 reipsa
726 4496 861 4563 ﬁeri,
891 4506 946 4553 et
973 4497 1068 4553 Dei
1097 4495 1277 4552 timori
1309 4495 1423 4551 auri
1464 4493 1798 4567 tyrannidem
1826 4501 1982 4547 ante-

2144 4507 2331 4569 xisset,
2364 4502 2486 4558 Non
2524 4501 2735 4571 potestis
2771 4497 2883 4553 Deo
2924 4497 3110 4553 servire
3153 4506 3202 4552 et
3245 4511 3513 4563 mamonae,
3564 4500 3719 4556 sub.

391 4589 540 4647 ferri.
570 4588 710 4659 Quid
735 4588 927 4660 igitur?
953 4603 1133 4645 annon
1177 4587 1318 4659 apud
1350 4595 1559 4643 vetet-cs
1604 4584 1831 4655 idipsum
1866 4583 1978 4639 ﬁeri

2144 4597 2259 4652 nxit
2289 4612 2304 4650 :
2340 4593 2619 4664 Ρνοριενεα
2647 4592 2760 4646 dico
2782 4589 2943 4655 nobis,
2971 4588 3125 4644 nolite
3146 4586 3351 4642 solliciti
3374 4603 3502 4642 esse.
3546 4586 3713 4643 Pro-

384 4682 595 4755 potuit'l
623 4682 858 4741 Minime.
889 4681 1169 4751 Quomodo
1209 4695 1338 4753 ergo
1378 4678 1668 4740 Abraham.
1710 4678 1978 4749 quomodo

2139 4704 2277 4754 ma,
2304 4686 2507 4758 quare?
2538 4684 2762 4753 Propter
2790 4683 2976 4753 ingens
3000 4678 3278 4735 damnum.
3306 4676 3491 4748 Neque
3536 4679 3712 4737 cutim

381 4778 484 4835 θοι)
513 4777 714 4833 νῖτιιιιϐ
749 4775 1024 4832 οιπυειθῖ
1051 4774 1127 4830 Ne
1164 4775 1291 4830 "libi
1320 4774 1514 4831 divin
1561 4787 1847 4841 ῐηθηιονθςς
1879 4773 1973 4828 sed
2078 4786 2131 4839 in
2162 4780 2402 4853 pecuniis
2429 4784 2634 4832 tantum
2664 4788 2802 4830 noxa
2828 4781 2931 4837 est,
2972 4771 3069 4827 sed
3107 4770 3268 4827 etiam
3300 4769 3361 4825 in
3382 4771 3712 4844 pmcipuis

379 4869 580 4926 divitiis
608 4868 931 4943 servientes.
978 4867 1109 4922 Nam
1140 4866 1242 4923 Job
1270 4868 1420 4923 dives
1460 4867 1673 4938 quidem
1705 4876 1847 4932 erat,
1875 4865 1968 4921 sed
2079 4876 2229 4947 plaga
2263 4871 2537 4942 inﬂigitur,
2568 4868 2729 4923 etiam
2760 4881 2826 4920 ex
2850 4865 3039 4920 salutis
3072 4862 3382 4918 amissione.
3409 4862 3567 4919 Nam
3592 4882 3718 4922 vos

377 4978 485 5019 non
515 4962 786 5020 serviebat
812 4976 1105 5027 mamonze;
1132 4959 1347 5017 divitias
1372 4960 1601 5017 habebat
1633 4968 1688 5016 et
1732 4960 1971 5027 tenebat,
2072 4983 2104 5023 ει
2150 4966 2263 5021 Deo
2297 4971 2560 5028 creatore,
2596 4966 2864 5022 curatore,
2909 4965 3149 5011 amatore
3189 4953 3468 5023 deﬁciunt.
3544 4952 3710 5013 ιἰιο-

375 5072 440 5111 ac
463 5054 734 5123 dominus,
764 5069 872 5110 non
899 5068 1087 5110 servus
1112 5061 1248 5110 erat.
1277 5052 1483 5108 Etenim
1509 5054 1647 5108 sicut
1670 5051 1965 5108 alienarum
2074 5068 2243 5130 prmi:
2267 5056 2381 5111 dico
2406 5054 2563 5121 nobis,
2608 5051 2785 5108 Nolite
2812 5050 3018 5107 solliciti
3057 5062 3182 5104 esse.
3215 5048 3479 5116 Qttmtiam
3524 5054 3706 5108 etiim

379 5147 723 5212 pecuniarum
764 5145 1124 5218 dispensator,
1168 5146 1248 5200 sic
1288 5145 1373 5199 illa
1403 5144 1580 5198 onmin
1611 5138 1963 5214 possidebat;
2070 5150 2260 5222 ingens
2295 5153 2671 5203 nocumentum
2707 5140 2965 5208 ostendit,
3011 5149 3339 5212 praceptum
3389 5144 3698 5200 extendit.

376 5250 485 5290 non
509 5235 669 5291 modo
684 5237 862 5293 aliena
884 5256 989 5294 non
1011 5239 1247 5311 rapiens,
1267 5242 1362 5297 sed
1381 5242 1545 5297 etiam
1567 5258 1665 5299 sua
1684 5245 1976 5313 egentibus
2066 5244 2182 5300 Non
2211 5241 2370 5298 modo
2393 5240 2536 5297 enim
2560 5238 2697 5294 bona
2723 5236 2921 5309 ejicere
2944 5234 3117 5307 jubet,
3151 5233 3245 5290 sed
3286 5234 3449 5290 etiam
3473 5234 3560 5290 de
3596 5253 3705 5295 ne-

379 5324 909 5399 largiens.Quodqne
928 5330 1105 5402 majus
1122 5342 1362 5388 est:nec
1378 5333 1443 5388 de
1460 5334 1816 5404 prmsentibus
1833 5351 1968 5406 gan-
2065 5337 2298 5394 ραδειινὶο
2339 5334 2459 5392 cibo
2503 5331 2763 5388 sollicitos
2804 5344 2924 5386 esse
2967 5337 3143 5394 vetat,
3185 5327 3367 5382 dicens
3415 5347 3430 5383 :
3480 5325 3703 5386 Nolite

380 5417 561 5483 debat,
589 5429 648 5474 ut
678 5419 766 5474 ille
795 5420 1035 5478 declarat
1061 5424 1248 5482 dicens
1275 5441 1291 5481 :
1323 5424 1386 5482 Si
1418 5426 1630 5481 (inlatus
1660 5443 1800 5491 sum,
1826 5429 1971 5497 quod
2062 5430 2267 5485 solliciti
2289 5443 2398 5483 esse
2424 5425 2610 5481 animm
2637 5434 2832 5489 vestrm,
2858 5422 2982 5495 quid
3010 5418 3343 5476 manducetis.
3372 5414 3490 5474 Non
3518 5425 3700 5493 quod

381 5512 565 5568 nauita:
588 5512 718 5567 mihi
740 5521 911 5568 essent
937 5514 1138 5572 divitia:
1164 5514 1310 5587 (Job.
1335 5517 1427 5572 5i.
1448 5516 1575 5588 25);
1605 5519 1838 5590 ideoque
1864 5519 1969 5576 illis
2128 5532 2258 5594 tAEd.
2282 5532 2533 5592 Cautabr.,
2565 5531 2706 5594 cujus
2733 5529 2899 5594 Graeca
2924 5522 3271 5594 εχρινοεείῑηυβ
3298 5536 3310 5570 ε
3336 5527 3381 5590 9⁸
3397 5534 3445 5591 ll;
3464 5534 3534 5594 ρ.
3566 5537 3699 5590 9-0-

381 5608 599 5666 antissis
626 5622 735 5666 non
762 5605 951 5692 ιιοιιιίεε
976 5608 1051 5665 At
1077 5580 1186 5667 non
1217 5611 1353 5670 tales
1381 5580 1767 5672 dictum;
1793 5619 1925 5672 sunt
1950 5629 1973 5670 ε

2139 5580 2642 5707 ιὶίῗριῂιιὶιιεῖωὸιιωῖ
2686 5580 2872 5644 exeidtt
2907 5601 2938 5640 a
2978 5580 3203 5651 supernis
3236 5581 3392 5645 bonis,
3409 5580 3481 5633 'itl
3511 5580 3643 5651 δεῖ,
3664 5603 3708 5644 ο

2139 5668 2192 5707 1n
2214 5668 2265 5707 to
2335 5668 2401 5708 et.
