  <div class='ocr_page' id='page_1' title='image "/cluster/home/n/w/nwhite01/storage/ocr_20150623/57-58/hvd.32044012465811/226.png"; bbox 0 0 3868 6182; ppageno 0'>
   <div class='ocr_carea' id='block_1_1' title="bbox 207 323 309 382">
    <p class='ocr_par' dir='ltr' id='par_1_1' title="bbox 207 323 309 382">
     <span class='ocr_line' id='line_1_1' title="bbox 207 323 309 382; baseline -0.02 0"><span class='ocrx_word' id='word_1_1' title='bbox 207 323 309 382; x_wconf 70' lang='lat'><strong>207</strong></span> 
     </span>
    </p>
   </div>
   <div class='ocr_carea' id='block_1_2' title="bbox 206 430 1793 512">
    <p class='ocr_par' dir='ltr' id='par_1_2' title="bbox 206 430 1793 512">
     <span class='ocr_line' id='line_1_2' title="bbox 206 430 1793 512; baseline -0.006 -18"><span class='ocrx_word' id='word_1_2' title='bbox 206 441 380 495; x_wconf 89' lang='lat' dir='ltr'><strong>anima</strong></span> <span class='ocrx_word' id='word_1_3' title='bbox 412 440 538 496; x_wconf 87' lang='lat' dir='ltr'><strong>cibo</strong></span> <span class='ocrx_word' id='word_1_4' title='bbox 564 448 734 512; x_wconf 75' lang='lat' dir='ltr'><strong>egeat,</strong></span> <span class='ocrx_word' id='word_1_5' title='bbox 760 438 1073 508; x_wconf 87' lang='lat' dir='ltr'><strong>incorporea</strong></span> <span class='ocrx_word' id='word_1_6' title='bbox 1104 435 1246 489; x_wconf 88' lang='lat' dir='ltr'><strong>enim</strong></span> <span class='ocrx_word' id='word_1_7' title='bbox 1267 442 1383 498; x_wconf 91' lang='lat' dir='ltr'><strong>est;</strong></span> <span class='ocrx_word' id='word_1_8' title='bbox 1411 433 1503 489; x_wconf 85' lang='lat' dir='ltr'><strong>sed</strong></span> <span class='ocrx_word' id='word_1_9' title='bbox 1524 430 1793 487; x_wconf 88' lang='lat' dir='ltr'><strong>communi</strong></span> 
     </span>
    </p>
   </div>
   <div class='ocr_carea' id='block_1_3' title="bbox 205 522 1794 601">
    <p class='ocr_par' dir='ltr' id='par_1_3' title="bbox 205 522 1794 601">
     <span class='ocr_line' id='line_1_3' title="bbox 205 522 1794 601; baseline -0.006 -16"><span class='ocrx_word' id='word_1_10' title='bbox 205 529 461 601; x_wconf 80' lang='lat' dir='ltr'><strong>loquendi</strong></span> <span class='ocrx_word' id='word_1_11' title='bbox 508 545 659 586; x_wconf 89' lang='lat' dir='ltr'><strong>more</strong></span> <span class='ocrx_word' id='word_1_12' title='bbox 716 544 844 585; x_wconf 89' lang='lat' dir='ltr'><strong>usus</strong></span> <span class='ocrx_word' id='word_1_13' title='bbox 887 537 989 584; x_wconf 91' lang='lat' dir='ltr'><strong>est.</strong></span> <span class='ocrx_word' id='word_1_14' title='bbox 1046 525 1268 581; x_wconf 86' lang='lat' dir='ltr'><strong>Etiamsi</strong></span> <span class='ocrx_word' id='word_1_15' title='bbox 1322 524 1465 580; x_wconf 88' lang='lat' dir='ltr'><strong>enim</strong></span> <span class='ocrx_word' id='word_1_16' title='bbox 1516 522 1637 578; x_wconf 91' lang='lat' dir='ltr'><strong>cibo</strong></span> <span class='ocrx_word' id='word_1_17' title='bbox 1686 536 1794 576; x_wconf 85' lang='lat' dir='ltr'><strong>non</strong></span> 
     </span>
    </p>
   </div>
   <div class='ocr_carea' id='block_1_4' title="bbox 204 614 1794 693">
    <p class='ocr_par' dir='ltr' id='par_1_4' title="bbox 204 614 1794 693">
     <span class='ocr_line' id='line_1_4' title="bbox 204 614 1794 693; baseline -0.008 -14"><span class='ocrx_word' id='word_1_18' title='bbox 204 632 380 693; x_wconf 80' lang='lat' dir='ltr'><strong>egeat,</strong></span> <span class='ocrx_word' id='word_1_19' title='bbox 412 638 519 678; x_wconf 87' lang='lat' dir='ltr'><strong>non</strong></span> <span class='ocrx_word' id='word_1_20' title='bbox 544 630 716 693; x_wconf 92' lang='lat' dir='ltr'><strong>potest</strong></span> <span class='ocrx_word' id='word_1_21' title='bbox 742 622 796 675; x_wconf 93' lang='lat' dir='ltr'><strong>in</strong></span> <span class='ocrx_word' id='word_1_22' title='bbox 824 633 1050 689; x_wconf 89' lang='lat' dir='ltr'><strong>corpore</strong></span> <span class='ocrx_word' id='word_1_23' title='bbox 1076 631 1315 683; x_wconf 91' lang='lat' dir='ltr'><strong>manere,</strong></span> <span class='ocrx_word' id='word_1_24' title='bbox 1358 614 1460 670; x_wconf 89' lang='lat' dir='ltr'><strong>nisi</strong></span> <span class='ocrx_word' id='word_1_25' title='bbox 1490 614 1664 684; x_wconf 90' lang='lat' dir='ltr'><strong>ipsum</strong></span> <span class='ocrx_word' id='word_1_26' title='bbox 1693 628 1794 667; x_wconf 88' lang='lat' dir='ltr'><strong>nu-</strong></span> 
     </span>
    </p>
   </div>
   <div class='ocr_carea' id='block_1_5' title="bbox 206 707 1794 786">
    <p class='ocr_par' dir='ltr' id='par_1_5' title="bbox 206 707 1794 786">
     <span class='ocr_line' id='line_1_5' title="bbox 206 707 1794 786; baseline -0.007 -16"><span class='ocrx_word' id='word_1_27' title='bbox 206 718 423 771; x_wconf 82' lang='lat' dir='ltr'><strong>triatur.</strong></span> <span class='ocrx_word' id='word_1_28' title='bbox 456 716 741 786; x_wconf 83' lang='lat' dir='ltr'><strong>Postquam</strong></span> <span class='ocrx_word' id='word_1_29' title='bbox 761 712 866 769; x_wconf 87' lang='lat' dir='ltr'><strong>hoc</strong></span> <span class='ocrx_word' id='word_1_30' title='bbox 886 713 1039 777; x_wconf 90' lang='lat' dir='ltr'><strong>dixit,</strong></span> <span class='ocrx_word' id='word_1_31' title='bbox 1070 725 1174 766; x_wconf 92' lang='lat' dir='ltr'><strong>non</strong></span> <span class='ocrx_word' id='word_1_32' title='bbox 1202 708 1515 780; x_wconf 84' lang='lat' dir='ltr'><strong>simpliciter</strong></span> <span class='ocrx_word' id='word_1_33' title='bbox 1540 707 1794 777; x_wconf 84' lang='lat' dir='ltr'><strong>loquitur,</strong></span> 
     </span>
    </p>
   </div>
   <div class='ocr_carea' id='block_1_6' title="bbox 203 798 1796 872">
    <p class='ocr_par' dir='ltr' id='par_1_6' title="bbox 203 798 1796 872">
     <span class='ocr_line' id='line_1_6' title="bbox 203 798 1796 872; baseline -0.007 -9"><span class='ocrx_word' id='word_1_34' title='bbox 203 809 297 863; x_wconf 90' lang='lat' dir='ltr'><strong>sed</strong></span> <span class='ocrx_word' id='word_1_35' title='bbox 330 808 418 862; x_wconf 87' lang='lat' dir='ltr'><strong>hic</strong></span> <span class='ocrx_word' id='word_1_36' title='bbox 463 808 622 862; x_wconf 91' lang='lat' dir='ltr'><strong>etiam</strong></span> <span class='ocrx_word' id='word_1_37' title='bbox 654 809 818 861; x_wconf 86' lang='lat' dir='ltr'><strong>utitur</strong></span> <span class='ocrx_word' id='word_1_38' title='bbox 856 802 1184 869; x_wconf 86' lang='lat' dir='ltr'><strong>ratiociniis;</strong></span> <span class='ocrx_word' id='word_1_39' title='bbox 1224 816 1449 872; x_wconf 91' lang='lat' dir='ltr'><strong>quorum</strong></span> <span class='ocrx_word' id='word_1_40' title='bbox 1495 800 1597 855; x_wconf 87' lang='lat' dir='ltr'><strong>alia</strong></span> <span class='ocrx_word' id='word_1_41' title='bbox 1633 814 1702 854; x_wconf 84' lang='lat' dir='ltr'><strong>ex</strong></span> <span class='ocrx_word' id='word_1_42' title='bbox 1730 798 1796 852; x_wconf 90' lang='lat' dir='ltr'><strong>iis</strong></span> 
     </span>
    </p>
   </div>
   <div class='ocr_carea' id='block_1_7' title="bbox 202 892 1795 969">
    <p class='ocr_par' dir='ltr' id='par_1_7' title="bbox 202 892 1795 969">
     <span class='ocr_line' id='line_1_7' title="bbox 202 892 1795 969; baseline -0.006 -17"><span class='ocrx_word' id='word_1_43' title='bbox 202 915 324 969; x_wconf 78' lang='lat' dir='ltr'><strong>qua:</strong></span> <span class='ocrx_word' id='word_1_44' title='bbox 349 898 491 968; x_wconf 91' lang='lat' dir='ltr'><strong>apud</strong></span> <span class='ocrx_word' id='word_1_45' title='bbox 522 913 617 953; x_wconf 87' lang='lat' dir='ltr'><strong>nos</strong></span> <span class='ocrx_word' id='word_1_46' title='bbox 655 903 797 961; x_wconf 87' lang='lat' dir='ltr'><strong>sunt,</strong></span> <span class='ocrx_word' id='word_1_47' title='bbox 829 896 931 951; x_wconf 88' lang='lat' dir='ltr'><strong>alia</strong></span> <span class='ocrx_word' id='word_1_48' title='bbox 958 911 1021 951; x_wconf 85' lang='lat' dir='ltr'><strong>ex</strong></span> <span class='ocrx_word' id='word_1_49' title='bbox 1050 894 1167 949; x_wconf 85' lang='lat' dir='ltr'><strong>aliis</strong></span> <span class='ocrx_word' id='word_1_50' title='bbox 1195 892 1454 962; x_wconf 81' lang='lat' dir='ltr'><strong>exemplis</strong></span> <span class='ocrx_word' id='word_1_51' title='bbox 1491 898 1795 945; x_wconf 91' lang='lat' dir='ltr'><strong>sumuntur.</strong></span> 
     </span>
    </p>
   </div>
   <div class='ocr_carea' id='block_1_8' title="bbox 206 980 1796 1060">
    <p class='ocr_par' dir='ltr' id='par_1_8' title="bbox 206 980 1796 1060">
     <span class='ocr_line' id='line_1_8' title="bbox 206 980 1796 1060; baseline -0.006 -16"><span class='ocrx_word' id='word_1_52' title='bbox 206 990 281 1044; x_wconf 84' lang='lat' dir='ltr'><strong>Ex</strong></span> <span class='ocrx_word' id='word_1_53' title='bbox 316 990 383 1044; x_wconf 86' lang='lat' dir='ltr'><strong>iis</strong></span> <span class='ocrx_word' id='word_1_54' title='bbox 418 1005 536 1060; x_wconf 71' lang='lat' dir='ltr'><strong>qua:</strong></span> <span class='ocrx_word' id='word_1_55' title='bbox 562 988 701 1059; x_wconf 91' lang='lat' dir='ltr'><strong>apud</strong></span> <span class='ocrx_word' id='word_1_56' title='bbox 730 1003 829 1044; x_wconf 91' lang='lat' dir='ltr'><strong>nos</strong></span> <span class='ocrx_word' id='word_1_57' title='bbox 858 995 980 1041; x_wconf 89' lang='lat' dir='ltr'><strong>sunt</strong></span> <span class='ocrx_word' id='word_1_58' title='bbox 1019 986 1096 1041; x_wconf 90' lang='lat' dir='ltr'><strong>sic</strong></span> <span class='ocrx_word' id='word_1_59' title='bbox 1133 985 1243 1039; x_wconf 90' lang='lat' dir='ltr'><strong>ait:</strong></span> <span class='ocrx_word' id='word_1_60' title='bbox 1271 982 1458 1037; x_wconf 85' lang='lat' dir='ltr'><strong>Nonne</strong></span> <span class='ocrx_word' id='word_1_61' title='bbox 1486 982 1657 1036; x_wconf 82' lang='lat' dir='ltr'><strong>anima</strong></span> <span class='ocrx_word' id='word_1_62' title='bbox 1681 980 1796 1051; x_wconf 97' lang='lat' dir='ltr'><strong>plus</strong></span> 
     </span>
    </p>
   </div>
   <div class='ocr_carea' id='block_1_9' title="bbox 203 1071 1795 1149">
    <p class='ocr_par' dir='ltr' id='par_1_9' title="bbox 203 1071 1795 1149">
     <span class='ocr_line' id='line_1_9' title="bbox 203 1071 1795 1149; baseline -0.004 -16"><span class='ocrx_word' id='word_1_63' title='bbox 203 1090 276 1133; x_wconf 84' lang='lat' dir='ltr'><strong>est</strong></span> <span class='ocrx_word' id='word_1_64' title='bbox 314 1096 472 1149; x_wconf 88' lang='lat' dir='ltr'><strong>quam</strong></span> <span class='ocrx_word' id='word_1_65' title='bbox 505 1096 637 1146; x_wconf 85' lang='lat' dir='ltr'><strong>esca,</strong></span> <span class='ocrx_word' id='word_1_66' title='bbox 670 1089 716 1133; x_wconf 90' lang='lat' dir='ltr'><strong>et</strong></span> <span class='ocrx_word' id='word_1_67' title='bbox 742 1095 924 1148; x_wconf 87' lang='lat' dir='ltr'><strong>corpus</strong></span> <span class='ocrx_word' id='word_1_68' title='bbox 954 1078 1069 1147; x_wconf 89' lang='lat' dir='ltr'><strong>plus</strong></span> <span class='ocrx_word' id='word_1_69' title='bbox 1098 1092 1249 1147; x_wconf 90' lang='lat' dir='ltr'><strong>quam</strong></span> <span class='ocrx_word' id='word_1_70' title='bbox 1274 1073 1662 1129; x_wconf 87' lang='lat' dir='ltr'><strong>vestimentum?</strong></span> <span class='ocrx_word' id='word_1_71' title='bbox 1694 1071 1795 1140; x_wconf 88' lang='lat' dir='ltr'><strong>Qui</strong></span> 
     </span>
    </p>
   </div>
   <div class='ocr_carea' id='block_1_10' title="bbox 206 1166 1796 1242">
    <p class='ocr_par' dir='ltr' id='par_1_10' title="bbox 206 1166 1796 1242">
     <span class='ocr_line' id='line_1_10' title="bbox 206 1166 1796 1242; baseline -0.001 -18"><span class='ocrx_word' id='word_1_72' title='bbox 206 1173 367 1242; x_wconf 80' lang='lat' dir='ltr'><strong>igitur</strong></span> <span class='ocrx_word' id='word_1_73' title='bbox 397 1172 450 1226; x_wconf 91' lang='lat' dir='ltr'><strong>id</strong></span> <span class='ocrx_word' id='word_1_74' title='bbox 476 1172 616 1240; x_wconf 90' lang='lat' dir='ltr'><strong>quod</strong></span> <span class='ocrx_word' id='word_1_75' title='bbox 650 1170 821 1241; x_wconf 88' lang='lat' dir='ltr'><strong>majus</strong></span> <span class='ocrx_word' id='word_1_76' title='bbox 846 1180 928 1226; x_wconf 91' lang='lat' dir='ltr'><strong>est</strong></span> <span class='ocrx_word' id='word_1_77' title='bbox 954 1169 1122 1237; x_wconf 89' lang='lat' dir='ltr'><strong>dedit,</strong></span> <span class='ocrx_word' id='word_1_78' title='bbox 1152 1168 1421 1240; x_wconf 90' lang='lat' dir='ltr'><strong>quomodo</strong></span> <span class='ocrx_word' id='word_1_79' title='bbox 1449 1167 1591 1239; x_wconf 89' lang='lat' dir='ltr'><strong>quod</strong></span> <span class='ocrx_word' id='word_1_80' title='bbox 1619 1166 1796 1222; x_wconf 89' lang='lat' dir='ltr'><strong>minus</strong></span> 
     </span>
    </p>
   </div>
   <div class='ocr_carea' id='block_1_11' title="bbox 205 1256 1793 1334">
    <p class='ocr_par' dir='ltr' id='par_1_11' title="bbox 205 1256 1793 1334">
     <span class='ocr_line' id='line_1_11' title="bbox 205 1256 1793 1334; baseline -0.006 -14"><span class='ocrx_word' id='word_1_81' title='bbox 205 1275 288 1320; x_wconf 81' lang='lat' dir='ltr'><strong>est</strong></span> <span class='ocrx_word' id='word_1_82' title='bbox 338 1280 446 1318; x_wconf 89' lang='lat' dir='ltr'><strong>non</strong></span> <span class='ocrx_word' id='word_1_83' title='bbox 494 1263 683 1319; x_wconf 83' lang='lat' dir='ltr'><strong>dabit?</strong></span> <span class='ocrx_word' id='word_1_84' title='bbox 720 1263 810 1334; x_wconf 85' lang='lat' dir='ltr'><strong>qui</strong></span> <span class='ocrx_word' id='word_1_85' title='bbox 857 1276 1072 1318; x_wconf 90' lang='lat' dir='ltr'><strong>carnem</strong></span> <span class='ocrx_word' id='word_1_86' title='bbox 1118 1275 1237 1331; x_wconf 75' lang='lat' dir='ltr'><strong>qua:</strong></span> <span class='ocrx_word' id='word_1_87' title='bbox 1275 1260 1438 1313; x_wconf 86' lang='lat' dir='ltr'><strong>alitur</strong></span> <span class='ocrx_word' id='word_1_88' title='bbox 1474 1256 1793 1323; x_wconf 82' lang='lat' dir='ltr'><strong>eﬂ‘ormavit,</strong></span> 
     </span>
    </p>
   </div>
   <div class='ocr_carea' id='block_1_12' title="bbox 206 1347 1799 1427">
    <p class='ocr_par' dir='ltr' id='par_1_12' title="bbox 206 1347 1799 1427">
     <span class='ocr_line' id='line_1_12' title="bbox 206 1347 1799 1427; baseline -0.006 -19"><span class='ocrx_word' id='word_1_89' title='bbox 206 1356 480 1427; x_wconf 87' lang='lat' dir='ltr'><strong>quomodo</strong></span> <span class='ocrx_word' id='word_1_90' title='bbox 508 1356 608 1425; x_wconf 89' lang='lat' dir='ltr'><strong>ipsi</strong></span> <span class='ocrx_word' id='word_1_91' title='bbox 646 1370 821 1410; x_wconf 89' lang='lat' dir='ltr'><strong>eseam</strong></span> <span class='ocrx_word' id='word_1_92' title='bbox 848 1368 954 1408; x_wconf 92' lang='lat' dir='ltr'><strong>non</strong></span> <span class='ocrx_word' id='word_1_93' title='bbox 991 1351 1282 1422; x_wconf 69' lang='lat' dir='ltr'><strong>prmhebit?</strong></span> <span class='ocrx_word' id='word_1_94' title='bbox 1305 1349 1430 1405; x_wconf 85' lang='lat' dir='ltr'><strong>Ideo</strong></span> <span class='ocrx_word' id='word_1_95' title='bbox 1459 1363 1563 1403; x_wconf 94' lang='lat' dir='ltr'><strong>non</strong></span> <span class='ocrx_word' id='word_1_96' title='bbox 1592 1347 1799 1418; x_wconf 79' lang='lat' dir='ltr'><strong>simpli-</strong></span> 
     </span>
    </p>
   </div>
   <div class='ocr_carea' id='block_1_13' title="bbox 206 1439 1798 1513">
    <p class='ocr_par' dir='ltr' id='par_1_13' title="bbox 206 1439 1798 1513">
     <span class='ocr_line' id='line_1_13' title="bbox 206 1439 1798 1513; baseline -0.01 -9"><span class='ocrx_word' id='word_1_97' title='bbox 206 1450 342 1504; x_wconf 80' lang='lat' dir='ltr'><strong>citer</strong></span> <span class='ocrx_word' id='word_1_98' title='bbox 384 1447 519 1502; x_wconf 84' lang='lat' dir='ltr'><strong>dixit</strong></span> <span class='ocrx_word' id='word_1_99' title='bbox 550 1445 766 1503; x_wconf 85' lang='lat' dir='ltr'><strong>:Nolite</strong></span> <span class='ocrx_word' id='word_1_100' title='bbox 800 1445 1006 1500; x_wconf 87' lang='lat' dir='ltr'><strong>solliciti</strong></span> <span class='ocrx_word' id='word_1_101' title='bbox 1032 1460 1156 1508; x_wconf 85' lang='lat' dir='ltr'><strong>esse,</strong></span> <span class='ocrx_word' id='word_1_102' title='bbox 1184 1442 1309 1513; x_wconf 83' lang='lat' dir='ltr'><strong>quid</strong></span> <span class='ocrx_word' id='word_1_103' title='bbox 1343 1439 1675 1504; x_wconf 80' lang='lat' dir='ltr'><strong>manducetis,</strong></span> <span class='ocrx_word' id='word_1_104' title='bbox 1707 1445 1798 1489; x_wconf 88' lang='lat' dir='ltr'><strong>aut</strong></span> 
     </span>
    </p>
   </div>
   <div class='ocr_carea' id='block_1_14' title="bbox 207 1529 1795 1612">
    <p class='ocr_par' dir='ltr' id='par_1_14' title="bbox 207 1529 1795 1612">
     <span class='ocr_line' id='line_1_14' title="bbox 207 1529 1795 1612; baseline -0.007 -18"><span class='ocrx_word' id='word_1_105' title='bbox 207 1559 303 1612; x_wconf 86' lang='lat' dir='ltr'><strong>quo</strong></span> <span class='ocrx_word' id='word_1_106' title='bbox 340 1539 665 1603; x_wconf 87' lang='lat' dir='ltr'><strong>induamini;</strong></span> <span class='ocrx_word' id='word_1_107' title='bbox 704 1539 799 1594; x_wconf 89' lang='lat' dir='ltr'><strong>sed</strong></span> <span class='ocrx_word' id='word_1_108' title='bbox 840 1536 1018 1604; x_wconf 80' lang='lat' dir='ltr'><strong>addit,</strong></span> <span class='ocrx_word' id='word_1_109' title='bbox 1051 1535 1282 1605; x_wconf 87' lang='lat' dir='ltr'><strong>Corpori,</strong></span> <span class='ocrx_word' id='word_1_110' title='bbox 1312 1540 1384 1597; x_wconf 86' lang='lat' dir='ltr'><strong>et,</strong></span> <span class='ocrx_word' id='word_1_111' title='bbox 1415 1533 1644 1595; x_wconf 73' lang='lat' dir='ltr'><strong>Anima&#39;;</strong></span> <span class='ocrx_word' id='word_1_112' title='bbox 1674 1529 1795 1600; x_wconf 83' lang='lat' dir='ltr'><strong>quia</strong></span> 
     </span>
    </p>
   </div>
   <div class='ocr_carea' id='block_1_15' title="bbox 207 1622 1795 1701">
    <p class='ocr_par' dir='ltr' id='par_1_15' title="bbox 207 1622 1795 1701">
     <span class='ocr_line' id='line_1_15' title="bbox 207 1622 1795 1701; baseline -0.009 -14"><span class='ocrx_word' id='word_1_113' title='bbox 207 1647 271 1687; x_wconf 85' lang='lat' dir='ltr'><strong>ex</strong></span> <span class='ocrx_word' id='word_1_114' title='bbox 295 1631 426 1701; x_wconf 86' lang='lat' dir='ltr'><strong>ipsis</strong></span> <span class='ocrx_word' id='word_1_115' title='bbox 455 1638 573 1686; x_wconf 91' lang='lat' dir='ltr'><strong>erat</strong></span> <span class='ocrx_word' id='word_1_116' title='bbox 594 1629 834 1698; x_wconf 86' lang='lat' dir='ltr'><strong>exempla</strong></span> <span class='ocrx_word' id='word_1_117' title='bbox 862 1637 1192 1695; x_wconf 84' lang='lat' dir='ltr'><strong>sumpturus,</strong></span> <span class='ocrx_word' id='word_1_118' title='bbox 1226 1638 1321 1694; x_wconf 89' lang='lat' dir='ltr'><strong>per</strong></span> <span class='ocrx_word' id='word_1_119' title='bbox 1343 1622 1795 1691; x_wconf 89' lang='lat' dir='ltr'><strong>comparationem</strong></span> 
     </span>
    </p>
   </div>
   <div class='ocr_carea' id='block_1_16' title="bbox 211 1712 1795 1791">
    <p class='ocr_par' dir='ltr' id='par_1_16' title="bbox 211 1712 1795 1791">
     <span class='ocr_line' id='line_1_16' title="bbox 211 1712 1795 1791; baseline -0.008 -17"><span class='ocrx_word' id='word_1_120' title='bbox 211 1722 529 1791; x_wconf 83' lang='lat' dir='ltr'><strong>procedens.</strong></span> <span class='ocrx_word' id='word_1_121' title='bbox 558 1720 663 1776; x_wconf 86' lang='lat' dir='ltr'><strong>Sed</strong></span> <span class='ocrx_word' id='word_1_122' title='bbox 690 1719 924 1775; x_wconf 88' lang='lat' dir='ltr'><strong>animam</strong></span> <span class='ocrx_word' id='word_1_123' title='bbox 964 1715 1177 1785; x_wconf 88' lang='lat' dir='ltr'><strong>quidem</strong></span> <span class='ocrx_word' id='word_1_124' title='bbox 1207 1714 1373 1770; x_wconf 89' lang='lat' dir='ltr'><strong>semel</strong></span> <span class='ocrx_word' id='word_1_125' title='bbox 1396 1712 1564 1777; x_wconf 89' lang='lat' dir='ltr'><strong>dedit,</strong></span> <span class='ocrx_word' id='word_1_126' title='bbox 1596 1720 1650 1766; x_wconf 90' lang='lat' dir='ltr'><strong>et</strong></span> <span class='ocrx_word' id='word_1_127' title='bbox 1679 1726 1795 1763; x_wconf 89' lang='lat' dir='ltr'><strong>ma-</strong></span> 
     </span>
    </p>
   </div>
   <div class='ocr_carea' id='block_1_17' title="bbox 212 1809 1801 1883">
    <p class='ocr_par' dir='ltr' id='par_1_17' title="bbox 212 1809 1801 1883">
     <span class='ocr_line' id='line_1_17' title="bbox 212 1809 1801 1883; baseline -0.002 -18"><span class='ocrx_word' id='word_1_128' title='bbox 212 1825 301 1865; x_wconf 87' lang='lat' dir='ltr'><strong>net</strong></span> <span class='ocrx_word' id='word_1_129' title='bbox 316 1811 410 1864; x_wconf 86' lang='lat' dir='ltr'><strong>illa</strong></span> <span class='ocrx_word' id='word_1_130' title='bbox 428 1820 486 1864; x_wconf 89' lang='lat' dir='ltr'><strong>ut</strong></span> <span class='ocrx_word' id='word_1_131' title='bbox 504 1811 623 1865; x_wconf 89' lang='lat' dir='ltr'><strong>data</strong></span> <span class='ocrx_word' id='word_1_132' title='bbox 641 1824 744 1877; x_wconf 88' lang='lat' dir='ltr'><strong>est;</strong></span> <span class='ocrx_word' id='word_1_133' title='bbox 761 1827 959 1882; x_wconf 90' lang='lat' dir='ltr'><strong>corpus</strong></span> <span class='ocrx_word' id='word_1_134' title='bbox 972 1827 1098 1866; x_wconf 91' lang='lat' dir='ltr'><strong>vero</strong></span> <span class='ocrx_word' id='word_1_135' title='bbox 1117 1821 1346 1883; x_wconf 85' lang='lat' dir='ltr'><strong>augetur</strong></span> <span class='ocrx_word' id='word_1_136' title='bbox 1360 1810 1625 1882; x_wconf 88' lang='lat' dir='ltr'><strong>quotidie.</strong></span> <span class='ocrx_word' id='word_1_137' title='bbox 1645 1809 1801 1877; x_wconf 89' lang='lat' dir='ltr'><strong>Quod</strong></span> 
     </span>
    </p>
   </div>
   <div class='ocr_carea' id='block_1_18' title="bbox 214 1902 1800 1973">
    <p class='ocr_par' dir='ltr' id='par_1_18' title="bbox 214 1902 1800 1973">
     <span class='ocr_line' id='line_1_18' title="bbox 214 1902 1800 1973; baseline 0.001 -17"><span class='ocrx_word' id='word_1_138' title='bbox 214 1913 507 1973; x_wconf 87' lang='lat' dir='ltr'><strong>utrumque</strong></span> <span class='ocrx_word' id='word_1_139' title='bbox 523 1912 580 1956; x_wconf 88' lang='lat' dir='ltr'><strong>ut</strong></span> <span class='ocrx_word' id='word_1_140' title='bbox 599 1903 852 1969; x_wconf 87' lang='lat' dir='ltr'><strong>ostendit,</strong></span> <span class='ocrx_word' id='word_1_141' title='bbox 871 1915 923 1958; x_wconf 92' lang='lat' dir='ltr'><strong>et</strong></span> <span class='ocrx_word' id='word_1_142' title='bbox 937 1905 1084 1959; x_wconf 88' lang='lat' dir='ltr'><strong>illius</strong></span> <span class='ocrx_word' id='word_1_143' title='bbox 1100 1904 1585 1969; x_wconf 87' lang='lat' dir='ltr'><strong>immortalitatem,</strong></span> <span class='ocrx_word' id='word_1_144' title='bbox 1604 1902 1800 1973; x_wconf 86' lang='lat' dir='ltr'><strong>hujus-</strong></span> 
     </span>
    </p>
   </div>
   <div class='ocr_carea' id='block_1_19' title="bbox 210 1992 1797 2065">
    <p class='ocr_par' dir='ltr' id='par_1_19' title="bbox 210 1992 1797 2065">
     <span class='ocr_line' id='line_1_19' title="bbox 210 1992 1797 2065; baseline -0.002 -18"><span class='ocrx_word' id='word_1_145' title='bbox 210 2011 315 2060; x_wconf 84' lang='lat' dir='ltr'><strong>que</strong></span> <span class='ocrx_word' id='word_1_146' title='bbox 332 1993 535 2047; x_wconf 78' lang='lat' dir='ltr'><strong>ﬂuxam</strong></span> <span class='ocrx_word' id='word_1_147' title='bbox 555 2004 803 2047; x_wconf 87' lang='lat' dir='ltr'><strong>naturam</strong></span> <span class='ocrx_word' id='word_1_148' title='bbox 820 1994 1545 2065; x_wconf 66' lang='lat' dir='ltr'><strong>declaravitdnnesubjungit</strong></span> <span class='ocrx_word' id='word_1_149' title='bbox 1559 2013 1571 2047; x_wconf 89' lang='lat'><strong>:</strong></span> <span class='ocrx_word' id='word_1_150' title='bbox 1584 1993 1652 2046; x_wconf 71' lang='lat'><strong>27</strong></span> <span class='ocrx_word' id='word_1_151' title='bbox 1667 1992 1797 2057; x_wconf 84' lang='lat' dir='ltr'><strong>Quis</strong></span> 
     </span>
    </p>
   </div>
   <div class='ocr_carea' id='block_1_20' title="bbox 212 2074 1800 2151">
    <p class='ocr_par' dir='ltr' id='par_1_20' title="bbox 212 2074 1800 2151">
     <span class='ocr_line' id='line_1_20' title="bbox 212 2074 1800 2151; baseline -0.002 -18"><span class='ocrx_word' id='word_1_152' title='bbox 212 2092 369 2145; x_wconf 79' lang='lat' dir='ltr'><strong>potest</strong></span> <span class='ocrx_word' id='word_1_153' title='bbox 395 2097 460 2134; x_wconf 68' lang='lat' dir='ltr'><strong>ea:</strong></span> <span class='ocrx_word' id='word_1_154' title='bbox 485 2082 620 2134; x_wconf 80' lang='lat' dir='ltr'><strong>vobis</strong></span> <span class='ocrx_word' id='word_1_155' title='bbox 657 2082 877 2151; x_wconf 71' lang='lat' dir='ltr'><strong>adjicere</strong></span> <span class='ocrx_word' id='word_1_156' title='bbox 908 2088 1113 2133; x_wconf 73' lang='lat' dir='ltr'><strong>statura:</strong></span> <span class='ocrx_word' id='word_1_157' title='bbox 1126 2094 1234 2133; x_wconf 74' lang='lat' dir='ltr'><strong>sua:</strong></span> <span class='ocrx_word' id='word_1_158' title='bbox 1248 2078 1467 2131; x_wconf 86' lang='lat' dir='ltr'><strong>cubitum</strong></span> <span class='ocrx_word' id='word_1_159' title='bbox 1494 2074 1693 2130; x_wconf 81' lang='lat' dir='ltr'><strong>unum?</strong></span> <span class='ocrx_word' id='word_1_160' title='bbox 1723 2075 1800 2130; x_wconf 87' lang='lat' dir='ltr'><strong>De</strong></span> 
     </span>
    </p>
   </div>
   <div class='ocr_carea' id='block_1_21' title="bbox 211 2168 1803 2243">
    <p class='ocr_par' dir='ltr' id='par_1_21' title="bbox 211 2168 1803 2243">
     <span class='ocr_line' id='line_1_21' title="bbox 211 2168 1803 2243; baseline -0.002 -18"><span class='ocrx_word' id='word_1_161' title='bbox 211 2175 381 2227; x_wconf 86' lang='lat' dir='ltr'><strong>anima</strong></span> <span class='ocrx_word' id='word_1_162' title='bbox 411 2183 615 2239; x_wconf 78' lang='lat' dir='ltr'><strong>tacens,</strong></span> <span class='ocrx_word' id='word_1_163' title='bbox 657 2189 775 2243; x_wconf 63' lang='lat' dir='ltr'><strong>qua:</strong></span> <span class='ocrx_word' id='word_1_164' title='bbox 804 2173 1126 2227; x_wconf 87' lang='lat' dir='ltr'><strong>incrementa</strong></span> <span class='ocrx_word' id='word_1_165' title='bbox 1165 2187 1270 2225; x_wconf 87' lang='lat' dir='ltr'><strong>non</strong></span> <span class='ocrx_word' id='word_1_166' title='bbox 1302 2178 1537 2240; x_wconf 89' lang='lat' dir='ltr'><strong>caperet,</strong></span> <span class='ocrx_word' id='word_1_167' title='bbox 1577 2168 1647 2224; x_wconf 93' lang='lat' dir='ltr'><strong>de</strong></span> <span class='ocrx_word' id='word_1_168' title='bbox 1681 2182 1803 2223; x_wconf 89' lang='lat' dir='ltr'><strong>eor-</strong></span> 
     </span>
    </p>
   </div>
   <div class='ocr_carea' id='block_1_22' title="bbox 212 2261 1801 2335">
    <p class='ocr_par' dir='ltr' id='par_1_22' title="bbox 212 2261 1801 2335">
     <span class='ocr_line' id='line_1_22' title="bbox 212 2261 1801 2335; baseline 0 -18"><span class='ocrx_word' id='word_1_169' title='bbox 212 2281 337 2335; x_wconf 84' lang='lat' dir='ltr'><strong>pore</strong></span> <span class='ocrx_word' id='word_1_170' title='bbox 367 2275 573 2318; x_wconf 90' lang='lat' dir='ltr'><strong>tantum</strong></span> <span class='ocrx_word' id='word_1_171' title='bbox 598 2264 850 2319; x_wconf 86' lang='lat' dir='ltr'><strong>disseruit</strong></span> <span class='ocrx_word' id='word_1_172' title='bbox 877 2281 891 2319; x_wconf 86' lang='lat'><strong>:</strong></span> <span class='ocrx_word' id='word_1_173' title='bbox 919 2279 985 2318; x_wconf 87' lang='lat' dir='ltr'><strong>ex</strong></span> <span class='ocrx_word' id='word_1_174' title='bbox 1025 2278 1129 2333; x_wconf 85' lang='lat' dir='ltr'><strong>quo</strong></span> <span class='ocrx_word' id='word_1_175' title='bbox 1159 2262 1285 2318; x_wconf 90' lang='lat' dir='ltr'><strong>illud</strong></span> <span class='ocrx_word' id='word_1_176' title='bbox 1316 2261 1570 2328; x_wconf 89' lang='lat' dir='ltr'><strong>ostendit,</strong></span> <span class='ocrx_word' id='word_1_177' title='bbox 1609 2277 1801 2330; x_wconf 87' lang='lat' dir='ltr'><strong>nempe</strong></span> 
     </span>
    </p>
   </div>
   <div class='ocr_carea' id='block_1_23' title="bbox 212 2352 1798 2425">
    <p class='ocr_par' dir='ltr' id='par_1_23' title="bbox 212 2352 1798 2425">
     <span class='ocr_line' id='line_1_23' title="bbox 212 2352 1798 2425; baseline -0.002 -14"><span class='ocrx_word' id='word_1_178' title='bbox 212 2372 311 2411; x_wconf 77' lang='lat' dir='ltr'><strong>non</strong></span> <span class='ocrx_word' id='word_1_179' title='bbox 334 2357 458 2411; x_wconf 90' lang='lat' dir='ltr'><strong>cibo</strong></span> <span class='ocrx_word' id='word_1_180' title='bbox 482 2354 607 2410; x_wconf 90' lang='lat' dir='ltr'><strong>illud</strong></span> <span class='ocrx_word' id='word_1_181' title='bbox 629 2356 830 2425; x_wconf 84' lang='lat' dir='ltr'><strong>augeri,</strong></span> <span class='ocrx_word' id='word_1_182' title='bbox 859 2354 955 2411; x_wconf 90' lang='lat' dir='ltr'><strong>sed</strong></span> <span class='ocrx_word' id='word_1_183' title='bbox 976 2356 1067 2410; x_wconf 83' lang='lat' dir='ltr'><strong>Dei</strong></span> <span class='ocrx_word' id='word_1_184' title='bbox 1091 2354 1438 2424; x_wconf 83' lang='lat' dir='ltr'><strong>providentia.</strong></span> <span class='ocrx_word' id='word_1_185' title='bbox 1460 2352 1613 2421; x_wconf 88' lang='lat' dir='ltr'><strong>Quod</strong></span> <span class='ocrx_word' id='word_1_186' title='bbox 1638 2353 1798 2409; x_wconf 89' lang='lat' dir='ltr'><strong>etiam</strong></span> 
     </span>
    </p>
   </div>
   <div class='ocr_carea' id='block_1_24' title="bbox 212 2445 1801 2518">
    <p class='ocr_par' dir='ltr' id='par_1_24' title="bbox 212 2445 1801 2518">
     <span class='ocr_line' id='line_1_24' title="bbox 212 2445 1801 2518; baseline -0.001 -16"><span class='ocrx_word' id='word_1_187' title='bbox 212 2464 302 2517; x_wconf 87' lang='lat' dir='ltr'><strong>per</strong></span> <span class='ocrx_word' id='word_1_188' title='bbox 322 2449 424 2502; x_wconf 88' lang='lat' dir='ltr'><strong>alia</strong></span> <span class='ocrx_word' id='word_1_189' title='bbox 453 2449 649 2503; x_wconf 82' lang='lat' dir='ltr'><strong>Paulus</strong></span> <span class='ocrx_word' id='word_1_190' title='bbox 674 2448 1048 2504; x_wconf 79' lang='lat' dir='ltr'><strong>demonstrans</strong></span> <span class='ocrx_word' id='word_1_191' title='bbox 1068 2448 1312 2504; x_wconf 89' lang='lat' dir='ltr'><strong>dicebat:</strong></span> <span class='ocrx_word' id='word_1_192' title='bbox 1339 2445 1367 2500; x_wconf 93' lang='grc' dir='ltr'><strong><em>Ι</em></strong></span> <span class='ocrx_word' id='word_1_193' title='bbox 1370 2449 1505 2518; x_wconf 85' lang='lat' dir='ltr'><strong>gitur</strong></span> <span class='ocrx_word' id='word_1_194' title='bbox 1531 2463 1689 2517; x_wconf 85' lang='lat' dir='ltr'><strong>neque</strong></span> <span class='ocrx_word' id='word_1_195' title='bbox 1713 2447 1801 2517; x_wconf 89' lang='lat' dir='ltr'><strong>qui</strong></span> 
     </span>
    </p>
   </div>
   <div class='ocr_carea' id='block_1_25' title="bbox 210 2538 1799 2611">
    <p class='ocr_par' dir='ltr' id='par_1_25' title="bbox 210 2538 1799 2611">
     <span class='ocr_line' id='line_1_25' title="bbox 210 2538 1799 2611; baseline 0 -19"><span class='ocrx_word' id='word_1_196' title='bbox 210 2538 426 2609; x_wconf 81' lang='lat' dir='ltr'><strong>plantat,</strong></span> <span class='ocrx_word' id='word_1_197' title='bbox 476 2557 633 2611; x_wconf 85' lang='lat' dir='ltr'><strong>neque</strong></span> <span class='ocrx_word' id='word_1_198' title='bbox 675 2540 764 2609; x_wconf 85' lang='lat' dir='ltr'><strong>qui</strong></span> <span class='ocrx_word' id='word_1_199' title='bbox 804 2540 957 2611; x_wconf 89' lang='lat' dir='ltr'><strong>rigat,</strong></span> <span class='ocrx_word' id='word_1_200' title='bbox 1000 2548 1072 2594; x_wconf 87' lang='lat' dir='ltr'><strong>est</strong></span> <span class='ocrx_word' id='word_1_201' title='bbox 1117 2539 1330 2610; x_wconf 86' lang='lat' dir='ltr'><strong>aliquid,</strong></span> <span class='ocrx_word' id='word_1_202' title='bbox 1376 2539 1463 2593; x_wconf 87' lang='lat' dir='ltr'><strong>sed</strong></span> <span class='ocrx_word' id='word_1_203' title='bbox 1499 2539 1584 2609; x_wconf 87' lang='lat' dir='ltr'><strong>qui</strong></span> <span class='ocrx_word' id='word_1_204' title='bbox 1631 2539 1799 2592; x_wconf 82' lang='lat' dir='ltr'><strong>incre-</strong></span> 
     </span>
    </p>
   </div>
   <div class='ocr_carea' id='block_1_26' title="bbox 211 2630 1803 2702">
    <p class='ocr_par' dir='ltr' id='par_1_26' title="bbox 211 2630 1803 2702">
     <span class='ocr_line' id='line_1_26' title="bbox 211 2630 1803 2702; baseline 0.001 -16"><span class='ocrx_word' id='word_1_205' title='bbox 211 2644 431 2688; x_wconf 83' lang='lat' dir='ltr'><strong>mentum</strong></span> <span class='ocrx_word' id='word_1_206' title='bbox 461 2634 570 2697; x_wconf 90' lang='lat' dir='ltr'><strong>dat,</strong></span> <span class='ocrx_word' id='word_1_207' title='bbox 596 2633 736 2687; x_wconf 88' lang='lat' dir='ltr'><strong>Deus</strong></span> <span class='ocrx_word' id='word_1_208' title='bbox 765 2632 843 2702; x_wconf 85' lang='lat' dir='ltr'><strong>(l.</strong></span> <span class='ocrx_word' id='word_1_209' title='bbox 881 2630 999 2685; x_wconf 83' lang='lat' dir='ltr'><strong>Cor.</strong></span> <span class='ocrx_word' id='word_1_210' title='bbox 1031 2632 1085 2687; x_wconf 77' lang='grc'><strong>5.</strong></span> <span class='ocrx_word' id='word_1_211' title='bbox 1110 2632 1185 2701; x_wconf 89' lang='lat'><strong>7).</strong></span> <span class='ocrx_word' id='word_1_212' title='bbox 1216 2630 1299 2684; x_wconf 82' lang='lat' dir='ltr'><strong>Ab</strong></span> <span class='ocrx_word' id='word_1_213' title='bbox 1328 2631 1391 2685; x_wconf 91' lang='lat' dir='ltr'><strong>iis</strong></span> <span class='ocrx_word' id='word_1_214' title='bbox 1416 2630 1576 2700; x_wconf 82' lang='lat' dir='ltr'><strong>igitur</strong></span> <span class='ocrx_word' id='word_1_215' title='bbox 1598 2645 1717 2700; x_wconf 72' lang='lat' dir='ltr'><strong>qua:</strong></span> <span class='ocrx_word' id='word_1_216' title='bbox 1748 2635 1803 2691; x_wconf 89' lang='lat' dir='ltr'><strong>in</strong></span> 
     </span>
    </p>
   </div>
   <div class='ocr_carea' id='block_1_27' title="bbox 212 2724 1796 2794">
    <p class='ocr_par' dir='ltr' id='par_1_27' title="bbox 212 2724 1796 2794">
     <span class='ocr_line' id='line_1_27' title="bbox 212 2724 1796 2794; baseline -0.004 -11"><span class='ocrx_word' id='word_1_217' title='bbox 212 2731 360 2784; x_wconf 68' lang='lat' dir='ltr'><strong>noliis</strong></span> <span class='ocrx_word' id='word_1_218' title='bbox 386 2740 513 2784; x_wconf 85' lang='lat' dir='ltr'><strong>sunt</strong></span> <span class='ocrx_word' id='word_1_219' title='bbox 534 2729 604 2782; x_wconf 87' lang='lat' dir='ltr'><strong>ita</strong></span> <span class='ocrx_word' id='word_1_220' title='bbox 630 2727 939 2781; x_wconf 84' lang='lat' dir='ltr'><strong>cohortatus</strong></span> <span class='ocrx_word' id='word_1_221' title='bbox 966 2734 1049 2781; x_wconf 89' lang='lat' dir='ltr'><strong>est</strong></span> <span class='ocrx_word' id='word_1_222' title='bbox 1071 2743 1085 2780; x_wconf 90' lang='lat'><strong>:</strong></span> <span class='ocrx_word' id='word_1_223' title='bbox 1113 2726 1180 2781; x_wconf 87' lang='lat' dir='ltr'><strong>ab</strong></span> <span class='ocrx_word' id='word_1_224' title='bbox 1204 2725 1325 2778; x_wconf 85' lang='lat' dir='ltr'><strong>aliis</strong></span> <span class='ocrx_word' id='word_1_225' title='bbox 1347 2738 1475 2779; x_wconf 87' lang='lat' dir='ltr'><strong>vero</strong></span> <span class='ocrx_word' id='word_1_226' title='bbox 1499 2724 1796 2794; x_wconf 82' lang='lat' dir='ltr'><strong>exemplis:</strong></span> 
     </span>
    </p>
   </div>
   <div class='ocr_carea' id='block_1_28' title="bbox 209 2815 1793 2890">
    <p class='ocr_par' dir='ltr' id='par_1_28' title="bbox 209 2815 1793 2890">
     <span class='ocr_line' id='line_1_28' title="bbox 209 2815 1793 2890; baseline -0.004 -15"><span class='ocrx_word' id='word_1_227' title='bbox 209 2821 294 2875; x_wconf 73' lang='grc'><strong>26.</strong></span> <span class='ocrx_word' id='word_1_228' title='bbox 347 2822 572 2890; x_wconf 78' lang='lat' dir='ltr'><strong>Aspicite</strong></span> <span class='ocrx_word' id='word_1_229' title='bbox 616 2819 840 2873; x_wconf 80' lang='lat' dir='ltr'><strong>volatilia</strong></span> <span class='ocrx_word' id='word_1_230' title='bbox 884 2818 1029 2885; x_wconf 77' lang='lat' dir='ltr'><strong>cteli,</strong></span> <span class='ocrx_word' id='word_1_231' title='bbox 1079 2816 1267 2887; x_wconf 85' lang='lat' dir='ltr'><strong>inquit.</strong></span> <span class='ocrx_word' id='word_1_232' title='bbox 1303 2815 1377 2871; x_wconf 81' lang='lat' dir='ltr'><strong>Ne</strong></span> <span class='ocrx_word' id='word_1_233' title='bbox 1406 2815 1526 2887; x_wconf 85' lang='lat' dir='ltr'><strong>quis</strong></span> <span class='ocrx_word' id='word_1_234' title='bbox 1558 2815 1793 2884; x_wconf 85' lang='lat' dir='ltr'><strong>diceret,</strong></span> 
     </span>
    </p>
   </div>
   <div class='ocr_carea' id='block_1_29' title="bbox 210 2908 1795 2979">
    <p class='ocr_par' dir='ltr' id='par_1_29' title="bbox 210 2908 1795 2979">
     <span class='ocr_line' id='line_1_29' title="bbox 210 2908 1795 2979; baseline -0.003 -12"><span class='ocrx_word' id='word_1_235' title='bbox 210 2914 334 2968; x_wconf 89' lang='lat' dir='ltr'><strong>ntile</strong></span> <span class='ocrx_word' id='word_1_236' title='bbox 385 2913 541 2967; x_wconf 87' lang='lat' dir='ltr'><strong>nobis</strong></span> <span class='ocrx_word' id='word_1_237' title='bbox 579 2927 701 2968; x_wconf 87' lang='lat' dir='ltr'><strong>esse</strong></span> <span class='ocrx_word' id='word_1_238' title='bbox 743 2912 787 2966; x_wconf 90' lang='lat' dir='ltr'><strong>si</strong></span> <span class='ocrx_word' id='word_1_239' title='bbox 835 2911 1047 2966; x_wconf 91' lang='lat' dir='ltr'><strong>solliciti</strong></span> <span class='ocrx_word' id='word_1_240' title='bbox 1081 2910 1268 2975; x_wconf 88' lang='lat' dir='ltr'><strong>simus,</strong></span> <span class='ocrx_word' id='word_1_241' title='bbox 1302 2919 1355 2965; x_wconf 91' lang='lat' dir='ltr'><strong>et</strong></span> <span class='ocrx_word' id='word_1_242' title='bbox 1387 2924 1417 2963; x_wconf 90' lang='lat' dir='ltr'><strong>a</strong></span> <span class='ocrx_word' id='word_1_243' title='bbox 1453 2908 1641 2979; x_wconf 79' lang='lat' dir='ltr'><strong>majori</strong></span> <span class='ocrx_word' id='word_1_244' title='bbox 1675 2917 1730 2963; x_wconf 91' lang='lat' dir='ltr'><strong>et</strong></span> <span class='ocrx_word' id='word_1_245' title='bbox 1764 2924 1795 2963; x_wconf 88' lang='lat' dir='ltr'><strong>a</strong></span> 
     </span>
    </p>
   </div>
   <div class='ocr_carea' id='block_1_30' title="bbox 209 3000 1795 3074">
    <p class='ocr_par' dir='ltr' id='par_1_30' title="bbox 209 3000 1795 3074">
     <span class='ocr_line' id='line_1_30' title="bbox 209 3000 1795 3074; baseline -0.002 -16"><span class='ocrx_word' id='word_1_246' title='bbox 209 3006 400 3059; x_wconf 87' lang='lat' dir='ltr'><strong>minori</strong></span> <span class='ocrx_word' id='word_1_247' title='bbox 428 3005 574 3074; x_wconf 88' lang='lat' dir='ltr'><strong>ipsos</strong></span> <span class='ocrx_word' id='word_1_248' title='bbox 600 3002 953 3070; x_wconf 89' lang='lat' dir='ltr'><strong>dehortatur;</strong></span> <span class='ocrx_word' id='word_1_249' title='bbox 981 3017 1011 3057; x_wconf 87' lang='lat' dir='ltr'><strong>a</strong></span> <span class='ocrx_word' id='word_1_250' title='bbox 1052 3002 1242 3072; x_wconf 90' lang='lat' dir='ltr'><strong>majori</strong></span> <span class='ocrx_word' id='word_1_251' title='bbox 1273 3016 1486 3071; x_wconf 85' lang='lat' dir='ltr'><strong>nempe,</strong></span> <span class='ocrx_word' id='word_1_252' title='bbox 1518 3002 1585 3056; x_wconf 89' lang='lat' dir='ltr'><strong>ab</strong></span> <span class='ocrx_word' id='word_1_253' title='bbox 1618 3000 1795 3055; x_wconf 88' lang='lat' dir='ltr'><strong>anima</strong></span> 
     </span>
    </p>
   </div>
   <div class='ocr_carea' id='block_1_31' title="bbox 207 3095 1796 3165">
    <p class='ocr_par' dir='ltr' id='par_1_31' title="bbox 207 3095 1796 3165">
     <span class='ocr_line' id='line_1_31' title="bbox 207 3095 1796 3165; baseline 0.001 -16"><span class='ocrx_word' id='word_1_254' title='bbox 207 3108 255 3149; x_wconf 86' lang='lat' dir='ltr'><strong>et</strong></span> <span class='ocrx_word' id='word_1_255' title='bbox 299 3112 560 3165; x_wconf 84' lang='lat' dir='ltr'><strong>corpore;</strong></span> <span class='ocrx_word' id='word_1_256' title='bbox 610 3112 639 3150; x_wconf 89' lang='lat' dir='ltr'><strong>a</strong></span> <span class='ocrx_word' id='word_1_257' title='bbox 683 3096 896 3160; x_wconf 90' lang='lat' dir='ltr'><strong>minori,</strong></span> <span class='ocrx_word' id='word_1_258' title='bbox 924 3096 991 3150; x_wconf 89' lang='lat' dir='ltr'><strong>ab</strong></span> <span class='ocrx_word' id='word_1_259' title='bbox 1019 3096 1224 3151; x_wconf 87' lang='lat' dir='ltr'><strong>avibus.</strong></span> <span class='ocrx_word' id='word_1_260' title='bbox 1263 3095 1318 3150; x_wconf 89' lang='lat' dir='ltr'><strong>Si</strong></span> <span class='ocrx_word' id='word_1_261' title='bbox 1362 3096 1505 3150; x_wconf 89' lang='lat' dir='ltr'><strong>enim</strong></span> <span class='ocrx_word' id='word_1_262' title='bbox 1536 3096 1696 3151; x_wconf 91' lang='lat' dir='ltr'><strong>etiam</strong></span> <span class='ocrx_word' id='word_1_263' title='bbox 1727 3096 1796 3151; x_wconf 91' lang='lat' dir='ltr'><strong>de</strong></span> 
     </span>
    </p>
   </div>
   <div class='ocr_carea' id='block_1_32' title="bbox 208 3186 1795 3259">
    <p class='ocr_par' dir='ltr' id='par_1_32' title="bbox 208 3186 1795 3259">
     <span class='ocr_line' id='line_1_32' title="bbox 208 3186 1795 3259; baseline 0.001 -17"><span class='ocrx_word' id='word_1_264' title='bbox 208 3192 361 3259; x_wconf 82' lang='lat' dir='ltr'><strong>longe</strong></span> <span class='ocrx_word' id='word_1_265' title='bbox 378 3188 726 3244; x_wconf 86' lang='lat' dir='ltr'><strong>inferioribus</strong></span> <span class='ocrx_word' id='word_1_266' title='bbox 751 3198 946 3244; x_wconf 89' lang='lat' dir='ltr'><strong>tantam</strong></span> <span class='ocrx_word' id='word_1_267' title='bbox 963 3189 1102 3259; x_wconf 80' lang='lat' dir='ltr'><strong>gerit</strong></span> <span class='ocrx_word' id='word_1_268' title='bbox 1123 3203 1328 3249; x_wconf 89' lang='lat' dir='ltr'><strong>curam,</strong></span> <span class='ocrx_word' id='word_1_269' title='bbox 1353 3186 1621 3257; x_wconf 87' lang='lat' dir='ltr'><strong>quomodo</strong></span> <span class='ocrx_word' id='word_1_270' title='bbox 1646 3188 1795 3245; x_wconf 81' lang='lat' dir='ltr'><strong>vobis</strong></span> 
     </span>
    </p>
   </div>
   <div class='ocr_carea' id='block_1_33' title="bbox 208 3283 1791 3357">
    <p class='ocr_par' dir='ltr' id='par_1_33' title="bbox 208 3283 1791 3357">
     <span class='ocr_line' id='line_1_33' title="bbox 208 3283 1791 3357; baseline -0.003 -16"><span class='ocrx_word' id='word_1_271' title='bbox 208 3303 309 3341; x_wconf 88' lang='lat' dir='ltr'><strong>non</strong></span> <span class='ocrx_word' id='word_1_272' title='bbox 340 3288 574 3357; x_wconf 88' lang='lat' dir='ltr'><strong>idipsum</strong></span> <span class='ocrx_word' id='word_1_273' title='bbox 604 3286 907 3356; x_wconf 62' lang='lat' dir='ltr'><strong>praestabit;</strong></span> <span class='ocrx_word' id='word_1_274' title='bbox 938 3285 1127 3355; x_wconf 83' lang='lat' dir='ltr'><strong>inquit.</strong></span> <span class='ocrx_word' id='word_1_275' title='bbox 1156 3285 1222 3338; x_wconf 83' lang='lat' dir='ltr'><strong>Et</strong></span> <span class='ocrx_word' id='word_1_276' title='bbox 1250 3283 1365 3338; x_wconf 73' lang='lat' dir='ltr'><strong>lucc</strong></span> <span class='ocrx_word' id='word_1_277' title='bbox 1398 3283 1615 3353; x_wconf 88' lang='lat' dir='ltr'><strong>quidem</strong></span> <span class='ocrx_word' id='word_1_278' title='bbox 1646 3284 1751 3338; x_wconf 89' lang='lat' dir='ltr'><strong>illis</strong></span> <span class='ocrx_word' id='word_1_279' title='bbox 1776 3299 1791 3349; x_wconf 92' lang='lat'><strong>;</strong></span> 
     </span>
    </p>
   </div>
   <div class='ocr_carea' id='block_1_34' title="bbox 206 3377 1791 3452">
    <p class='ocr_par' dir='ltr' id='par_1_34' title="bbox 206 3377 1791 3452">
     <span class='ocr_line' id='line_1_34' title="bbox 206 3377 1791 3452; baseline -0.003 -17"><span class='ocrx_word' id='word_1_280' title='bbox 206 3390 319 3435; x_wconf 83' lang='lat' dir='ltr'><strong>erat</strong></span> <span class='ocrx_word' id='word_1_281' title='bbox 345 3382 546 3452; x_wconf 85' lang='lat' dir='ltr'><strong>quippe</strong></span> <span class='ocrx_word' id='word_1_282' title='bbox 573 3381 726 3435; x_wconf 87' lang='lat' dir='ltr'><strong>turba</strong></span> <span class='ocrx_word' id='word_1_283' title='bbox 764 3379 979 3450; x_wconf 90' lang='lat' dir='ltr'><strong>populi;</strong></span> <span class='ocrx_word' id='word_1_284' title='bbox 1015 3378 1228 3433; x_wconf 83' lang='lat' dir='ltr'><strong>diabolo</strong></span> <span class='ocrx_word' id='word_1_285' title='bbox 1257 3386 1567 3432; x_wconf 89' lang='lat' dir='ltr'><strong>autemnon</strong></span> <span class='ocrx_word' id='word_1_286' title='bbox 1592 3377 1671 3432; x_wconf 91' lang='lat' dir='ltr'><strong>sic</strong></span> <span class='ocrx_word' id='word_1_287' title='bbox 1701 3392 1791 3431; x_wconf 88' lang='lat' dir='ltr'><strong>re-</strong></span> 
     </span>
    </p>
   </div>
   <div class='ocr_carea' id='block_1_35' title="bbox 204 3470 1791 3543">
    <p class='ocr_par' dir='ltr' id='par_1_35' title="bbox 204 3470 1791 3543">
     <span class='ocr_line' id='line_1_35' title="bbox 204 3470 1791 3543; baseline -0.002 -16"><span class='ocrx_word' id='word_1_288' title='bbox 204 3473 439 3542; x_wconf 84' lang='lat' dir='ltr'><strong>spondit,</strong></span> <span class='ocrx_word' id='word_1_289' title='bbox 471 3473 566 3527; x_wconf 89' lang='lat' dir='ltr'><strong>sed</strong></span> <span class='ocrx_word' id='word_1_290' title='bbox 595 3472 898 3543; x_wconf 87' lang='lat' dir='ltr'><strong>quomodo?</strong></span> <span class='ocrx_word' id='word_1_291' title='bbox 928 3470 1050 3525; x_wconf 88' lang='lat' dir='ltr'><strong>Non</strong></span> <span class='ocrx_word' id='word_1_292' title='bbox 1080 3472 1131 3525; x_wconf 87' lang='lat' dir='ltr'><strong>in</strong></span> <span class='ocrx_word' id='word_1_293' title='bbox 1162 3472 1270 3526; x_wconf 89' lang='lat' dir='ltr'><strong>solo</strong></span> <span class='ocrx_word' id='word_1_294' title='bbox 1297 3487 1428 3539; x_wconf 84' lang='lat' dir='ltr'><strong>pane</strong></span> <span class='ocrx_word' id='word_1_295' title='bbox 1466 3472 1593 3524; x_wconf 85' lang='lat' dir='ltr'><strong>vivet</strong></span> <span class='ocrx_word' id='word_1_296' title='bbox 1619 3471 1791 3535; x_wconf 85' lang='lat' dir='ltr'><strong>homo,</strong></span> 
     </span>
    </p>
   </div>
   <div class='ocr_carea' id='block_1_36' title="bbox 203 3561 1789 3634">
    <p class='ocr_par' dir='ltr' id='par_1_36' title="bbox 203 3561 1789 3634">
     <span class='ocr_line' id='line_1_36' title="bbox 203 3561 1789 3634; baseline 0 -16"><span class='ocrx_word' id='word_1_297' title='bbox 203 3567 290 3618; x_wconf 78' lang='lat' dir='ltr'><strong>sed</strong></span> <span class='ocrx_word' id='word_1_298' title='bbox 328 3566 383 3618; x_wconf 85' lang='lat' dir='ltr'><strong>in</strong></span> <span class='ocrx_word' id='word_1_299' title='bbox 409 3565 552 3619; x_wconf 86' lang='lat' dir='ltr'><strong>omni</strong></span> <span class='ocrx_word' id='word_1_300' title='bbox 580 3565 725 3618; x_wconf 86' lang='lat' dir='ltr'><strong>verba</strong></span> <span class='ocrx_word' id='word_1_301' title='bbox 750 3564 889 3633; x_wconf 86' lang='lat' dir='ltr'><strong>quod</strong></span> <span class='ocrx_word' id='word_1_302' title='bbox 915 3563 1139 3634; x_wconf 84' lang='lat' dir='ltr'><strong>procedit</strong></span> <span class='ocrx_word' id='word_1_303' title='bbox 1165 3564 1227 3617; x_wconf 88' lang='lat' dir='ltr'><strong>de</strong></span> <span class='ocrx_word' id='word_1_304' title='bbox 1258 3579 1345 3617; x_wconf 90' lang='lat' dir='ltr'><strong>ore</strong></span> <span class='ocrx_word' id='word_1_305' title='bbox 1370 3562 1466 3616; x_wconf 85' lang='lat' dir='ltr'><strong>Dei</strong></span> <span class='ocrx_word' id='word_1_306' title='bbox 1494 3561 1709 3634; x_wconf 80' lang='lat' dir='ltr'><strong>(Matth.</strong></span> <span class='ocrx_word' id='word_1_307' title='bbox 1736 3564 1789 3618; x_wconf 77' lang='grc'><strong>4.</strong></span> 
     </span>
    </p>
   </div>
   <div class='ocr_carea' id='block_1_37' title="bbox 203 3656 1793 3727">
    <p class='ocr_par' dir='ltr' id='par_1_37' title="bbox 203 3656 1793 3727">
     <span class='ocr_line' id='line_1_37' title="bbox 203 3656 1793 3727; baseline -0.001 -15"><span class='ocrx_word' id='word_1_308' title='bbox 203 3659 277 3727; x_wconf 72' lang='grc' dir='ltr'><strong>ι).</strong></span> <span class='ocrx_word' id='word_1_309' title='bbox 311 3658 413 3712; x_wconf 91' lang='lat' dir='ltr'><strong>llic</strong></span> <span class='ocrx_word' id='word_1_310' title='bbox 438 3667 618 3711; x_wconf 88' lang='lat' dir='ltr'><strong>autem</strong></span> <span class='ocrx_word' id='word_1_311' title='bbox 644 3657 875 3711; x_wconf 84' lang='lat' dir='ltr'><strong>volatilia</strong></span> <span class='ocrx_word' id='word_1_312' title='bbox 900 3666 1179 3722; x_wconf 90' lang='lat' dir='ltr'><strong>memorat,</strong></span> <span class='ocrx_word' id='word_1_313' title='bbox 1205 3656 1298 3711; x_wconf 88' lang='lat' dir='ltr'><strong>sed</strong></span> <span class='ocrx_word' id='word_1_314' title='bbox 1324 3656 1485 3711; x_wconf 89' lang='lat' dir='ltr'><strong>modo</strong></span> <span class='ocrx_word' id='word_1_315' title='bbox 1509 3656 1575 3711; x_wconf 90' lang='lat' dir='ltr'><strong>ad</strong></span> <span class='ocrx_word' id='word_1_316' title='bbox 1602 3657 1793 3712; x_wconf 87' lang='lat' dir='ltr'><strong>cohor-</strong></span> 
     </span>
    </p>
   </div>
   <div class='ocr_carea' id='block_1_38' title="bbox 205 3748 1792 3819">
    <p class='ocr_par' dir='ltr' id='par_1_38' title="bbox 205 3748 1792 3819">
     <span class='ocr_line' id='line_1_38' title="bbox 205 3748 1792 3819; baseline -0.001 -15"><span class='ocrx_word' id='word_1_317' title='bbox 205 3751 428 3805; x_wconf 85' lang='lat' dir='ltr'><strong>tandum</strong></span> <span class='ocrx_word' id='word_1_318' title='bbox 459 3750 684 3819; x_wconf 86' lang='lat' dir='ltr'><strong>optimo,</strong></span> <span class='ocrx_word' id='word_1_319' title='bbox 728 3750 817 3819; x_wconf 91' lang='lat' dir='ltr'><strong>qui</strong></span> <span class='ocrx_word' id='word_1_320' title='bbox 858 3750 909 3802; x_wconf 90' lang='lat' dir='ltr'><strong>in</strong></span> <span class='ocrx_word' id='word_1_321' title='bbox 957 3748 1318 3803; x_wconf 87' lang='lat' dir='ltr'><strong>admonitione</strong></span> <span class='ocrx_word' id='word_1_322' title='bbox 1362 3749 1648 3803; x_wconf 78' lang='lat' dir='ltr'><strong>maximam</strong></span> <span class='ocrx_word' id='word_1_323' title='bbox 1688 3750 1792 3803; x_wconf 85' lang='lat' dir='ltr'><strong>vim</strong></span> 
     </span>
    </p>
   </div>
   <div class='ocr_carea' id='block_1_39' title="bbox 206 3839 1845 3911">
    <p class='ocr_par' dir='ltr' id='par_1_39' title="bbox 206 3839 1845 3911">
     <span class='ocr_line' id='line_1_39' title="bbox 206 3839 1845 3911; baseline 0.001 -16"><span class='ocrx_word' id='word_1_324' title='bbox 206 3842 416 3897; x_wconf 86' lang='lat' dir='ltr'><strong>haheat.</strong></span> <span class='ocrx_word' id='word_1_325' title='bbox 452 3840 560 3897; x_wconf 86' lang='lat' dir='ltr'><strong>Sed</strong></span> <span class='ocrx_word' id='word_1_326' title='bbox 590 3841 640 3895; x_wconf 89' lang='lat' dir='ltr'><strong>in</strong></span> <span class='ocrx_word' id='word_1_327' title='bbox 670 3849 872 3895; x_wconf 88' lang='lat' dir='ltr'><strong>tantum</strong></span> <span class='ocrx_word' id='word_1_328' title='bbox 902 3840 1220 3909; x_wconf 74' lang='lat' dir='ltr'><strong>insipientia:</strong></span> <span class='ocrx_word' id='word_1_329' title='bbox 1259 3839 1471 3910; x_wconf 88' lang='lat' dir='ltr'><strong>quidam</strong></span> <span class='ocrx_word' id='word_1_330' title='bbox 1513 3840 1661 3911; x_wconf 89' lang='lat' dir='ltr'><strong>impii</strong></span> <span class='ocrx_word' id='word_1_331' title='bbox 1699 3855 1795 3896; x_wconf 81' lang='lat' dir='ltr'><strong>ve—</strong></span> <span class='ocrx_word' id='word_1_332' title='bbox 1836 3854 1845 3862; x_wconf 88' lang='lat'>‘</span> 
     </span>
    </p>
   </div>
   <div class='ocr_carea' id='block_1_40' title="bbox 205 3930 1794 4002">
    <p class='ocr_par' dir='ltr' id='par_1_40' title="bbox 205 3930 1794 4002">
     <span class='ocr_line' id='line_1_40' title="bbox 205 3930 1794 4002; baseline -0.001 -14"><span class='ocrx_word' id='word_1_333' title='bbox 205 3942 414 3997; x_wconf 90' lang='lat' dir='ltr'><strong>nerant,</strong></span> <span class='ocrx_word' id='word_1_334' title='bbox 470 3943 527 3987; x_wconf 89' lang='lat' dir='ltr'><strong>ut</strong></span> <span class='ocrx_word' id='word_1_335' title='bbox 566 3934 867 4002; x_wconf 88' lang='lat' dir='ltr'><strong>exemplum</strong></span> <span class='ocrx_word' id='word_1_336' title='bbox 913 3931 1389 4002; x_wconf 79' lang='lat' dir='ltr'><strong>reprehenderent.</strong></span> <span class='ocrx_word' id='word_1_337' title='bbox 1433 3930 1614 4000; x_wconf 84' lang='lat' dir='ltr'><strong>Neque</strong></span> <span class='ocrx_word' id='word_1_338' title='bbox 1651 3931 1794 3987; x_wconf 88' lang='lat' dir='ltr'><strong>enim</strong></span> 
     </span>
    </p>
   </div>
   <div class='ocr_carea' id='block_1_41' title="bbox 204 4022 1792 4095">
    <p class='ocr_par' dir='ltr' id='par_1_41' title="bbox 204 4022 1792 4095">
     <span class='ocr_line' id='line_1_41' title="bbox 204 4022 1792 4095; baseline 0 -16"><span class='ocrx_word' id='word_1_339' title='bbox 204 4026 463 4094; x_wconf 88' lang='lat' dir='ltr'><strong>oportuit,</strong></span> <span class='ocrx_word' id='word_1_340' title='bbox 490 4024 816 4095; x_wconf 89' lang='lat' dir='ltr'><strong>inquiebant,</strong></span> <span class='ocrx_word' id='word_1_341' title='bbox 841 4039 960 4077; x_wconf 91' lang='lat' dir='ltr'><strong>eum</strong></span> <span class='ocrx_word' id='word_1_342' title='bbox 978 4024 1066 4092; x_wconf 91' lang='lat' dir='ltr'><strong>qni</strong></span> <span class='ocrx_word' id='word_1_343' title='bbox 1097 4022 1394 4077; x_wconf 81' lang='lat' dir='ltr'><strong>voluntates</strong></span> <span class='ocrx_word' id='word_1_344' title='bbox 1419 4024 1696 4091; x_wconf 82' lang='lat' dir='ltr'><strong>excitaret,</strong></span> <span class='ocrx_word' id='word_1_345' title='bbox 1727 4039 1792 4079; x_wconf 85' lang='lat' dir='ltr'><strong>ex</strong></span> 
     </span>
    </p>
   </div>
   <div class='ocr_carea' id='block_1_42' title="bbox 208 4114 1795 4187">
    <p class='ocr_par' dir='ltr' id='par_1_42' title="bbox 208 4114 1795 4187">
     <span class='ocr_line' id='line_1_42' title="bbox 208 4114 1795 4187; baseline 0 -16"><span class='ocrx_word' id='word_1_346' title='bbox 208 4117 530 4172; x_wconf 78' lang='lat' dir='ltr'><strong>naturalium</strong></span> <span class='ocrx_word' id='word_1_347' title='bbox 561 4132 735 4170; x_wconf 85' lang='lat' dir='ltr'><strong>rerum</strong></span> <span class='ocrx_word' id='word_1_348' title='bbox 780 4116 1039 4186; x_wconf 79' lang='lat' dir='ltr'><strong>exemplis</strong></span> <span class='ocrx_word' id='word_1_349' title='bbox 1080 4114 1130 4168; x_wconf 90' lang='lat' dir='ltr'><strong>id</strong></span> <span class='ocrx_word' id='word_1_350' title='bbox 1157 4129 1334 4186; x_wconf 82' lang='lat' dir='ltr'><strong>agere,</strong></span> <span class='ocrx_word' id='word_1_351' title='bbox 1362 4115 1557 4186; x_wconf 88' lang='lat' dir='ltr'><strong>quippe</strong></span> <span class='ocrx_word' id='word_1_352' title='bbox 1593 4131 1712 4187; x_wconf 66' lang='lat' dir='ltr'><strong>quae</strong></span> <span class='ocrx_word' id='word_1_353' title='bbox 1741 4115 1795 4171; x_wconf 91' lang='lat' dir='ltr'><strong>id</strong></span> 
     </span>
    </p>
   </div>
   <div class='ocr_carea' id='block_1_43' title="bbox 210 4212 767 4265">
    <p class='ocr_par' dir='ltr' id='par_1_43' title="bbox 210 4212 767 4265">
     <span class='ocr_line' id='line_1_43' title="bbox 210 4212 767 4265; baseline -0.002 0"><span class='ocrx_word' id='word_1_354' title='bbox 210 4212 439 4265; x_wconf 82' lang='lat' dir='ltr'><strong>habeant</strong></span> <span class='ocrx_word' id='word_1_355' title='bbox 462 4227 529 4265; x_wconf 84' lang='lat' dir='ltr'><strong>ex</strong></span> <span class='ocrx_word' id='word_1_356' title='bbox 560 4220 767 4264; x_wconf 89' lang='lat' dir='ltr'><strong>natura.</strong></span> 
     </span>
    </p>
   </div>
   <div class='ocr_carea' id='block_1_44' title="bbox 276 4300 1792 4373">
    <p class='ocr_par' dir='ltr' id='par_1_44' title="bbox 276 4300 1792 4373">
     <span class='ocr_line' id='line_1_44' title="bbox 276 4300 1792 4373; baseline -0.002 -15"><span class='ocrx_word' id='word_1_357' title='bbox 276 4305 331 4359; x_wconf 76' lang='grc' dir='ltr'><strong>ὃ.</strong></span> <span class='ocrx_word' id='word_1_358' title='bbox 371 4304 511 4371; x_wconf 85' lang='lat' dir='ltr'><strong>Quid</strong></span> <span class='ocrx_word' id='word_1_359' title='bbox 543 4303 702 4373; x_wconf 80' lang='lat' dir='ltr'><strong>igitur</strong></span> <span class='ocrx_word' id='word_1_360' title='bbox 726 4301 791 4356; x_wconf 89' lang='lat' dir='ltr'><strong>ad</strong></span> <span class='ocrx_word' id='word_1_361' title='bbox 820 4301 933 4355; x_wconf 67' lang='lat' dir='ltr'><strong>haec</strong></span> <span class='ocrx_word' id='word_1_362' title='bbox 955 4300 1236 4355; x_wconf 81' lang='lat' dir='ltr'><strong>dicamus?</strong></span> <span class='ocrx_word' id='word_1_363' title='bbox 1262 4300 1481 4356; x_wconf 86' lang='lat' dir='ltr'><strong>Etiamsi</strong></span> <span class='ocrx_word' id='word_1_364' title='bbox 1523 4301 1573 4355; x_wconf 90' lang='lat' dir='ltr'><strong>id</strong></span> <span class='ocrx_word' id='word_1_365' title='bbox 1601 4317 1666 4357; x_wconf 88' lang='lat' dir='ltr'><strong>ex</strong></span> <span class='ocrx_word' id='word_1_366' title='bbox 1694 4317 1792 4356; x_wconf 86' lang='lat' dir='ltr'><strong>na-</strong></span> 
     </span>
    </p>
   </div>
   <div class='ocr_carea' id='block_1_45' title="bbox 211 4393 1794 4466">
    <p class='ocr_par' dir='ltr' id='par_1_45' title="bbox 211 4393 1794 4466">
     <span class='ocr_line' id='line_1_45' title="bbox 211 4393 1794 4466; baseline -0.003 -14"><span class='ocrx_word' id='word_1_367' title='bbox 211 4407 321 4453; x_wconf 86' lang='lat' dir='ltr'><strong>tura</strong></span> <span class='ocrx_word' id='word_1_368' title='bbox 347 4398 475 4452; x_wconf 88' lang='lat' dir='ltr'><strong>insit</strong></span> <span class='ocrx_word' id='word_1_369' title='bbox 503 4396 632 4462; x_wconf 88' lang='lat' dir='ltr'><strong>illis,</strong></span> <span class='ocrx_word' id='word_1_370' title='bbox 660 4409 818 4466; x_wconf 90' lang='lat' dir='ltr'><strong>posse</strong></span> <span class='ocrx_word' id='word_1_371' title='bbox 846 4394 901 4450; x_wconf 90' lang='lat' dir='ltr'><strong>id</strong></span> <span class='ocrx_word' id='word_1_372' title='bbox 924 4394 1085 4449; x_wconf 89' lang='lat' dir='ltr'><strong>etiam</strong></span> <span class='ocrx_word' id='word_1_373' title='bbox 1116 4393 1270 4449; x_wconf 89' lang='lat' dir='ltr'><strong>nobis</strong></span> <span class='ocrx_word' id='word_1_374' title='bbox 1309 4409 1373 4448; x_wconf 88' lang='lat' dir='ltr'><strong>ex</strong></span> <span class='ocrx_word' id='word_1_375' title='bbox 1407 4394 1584 4448; x_wconf 90' lang='lat' dir='ltr'><strong>studio</strong></span> <span class='ocrx_word' id='word_1_376' title='bbox 1610 4394 1794 4449; x_wconf 81' lang='lat' dir='ltr'><strong>volun-</strong></span> 
     </span>
    </p>
   </div>
   <div class='ocr_carea' id='block_1_46' title="bbox 212 4485 1792 4558">
    <p class='ocr_par' dir='ltr' id='par_1_46' title="bbox 212 4485 1792 4558">
     <span class='ocr_line' id='line_1_46' title="bbox 212 4485 1792 4558; baseline -0.002 -13"><span class='ocrx_word' id='word_1_377' title='bbox 212 4493 330 4547; x_wconf 85' lang='lat' dir='ltr'><strong>tatis</strong></span> <span class='ocrx_word' id='word_1_378' title='bbox 368 4489 650 4546; x_wconf 86' lang='lat' dir='ltr'><strong>accedere.</strong></span> <span class='ocrx_word' id='word_1_379' title='bbox 702 4488 819 4544; x_wconf 87' lang='lat' dir='ltr'><strong>Non</strong></span> <span class='ocrx_word' id='word_1_380' title='bbox 865 4488 1007 4543; x_wconf 90' lang='lat' dir='ltr'><strong>enim</strong></span> <span class='ocrx_word' id='word_1_381' title='bbox 1058 4486 1210 4554; x_wconf 86' lang='lat' dir='ltr'><strong>dixit,</strong></span> <span class='ocrx_word' id='word_1_382' title='bbox 1239 4485 1508 4558; x_wconf 84' lang='lat' dir='ltr'><strong>Respieite</strong></span> <span class='ocrx_word' id='word_1_383' title='bbox 1554 4487 1792 4542; x_wconf 65' lang='lat' dir='ltr'><strong>volatilia</strong></span> 
     </span>
    </p>
   </div>
   <div class='ocr_carea' id='block_1_47' title="bbox 212 4579 1792 4655">
    <p class='ocr_par' dir='ltr' id='par_1_47' title="bbox 212 4579 1792 4655">
     <span class='ocr_line' id='line_1_47' title="bbox 212 4579 1792 4655; baseline -0.003 -16"><span class='ocrx_word' id='word_1_384' title='bbox 212 4584 480 4655; x_wconf 87' lang='lat' dir='ltr'><strong>quomodo</strong></span> <span class='ocrx_word' id='word_1_385' title='bbox 505 4583 705 4647; x_wconf 83' lang='lat' dir='ltr'><strong>volent,</strong></span> <span class='ocrx_word' id='word_1_386' title='bbox 751 4581 893 4652; x_wconf 88' lang='lat' dir='ltr'><strong>quod</strong></span> <span class='ocrx_word' id='word_1_387' title='bbox 927 4596 1032 4634; x_wconf 91' lang='lat' dir='ltr'><strong>non</strong></span> <span class='ocrx_word' id='word_1_388' title='bbox 1066 4584 1244 4650; x_wconf 88' lang='lat' dir='ltr'><strong>potest</strong></span> <span class='ocrx_word' id='word_1_389' title='bbox 1281 4579 1464 4648; x_wconf 88' lang='lat' dir='ltr'><strong>homo,</strong></span> <span class='ocrx_word' id='word_1_390' title='bbox 1510 4579 1604 4636; x_wconf 90' lang='lat' dir='ltr'><strong>sed</strong></span> <span class='ocrx_word' id='word_1_391' title='bbox 1650 4579 1792 4650; x_wconf 88' lang='lat' dir='ltr'><strong>quod</strong></span> 
     </span>
    </p>
   </div>
   <div class='ocr_carea' id='block_1_48' title="bbox 212 4670 1792 4741">
    <p class='ocr_par' dir='ltr' id='par_1_48' title="bbox 212 4670 1792 4741">
     <span class='ocr_line' id='line_1_48' title="bbox 212 4670 1792 4741; baseline -0.003 -10"><span class='ocrx_word' id='word_1_392' title='bbox 212 4678 325 4732; x_wconf 88' lang='lat' dir='ltr'><strong>sine</strong></span> <span class='ocrx_word' id='word_1_393' title='bbox 353 4675 716 4732; x_wconf 88' lang='lat' dir='ltr'><strong>sollicitudine</strong></span> <span class='ocrx_word' id='word_1_394' title='bbox 739 4674 948 4727; x_wconf 87' lang='lat' dir='ltr'><strong>alantur</strong></span> <span class='ocrx_word' id='word_1_395' title='bbox 972 4691 985 4725; x_wconf 89' lang='lat'><strong>:</strong></span> <span class='ocrx_word' id='word_1_396' title='bbox 1013 4671 1152 4741; x_wconf 90' lang='lat' dir='ltr'><strong>quod</strong></span> <span class='ocrx_word' id='word_1_397' title='bbox 1194 4670 1347 4727; x_wconf 88' lang='lat' dir='ltr'><strong>nobis</strong></span> <span class='ocrx_word' id='word_1_398' title='bbox 1386 4672 1546 4727; x_wconf 90' lang='lat' dir='ltr'><strong>etiam</strong></span> <span class='ocrx_word' id='word_1_399' title='bbox 1574 4671 1719 4736; x_wconf 91' lang='lat' dir='ltr'><strong>licet,</strong></span> <span class='ocrx_word' id='word_1_400' title='bbox 1748 4672 1792 4726; x_wconf 91' lang='lat' dir='ltr'><strong>si</strong></span> 
     </span>
    </p>
   </div>
   <div class='ocr_carea' id='block_1_49' title="bbox 213 4762 1793 4836">
    <p class='ocr_par' dir='ltr' id='par_1_49' title="bbox 213 4762 1793 4836">
     <span class='ocr_line' id='line_1_49' title="bbox 213 4762 1793 4836; baseline -0.005 -13"><span class='ocrx_word' id='word_1_401' title='bbox 213 4771 475 4824; x_wconf 86' lang='lat' dir='ltr'><strong>volumus.</strong></span> <span class='ocrx_word' id='word_1_402' title='bbox 505 4767 672 4836; x_wconf 89' lang='lat' dir='ltr'><strong>ldque</strong></span> <span class='ocrx_word' id='word_1_403' title='bbox 716 4764 1130 4834; x_wconf 63' lang='lat' dir='ltr'><strong>comprobarunt</strong></span> <span class='ocrx_word' id='word_1_404' title='bbox 1167 4763 1200 4817; x_wconf 89' lang='lat' dir='ltr'><strong>ii</strong></span> <span class='ocrx_word' id='word_1_405' title='bbox 1244 4763 1331 4833; x_wconf 91' lang='lat' dir='ltr'><strong>qui</strong></span> <span class='ocrx_word' id='word_1_406' title='bbox 1362 4762 1412 4816; x_wconf 90' lang='lat' dir='ltr'><strong>id</strong></span> <span class='ocrx_word' id='word_1_407' title='bbox 1438 4778 1602 4833; x_wconf 90' lang='lat' dir='ltr'><strong>opere</strong></span> <span class='ocrx_word' id='word_1_408' title='bbox 1640 4763 1793 4818; x_wconf 83' lang='lat' dir='ltr'><strong>exhi-</strong></span> 
     </span>
    </p>
   </div>
   <div class='ocr_carea' id='block_1_50' title="bbox 216 4854 1793 4927">
    <p class='ocr_par' dir='ltr' id='par_1_50' title="bbox 216 4854 1793 4927">
     <span class='ocr_line' id='line_1_50' title="bbox 216 4854 1793 4927; baseline -0.006 -8"><span class='ocrx_word' id='word_1_409' title='bbox 216 4865 459 4919; x_wconf 85' lang='lat' dir='ltr'><strong>buerunt.</strong></span> <span class='ocrx_word' id='word_1_410' title='bbox 492 4861 829 4927; x_wconf 85' lang='lat' dir='ltr'><strong>Quapropter</strong></span> <span class='ocrx_word' id='word_1_411' title='bbox 858 4871 1068 4910; x_wconf 84' lang='lat' dir='ltr'><strong>summe</strong></span> <span class='ocrx_word' id='word_1_412' title='bbox 1094 4854 1405 4909; x_wconf 83' lang='lat' dir='ltr'><strong>admiranda</strong></span> <span class='ocrx_word' id='word_1_413' title='bbox 1448 4863 1531 4910; x_wconf 90' lang='lat' dir='ltr'><strong>est</strong></span> <span class='ocrx_word' id='word_1_414' title='bbox 1559 4854 1793 4925; x_wconf 83' lang='lat' dir='ltr'><strong>Legisla-</strong></span> 
     </span>
    </p>
   </div>
   <div class='ocr_carea' id='block_1_51' title="bbox 217 4945 1796 5022">
    <p class='ocr_par' dir='ltr' id='par_1_51' title="bbox 217 4945 1796 5022">
     <span class='ocr_line' id='line_1_51' title="bbox 217 4945 1796 5022; baseline -0.004 -13"><span class='ocrx_word' id='word_1_415' title='bbox 217 4954 339 5009; x_wconf 90' lang='lat' dir='ltr'><strong>toris</strong></span> <span class='ocrx_word' id='word_1_416' title='bbox 367 4950 673 5022; x_wconf 90' lang='lat' dir='ltr'><strong>prudentia,</strong></span> <span class='ocrx_word' id='word_1_417' title='bbox 705 4949 793 5018; x_wconf 92' lang='lat' dir='ltr'><strong>qui</strong></span> <span class='ocrx_word' id='word_1_418' title='bbox 820 4964 939 5001; x_wconf 90' lang='lat' dir='ltr'><strong>eum</strong></span> <span class='ocrx_word' id='word_1_419' title='bbox 970 4962 1034 5002; x_wconf 89' lang='lat' dir='ltr'><strong>ex</strong></span> <span class='ocrx_word' id='word_1_420' title='bbox 1069 4946 1375 5000; x_wconf 90' lang='lat' dir='ltr'><strong>hominibus</strong></span> <span class='ocrx_word' id='word_1_421' title='bbox 1403 4945 1641 5015; x_wconf 88' lang='lat' dir='ltr'><strong>proferre</strong></span> <span class='ocrx_word' id='word_1_422' title='bbox 1672 4961 1796 5015; x_wconf 83' lang='lat' dir='ltr'><strong>pos—</strong></span> 
     </span>
    </p>
   </div>
   <div class='ocr_carea' id='block_1_52' title="bbox 214 5036 1796 5112">
    <p class='ocr_par' dir='ltr' id='par_1_52' title="bbox 214 5036 1796 5112">
     <span class='ocr_line' id='line_1_52' title="bbox 214 5036 1796 5112; baseline -0.005 -15"><span class='ocrx_word' id='word_1_423' title='bbox 214 5054 290 5099; x_wconf 86' lang='lat' dir='ltr'><strong>set</strong></span> <span class='ocrx_word' id='word_1_424' title='bbox 307 5042 639 5112; x_wconf 86' lang='lat' dir='ltr'><strong>exemplum,</strong></span> <span class='ocrx_word' id='word_1_425' title='bbox 669 5039 793 5093; x_wconf 91' lang='lat' dir='ltr'><strong>etin</strong></span> <span class='ocrx_word' id='word_1_426' title='bbox 821 5038 1054 5092; x_wconf 90' lang='lat' dir='ltr'><strong>medium</strong></span> <span class='ocrx_word' id='word_1_427' title='bbox 1082 5036 1348 5091; x_wconf 86' lang='lat' dir='ltr'><strong>adducere</strong></span> <span class='ocrx_word' id='word_1_428' title='bbox 1379 5036 1606 5102; x_wconf 86' lang='lat' dir='ltr'><strong>Heliam,</strong></span> <span class='ocrx_word' id='word_1_429' title='bbox 1649 5036 1796 5108; x_wconf 79' lang='lat' dir='ltr'><strong>Moy-</strong></span> 
     </span>
    </p>
   </div>
   <div class='ocr_carea' id='block_1_53' title="bbox 214 5128 1795 5203">
    <p class='ocr_par' dir='ltr' id='par_1_53' title="bbox 214 5128 1795 5203">
     <span class='ocr_line' id='line_1_53' title="bbox 214 5128 1795 5203; baseline -0.005 -11"><span class='ocrx_word' id='word_1_430' title='bbox 214 5154 343 5203; x_wconf 80' lang='lat' dir='ltr'><strong>sein,</strong></span> <span class='ocrx_word' id='word_1_431' title='bbox 405 5135 694 5198; x_wconf 82' lang='lat' dir='ltr'><strong>Joannem,</strong></span> <span class='ocrx_word' id='word_1_432' title='bbox 738 5132 979 5200; x_wconf 80' lang='lat' dir='ltr'><strong>aliosque</strong></span> <span class='ocrx_word' id='word_1_433' title='bbox 1019 5130 1223 5184; x_wconf 86' lang='lat' dir='ltr'><strong>similes</strong></span> <span class='ocrx_word' id='word_1_434' title='bbox 1266 5128 1354 5197; x_wconf 89' lang='lat' dir='ltr'><strong>qui</strong></span> <span class='ocrx_word' id='word_1_435' title='bbox 1393 5128 1461 5184; x_wconf 91' lang='lat' dir='ltr'><strong>de</strong></span> <span class='ocrx_word' id='word_1_436' title='bbox 1514 5129 1633 5185; x_wconf 89' lang='lat' dir='ltr'><strong>cibo</strong></span> <span class='ocrx_word' id='word_1_437' title='bbox 1685 5144 1795 5184; x_wconf 90' lang='lat' dir='ltr'><strong>non</strong></span> 
     </span>
    </p>
   </div>
   <div class='ocr_carea' id='block_1_54' title="bbox 215 5222 1793 5293">
    <p class='ocr_par' dir='ltr' id='par_1_54' title="bbox 215 5222 1793 5293">
     <span class='ocr_line' id='line_1_54' title="bbox 215 5222 1793 5293; baseline -0.004 -8"><span class='ocrx_word' id='word_1_438' title='bbox 215 5230 421 5285; x_wconf 82' lang='lat' dir='ltr'><strong>solliciti</strong></span> <span class='ocrx_word' id='word_1_439' title='bbox 452 5228 704 5290; x_wconf 80' lang='lat' dir='ltr'><strong>fuerant;</strong></span> <span class='ocrx_word' id='word_1_440' title='bbox 746 5234 804 5279; x_wconf 89' lang='lat' dir='ltr'><strong>ut</strong></span> <span class='ocrx_word' id='word_1_441' title='bbox 833 5225 954 5278; x_wconf 91' lang='lat' dir='ltr'><strong>illos</strong></span> <span class='ocrx_word' id='word_1_442' title='bbox 998 5224 1167 5293; x_wconf 85' lang='lat' dir='ltr'><strong>magis</strong></span> <span class='ocrx_word' id='word_1_443' title='bbox 1210 5222 1614 5292; x_wconf 83' lang='lat' dir='ltr'><strong>perstringeret,</strong></span> <span class='ocrx_word' id='word_1_444' title='bbox 1657 5223 1793 5279; x_wconf 76' lang='lat' dir='ltr'><strong>irra-</strong></span> 
     </span>
    </p>
   </div>
   <div class='ocr_carea' id='block_1_55' title="bbox 217 5316 1797 5387">
    <p class='ocr_par' dir='ltr' id='par_1_55' title="bbox 217 5316 1797 5387">
     <span class='ocr_line' id='line_1_55' title="bbox 217 5316 1797 5387; baseline -0.003 -9"><span class='ocrx_word' id='word_1_445' title='bbox 217 5323 482 5379; x_wconf 86' lang='lat' dir='ltr'><strong>tionabilia</strong></span> <span class='ocrx_word' id='word_1_446' title='bbox 521 5319 771 5375; x_wconf 86' lang='lat' dir='ltr'><strong>animalia</strong></span> <span class='ocrx_word' id='word_1_447' title='bbox 815 5318 1148 5373; x_wconf 78' lang='lat' dir='ltr'><strong>memoravit.</strong></span> <span class='ocrx_word' id='word_1_448' title='bbox 1190 5316 1245 5372; x_wconf 91' lang='lat' dir='ltr'><strong>Si</strong></span> <span class='ocrx_word' id='word_1_449' title='bbox 1290 5316 1431 5371; x_wconf 91' lang='lat' dir='ltr'><strong>enim</strong></span> <span class='ocrx_word' id='word_1_450' title='bbox 1464 5316 1637 5387; x_wconf 89' lang='lat' dir='ltr'><strong>justos</strong></span> <span class='ocrx_word' id='word_1_451' title='bbox 1676 5317 1797 5373; x_wconf 91' lang='lat' dir='ltr'><strong>illos</strong></span> 
     </span>
    </p>
   </div>
   <div class='ocr_carea' id='block_1_56' title="bbox 216 5408 1796 5487">
    <p class='ocr_par' dir='ltr' id='par_1_56' title="bbox 216 5408 1796 5487">
     <span class='ocr_line' id='line_1_56' title="bbox 216 5408 1796 5487; baseline -0.004 -18"><span class='ocrx_word' id='word_1_452' title='bbox 216 5419 510 5487; x_wconf 78' lang='lat' dir='ltr'><strong>allegasset,</strong></span> <span class='ocrx_word' id='word_1_453' title='bbox 539 5414 718 5467; x_wconf 88' lang='lat' dir='ltr'><strong>dicere</strong></span> <span class='ocrx_word' id='word_1_454' title='bbox 744 5410 1057 5481; x_wconf 88' lang='lat' dir='ltr'><strong>potuissent.</strong></span> <span class='ocrx_word' id='word_1_455' title='bbox 1080 5408 1324 5464; x_wconf 88' lang='lat' dir='ltr'><strong>Nondum</strong></span> <span class='ocrx_word' id='word_1_456' title='bbox 1352 5408 1416 5463; x_wconf 91' lang='lat' dir='ltr'><strong>ad</strong></span> <span class='ocrx_word' id='word_1_457' title='bbox 1445 5408 1656 5464; x_wconf 91' lang='lat' dir='ltr'><strong>illorum</strong></span> <span class='ocrx_word' id='word_1_458' title='bbox 1682 5410 1796 5464; x_wconf 91' lang='lat' dir='ltr'><strong>vir-</strong></span> 
     </span>
    </p>
   </div>
   <div class='ocr_carea' id='block_1_57' title="bbox 219 5500 1797 5577">
    <p class='ocr_par' dir='ltr' id='par_1_57' title="bbox 219 5500 1797 5577">
     <span class='ocr_line' id='line_1_57' title="bbox 219 5500 1797 5577; baseline -0.003 -15"><span class='ocrx_word' id='word_1_459' title='bbox 219 5518 377 5565; x_wconf 87' lang='lat' dir='ltr'><strong>tutem</strong></span> <span class='ocrx_word' id='word_1_460' title='bbox 406 5504 740 5577; x_wconf 76' lang='lat' dir='ltr'><strong>pertigi‘mus.</strong></span> <span class='ocrx_word' id='word_1_461' title='bbox 790 5502 944 5558; x_wconf 87' lang='lat' dir='ltr'><strong>Nune</strong></span> <span class='ocrx_word' id='word_1_462' title='bbox 988 5508 1165 5556; x_wconf 88' lang='lat' dir='ltr'><strong>autem</strong></span> <span class='ocrx_word' id='word_1_463' title='bbox 1215 5517 1335 5556; x_wconf 90' lang='lat' dir='ltr'><strong>cum</strong></span> <span class='ocrx_word' id='word_1_464' title='bbox 1380 5500 1502 5557; x_wconf 89' lang='lat' dir='ltr'><strong>illos</strong></span> <span class='ocrx_word' id='word_1_465' title='bbox 1530 5502 1711 5570; x_wconf 87' lang='lat' dir='ltr'><strong>tacuit,</strong></span> <span class='ocrx_word' id='word_1_466' title='bbox 1744 5511 1797 5558; x_wconf 92' lang='lat' dir='ltr'><strong>et</strong></span> 
     </span>
    </p>
   </div>
   <div class='ocr_carea' id='block_1_58' title="bbox 216 5593 1794 5661">
    <p class='ocr_par' dir='ltr' id='par_1_58' title="bbox 216 5593 1794 5661">
     <span class='ocr_line' id='line_1_58' title="bbox 216 5593 1794 5661; baseline -0.001 -8"><span class='ocrx_word' id='word_1_467' title='bbox 216 5601 441 5655; x_wconf 75' lang='lat' dir='ltr'><strong>volatilia</strong></span> <span class='ocrx_word' id='word_1_468' title='bbox 470 5598 587 5653; x_wconf 73' lang='lat' dir='ltr'><strong>cadi</strong></span> <span class='ocrx_word' id='word_1_469' title='bbox 614 5594 838 5661; x_wconf 83' lang='lat' dir='ltr'><strong>induxit,</strong></span> <span class='ocrx_word' id='word_1_470' title='bbox 870 5609 1083 5649; x_wconf 84' lang='lat' dir='ltr'><strong>onmem</strong></span> <span class='ocrx_word' id='word_1_471' title='bbox 1114 5593 1218 5647; x_wconf 93' lang='lat' dir='ltr'><strong>illis</strong></span> <span class='ocrx_word' id='word_1_472' title='bbox 1257 5594 1590 5648; x_wconf 87' lang='lat' dir='ltr'><strong>occasionem</strong></span> <span class='ocrx_word' id='word_1_473' title='bbox 1622 5595 1794 5651; x_wconf 90' lang='lat' dir='ltr'><strong>sucei-</strong></span> 
     </span>
    </p>
   </div>
   <div class='ocr_carea' id='block_1_59' title="bbox 214 5684 1797 5757">
    <p class='ocr_par' dir='ltr' id='par_1_59' title="bbox 214 5684 1797 5757">
     <span class='ocr_line' id='line_1_59' title="bbox 214 5684 1797 5757; baseline -0.003 -10"><span class='ocrx_word' id='word_1_474' title='bbox 214 5696 303 5757; x_wconf 88' lang='lat' dir='ltr'><strong>dit,</strong></span> <span class='ocrx_word' id='word_1_475' title='bbox 345 5692 530 5747; x_wconf 87' lang='lat' dir='ltr'><strong>hacin</strong></span> <span class='ocrx_word' id='word_1_476' title='bbox 574 5705 635 5746; x_wconf 89' lang='lat' dir='ltr'><strong>re</strong></span> <span class='ocrx_word' id='word_1_477' title='bbox 664 5698 894 5745; x_wconf 91' lang='lat' dir='ltr'><strong>veterem</strong></span> <span class='ocrx_word' id='word_1_478' title='bbox 942 5687 1111 5756; x_wconf 80' lang='lat' dir='ltr'><strong>legem</strong></span> <span class='ocrx_word' id='word_1_479' title='bbox 1155 5685 1409 5740; x_wconf 89' lang='lat' dir='ltr'><strong>imitatus.</strong></span> <span class='ocrx_word' id='word_1_480' title='bbox 1455 5684 1585 5740; x_wconf 89' lang='lat' dir='ltr'><strong>Nam</strong></span> <span class='ocrx_word' id='word_1_481' title='bbox 1634 5686 1797 5743; x_wconf 85' lang='lat' dir='ltr'><strong>Vetus</strong></span> 
     </span>
    </p>
   </div>
   <div class='ocr_carea' id='block_1_60' title="bbox 214 5776 1790 5849">
    <p class='ocr_par' dir='ltr' id='par_1_60' title="bbox 214 5776 1790 5849">
     <span class='ocr_line' id='line_1_60' title="bbox 214 5776 1790 5849; baseline -0.003 -7"><span class='ocrx_word' id='word_1_482' title='bbox 214 5785 618 5842; x_wconf 80' lang='lat' dir='ltr'><strong>Testamentum</strong></span> <span class='ocrx_word' id='word_1_483' title='bbox 642 5776 709 5834; x_wconf 88' lang='lat' dir='ltr'><strong>ad</strong></span> <span class='ocrx_word' id='word_1_484' title='bbox 739 5793 889 5848; x_wconf 83' lang='lat' dir='ltr'><strong>apem</strong></span> <span class='ocrx_word' id='word_1_485' title='bbox 932 5779 1111 5849; x_wconf 84' lang='lat' dir='ltr'><strong>mittit,</strong></span> <span class='ocrx_word' id='word_1_486' title='bbox 1146 5777 1211 5834; x_wconf 88' lang='lat' dir='ltr'><strong>ad</strong></span> <span class='ocrx_word' id='word_1_487' title='bbox 1228 5776 1525 5846; x_wconf 75' lang='lat' dir='ltr'><strong>formicam,</strong></span> <span class='ocrx_word' id='word_1_488' title='bbox 1573 5778 1637 5836; x_wconf 85' lang='lat' dir='ltr'><strong>ad</strong></span> <span class='ocrx_word' id='word_1_489' title='bbox 1678 5788 1790 5837; x_wconf 79' lang='lat' dir='ltr'><strong>tur—</strong></span> 
     </span>
    </p>
   </div>
   <div class='ocr_carea' id='block_1_61' title="bbox 1204 313 2475 376">
    <p class='ocr_par' dir='ltr' id='par_1_61' title="bbox 1204 313 2475 376">
     <span class='ocr_line' id='line_1_61' title="bbox 1204 313 2475 376; baseline -0.002 -2"><span class='ocrx_word' id='word_1_490' title='bbox 1204 320 1266 376; x_wconf 85' lang='lat' dir='ltr'><strong>lN</strong></span> <span class='ocrx_word' id='word_1_491' title='bbox 1306 315 1706 375; x_wconf 63' lang='lat' dir='ltr'><strong>MATTIH‘JUM</strong></span> <span class='ocrx_word' id='word_1_492' title='bbox 1748 314 1970 372; x_wconf 73' lang='lat' dir='ltr'><strong>llOMlL.</strong></span> <span class='ocrx_word' id='word_1_493' title='bbox 2014 313 2157 373; x_wconf 84' lang='lat' dir='ltr'><strong>XXI.</strong></span> <span class='ocrx_word' id='word_1_494' title='bbox 2198 316 2266 371; x_wconf 92' lang='lat' dir='ltr'><strong>al.</strong></span> <span class='ocrx_word' id='word_1_495' title='bbox 2308 315 2475 373; x_wconf 80' lang='lat' dir='ltr'><strong>XXII.</strong></span> 
     </span>
    </p>
   </div>
   <div class='ocr_carea' id='block_1_62' title="bbox 1905 428 3489 501">
    <p class='ocr_par' dir='ltr' id='par_1_62' title="bbox 1905 428 3489 501">
     <span class='ocr_line' id='line_1_62' title="bbox 1905 428 3489 501; baseline 0.004 -18"><span class='ocrx_word' id='word_1_496' title='bbox 1905 436 2100 495; x_wconf 87' lang='lat' dir='ltr'><strong>turem,</strong></span> <span class='ocrx_word' id='word_1_497' title='bbox 2133 428 2197 484; x_wconf 88' lang='lat' dir='ltr'><strong>ad</strong></span> <span class='ocrx_word' id='word_1_498' title='bbox 2229 428 2589 485; x_wconf 79' lang='lat' dir='ltr'><strong>hirundinem.</strong></span> <span class='ocrx_word' id='word_1_499' title='bbox 2630 429 2737 486; x_wconf 86' lang='lat' dir='ltr'><strong>Nec</strong></span> <span class='ocrx_word' id='word_1_500' title='bbox 2769 444 2991 501; x_wconf 87' lang='lat' dir='ltr'><strong>parvum</strong></span> <span class='ocrx_word' id='word_1_501' title='bbox 3037 431 3138 488; x_wconf 91' lang='lat' dir='ltr'><strong>hoc</strong></span> <span class='ocrx_word' id='word_1_502' title='bbox 3170 442 3251 488; x_wconf 77' lang='grc' dir='ltr'><strong>ρει</strong></span> <span class='ocrx_word' id='word_1_503' title='bbox 3290 435 3489 491; x_wconf 87' lang='lat' dir='ltr'><strong>homini</strong></span> 
     </span>
    </p>
   </div>
   <div class='ocr_carea' id='block_1_63' title="bbox 1905 521 3487 595">
    <p class='ocr_par' dir='ltr' id='par_1_63' title="bbox 1905 521 3487 595">
     <span class='ocr_line' id='line_1_63' title="bbox 1905 521 3487 595; baseline 0.004 -19"><span class='ocrx_word' id='word_1_504' title='bbox 1905 521 2125 577; x_wconf 87' lang='lat' dir='ltr'><strong>honoris</strong></span> <span class='ocrx_word' id='word_1_505' title='bbox 2151 530 2543 592; x_wconf 77' lang='lat' dir='ltr'><strong>argumentum,</strong></span> <span class='ocrx_word' id='word_1_506' title='bbox 2568 523 2783 594; x_wconf 89' lang='lat' dir='ltr'><strong>quando</strong></span> <span class='ocrx_word' id='word_1_507' title='bbox 2808 539 2928 595; x_wconf 72' lang='lat' dir='ltr'><strong>qua:</strong></span> <span class='ocrx_word' id='word_1_508' title='bbox 2952 523 3041 579; x_wconf 88' lang='lat' dir='ltr'><strong>illa</strong></span> <span class='ocrx_word' id='word_1_509' title='bbox 3076 540 3140 580; x_wconf 88' lang='lat' dir='ltr'><strong>ex</strong></span> <span class='ocrx_word' id='word_1_510' title='bbox 3180 534 3365 581; x_wconf 91' lang='lat' dir='ltr'><strong>natura</strong></span> <span class='ocrx_word' id='word_1_511' title='bbox 3394 530 3487 583; x_wconf 86' lang='lat' dir='ltr'><strong>ha-</strong></span> 
     </span>
    </p>
   </div>
   <div class='ocr_carea' id='block_1_64' title="bbox 1905 613 3488 685">
    <p class='ocr_par' dir='ltr' id='par_1_64' title="bbox 1905 613 3488 685">
     <span class='ocr_line' id='line_1_64' title="bbox 1905 613 3488 685; baseline 0.005 -18"><span class='ocrx_word' id='word_1_512' title='bbox 1905 613 2052 681; x_wconf 91' lang='lat' dir='ltr'><strong>bent,</strong></span> <span class='ocrx_word' id='word_1_513' title='bbox 2099 630 2196 670; x_wconf 91' lang='lat' dir='ltr'><strong>nos</strong></span> <span class='ocrx_word' id='word_1_514' title='bbox 2240 629 2526 685; x_wconf 88' lang='lat' dir='ltr'><strong>possumus</strong></span> <span class='ocrx_word' id='word_1_515' title='bbox 2563 631 2628 670; x_wconf 86' lang='lat' dir='ltr'><strong>ex</strong></span> <span class='ocrx_word' id='word_1_516' title='bbox 2659 615 2950 671; x_wconf 89' lang='lat' dir='ltr'><strong>voluntatls</strong></span> <span class='ocrx_word' id='word_1_517' title='bbox 2978 615 3203 672; x_wconf 87' lang='lat' dir='ltr'><strong>arbitrio</strong></span> <span class='ocrx_word' id='word_1_518' title='bbox 3231 619 3488 675; x_wconf 86' lang='lat' dir='ltr'><strong>nancisci.</strong></span> 
     </span>
    </p>
   </div>
   <div class='ocr_carea' id='block_1_65' title="bbox 1904 705 3491 778">
    <p class='ocr_par' dir='ltr' id='par_1_65' title="bbox 1904 705 3491 778">
     <span class='ocr_line' id='line_1_65' title="bbox 1904 705 3491 778; baseline 0.002 -15"><span class='ocrx_word' id='word_1_519' title='bbox 1904 705 1962 763; x_wconf 91' lang='lat' dir='ltr'><strong>Si</strong></span> <span class='ocrx_word' id='word_1_520' title='bbox 1987 708 2145 778; x_wconf 83' lang='lat' dir='ltr'><strong>igitur</strong></span> <span class='ocrx_word' id='word_1_521' title='bbox 2165 707 2376 762; x_wconf 90' lang='lat' dir='ltr'><strong>illorum</strong></span> <span class='ocrx_word' id='word_1_522' title='bbox 2402 723 2521 778; x_wconf 70' lang='lat' dir='ltr'><strong>qua:</strong></span> <span class='ocrx_word' id='word_1_523' title='bbox 2550 716 2769 778; x_wconf 90' lang='lat' dir='ltr'><strong>propter</strong></span> <span class='ocrx_word' id='word_1_524' title='bbox 2789 723 2887 763; x_wconf 87' lang='lat' dir='ltr'><strong>nos</strong></span> <span class='ocrx_word' id='word_1_525' title='bbox 2913 717 3090 763; x_wconf 90' lang='lat' dir='ltr'><strong>creata</strong></span> <span class='ocrx_word' id='word_1_526' title='bbox 3121 719 3262 776; x_wconf 87' lang='lat' dir='ltr'><strong>sunt,</strong></span> <span class='ocrx_word' id='word_1_527' title='bbox 3292 720 3491 766; x_wconf 86' lang='lat' dir='ltr'><strong>tantam</strong></span> 
     </span>
    </p>
   </div>
   <div class='ocr_carea' id='block_1_66' title="bbox 1904 799 3493 871">
    <p class='ocr_par' dir='ltr' id='par_1_66' title="bbox 1904 799 3493 871">
     <span class='ocr_line' id='line_1_66' title="bbox 1904 799 3493 871; baseline 0.003 -18"><span class='ocrx_word' id='word_1_528' title='bbox 1904 799 2041 868; x_wconf 83' lang='lat' dir='ltr'><strong>gerit</strong></span> <span class='ocrx_word' id='word_1_529' title='bbox 2070 799 2485 869; x_wconf 85' lang='lat' dir='ltr'><strong>providentiam,</strong></span> <span class='ocrx_word' id='word_1_530' title='bbox 2510 810 2710 871; x_wconf 91' lang='lat' dir='ltr'><strong>quanto</strong></span> <span class='ocrx_word' id='word_1_531' title='bbox 2741 801 2909 871; x_wconf 83' lang='lat' dir='ltr'><strong>magis</strong></span> <span class='ocrx_word' id='word_1_532' title='bbox 2938 803 3213 857; x_wconf 88' lang='lat' dir='ltr'><strong>nostrum?</strong></span> <span class='ocrx_word' id='word_1_533' title='bbox 3232 804 3279 858; x_wconf 91' lang='lat' dir='ltr'><strong>si</strong></span> <span class='ocrx_word' id='word_1_534' title='bbox 3307 819 3493 859; x_wconf 77' lang='lat' dir='ltr'><strong>servo-</strong></span> 
     </span>
    </p>
   </div>
   <div class='ocr_carea' id='block_1_67' title="bbox 1902 893 3497 968">
    <p class='ocr_par' dir='ltr' id='par_1_67' title="bbox 1902 893 3497 968">
     <span class='ocr_line' id='line_1_67' title="bbox 1902 893 3497 968; baseline 0.004 -24"><span class='ocrx_word' id='word_1_535' title='bbox 1902 905 2044 956; x_wconf 92' lang='lat' dir='ltr'><strong>rum,</strong></span> <span class='ocrx_word' id='word_1_536' title='bbox 2072 902 2273 962; x_wconf 90' lang='lat' dir='ltr'><strong>quanto</strong></span> <span class='ocrx_word' id='word_1_537' title='bbox 2298 894 2467 964; x_wconf 82' lang='lat' dir='ltr'><strong>magis</strong></span> <span class='ocrx_word' id='word_1_538' title='bbox 2497 893 2791 963; x_wconf 74' lang='lat' dir='ltr'><strong>herorum‘.’</strong></span> <span class='ocrx_word' id='word_1_539' title='bbox 2814 893 2937 950; x_wconf 90' lang='lat' dir='ltr'><strong>Ideo</strong></span> <span class='ocrx_word' id='word_1_540' title='bbox 2958 894 3170 951; x_wconf 90' lang='lat' dir='ltr'><strong>dicebat</strong></span> <span class='ocrx_word' id='word_1_541' title='bbox 3195 914 3207 950; x_wconf 90' lang='lat'><strong>:</strong></span> <span class='ocrx_word' id='word_1_542' title='bbox 3240 896 3497 968; x_wconf 81' lang='lat' dir='ltr'><strong>Respicite</strong></span> 
     </span>
    </p>
   </div>
   <div class='ocr_carea' id='block_1_68' title="bbox 1904 982 3495 1057">
    <p class='ocr_par' dir='ltr' id='par_1_68' title="bbox 1904 982 3495 1057">
     <span class='ocr_line' id='line_1_68' title="bbox 1904 982 3495 1057; baseline 0.004 -22"><span class='ocrx_word' id='word_1_543' title='bbox 1904 982 2131 1036; x_wconf 83' lang='lat' dir='ltr'><strong>volatilia</strong></span> <span class='ocrx_word' id='word_1_544' title='bbox 2157 998 2177 1037; x_wconf 91' lang='lat'><strong>:</strong></span> <span class='ocrx_word' id='word_1_545' title='bbox 2202 998 2302 1039; x_wconf 90' lang='lat' dir='ltr'><strong>nec</strong></span> <span class='ocrx_word' id='word_1_546' title='bbox 2329 983 2553 1053; x_wconf 88' lang='lat' dir='ltr'><strong>addidit,</strong></span> <span class='ocrx_word' id='word_1_547' title='bbox 2585 984 2727 1055; x_wconf 91' lang='lat' dir='ltr'><strong>quod</strong></span> <span class='ocrx_word' id='word_1_548' title='bbox 2758 999 2864 1040; x_wconf 86' lang='lat' dir='ltr'><strong>non</strong></span> <span class='ocrx_word' id='word_1_549' title='bbox 2890 995 3257 1057; x_wconf 89' lang='lat' dir='ltr'><strong>cauponentur</strong></span> <span class='ocrx_word' id='word_1_550' title='bbox 3283 989 3363 1044; x_wconf 84' lang='lat' dir='ltr'><strong>vel</strong></span> <span class='ocrx_word' id='word_1_551' title='bbox 3394 1005 3495 1043; x_wconf 87' lang='lat' dir='ltr'><strong>ne-</strong></span> 
     </span>
    </p>
   </div>
   <div class='ocr_carea' id='block_1_69' title="bbox 1902 1072 3492 1148">
    <p class='ocr_par' dir='ltr' id='par_1_69' title="bbox 1902 1072 3492 1148">
     <span class='ocr_line' id='line_1_69' title="bbox 1902 1072 3492 1148; baseline 0.006 -21"><span class='ocrx_word' id='word_1_552' title='bbox 1902 1072 2213 1142; x_wconf 80' lang='lat' dir='ltr'><strong>gotientur:</strong></span> <span class='ocrx_word' id='word_1_553' title='bbox 2250 1074 2363 1130; x_wconf 70' lang='lat' dir='ltr'><strong>haec</strong></span> <span class='ocrx_word' id='word_1_554' title='bbox 2402 1076 2598 1146; x_wconf 89' lang='lat' dir='ltr'><strong>quippe</strong></span> <span class='ocrx_word' id='word_1_555' title='bbox 2636 1076 2923 1132; x_wconf 88' lang='lat' dir='ltr'><strong>admodum</strong></span> <span class='ocrx_word' id='word_1_556' title='bbox 2972 1079 3252 1148; x_wconf 88' lang='lat' dir='ltr'><strong>reprobata</strong></span> <span class='ocrx_word' id='word_1_557' title='bbox 3297 1091 3492 1147; x_wconf 89' lang='lat' dir='ltr'><strong>erant;</strong></span> 
     </span>
    </p>
   </div>
   <div class='ocr_carea' id='block_1_70' title="bbox 1904 1167 3497 1244">
    <p class='ocr_par' dir='ltr' id='par_1_70' title="bbox 1904 1167 3497 1244">
     <span class='ocr_line' id='line_1_70' title="bbox 1904 1167 3497 1244; baseline 0.005 -23"><span class='ocrx_word' id='word_1_558' title='bbox 1904 1167 1997 1222; x_wconf 91' lang='lat' dir='ltr'><strong>sed</strong></span> <span class='ocrx_word' id='word_1_559' title='bbox 2032 1167 2173 1238; x_wconf 91' lang='lat' dir='ltr'><strong>quod</strong></span> <span class='ocrx_word' id='word_1_560' title='bbox 2201 1184 2305 1223; x_wconf 90' lang='lat' dir='ltr'><strong>non</strong></span> <span class='ocrx_word' id='word_1_561' title='bbox 2334 1179 2535 1233; x_wconf 83' lang='lat' dir='ltr'><strong>serant,</strong></span> <span class='ocrx_word' id='word_1_562' title='bbox 2569 1186 2741 1241; x_wconf 82' lang='lat' dir='ltr'><strong>neque</strong></span> <span class='ocrx_word' id='word_1_563' title='bbox 2770 1181 2988 1227; x_wconf 90' lang='lat' dir='ltr'><strong>metant.</strong></span> <span class='ocrx_word' id='word_1_564' title='bbox 3019 1172 3155 1240; x_wconf 88' lang='lat' dir='ltr'><strong>Quid</strong></span> <span class='ocrx_word' id='word_1_565' title='bbox 3187 1173 3385 1244; x_wconf 83' lang='lat' dir='ltr'><strong>igitur?</strong></span> <span class='ocrx_word' id='word_1_566' title='bbox 3414 1177 3497 1230; x_wconf 87' lang='lat' dir='ltr'><strong>in-</strong></span> 
     </span>
    </p>
   </div>
   <div class='ocr_carea' id='block_1_71' title="bbox 1903 1257 3495 1328">
    <p class='ocr_par' dir='ltr' id='par_1_71' title="bbox 1903 1257 3495 1328">
     <span class='ocr_line' id='line_1_71' title="bbox 1903 1257 3495 1328; baseline 0.008 -20"><span class='ocrx_word' id='word_1_567' title='bbox 1903 1257 2268 1327; x_wconf 85' lang='lat' dir='ltr'><strong>quies,annon</strong></span> <span class='ocrx_word' id='word_1_568' title='bbox 2290 1260 2574 1316; x_wconf 91' lang='lat' dir='ltr'><strong>serendum</strong></span> <span class='ocrx_word' id='word_1_569' title='bbox 2597 1261 2863 1316; x_wconf 84' lang='lat' dir='ltr'><strong>erit‘tNon</strong></span> <span class='ocrx_word' id='word_1_570' title='bbox 2885 1262 3039 1328; x_wconf 88' lang='lat' dir='ltr'><strong>dixit,</strong></span> <span class='ocrx_word' id='word_1_571' title='bbox 3055 1279 3158 1319; x_wconf 92' lang='lat' dir='ltr'><strong>non</strong></span> <span class='ocrx_word' id='word_1_572' title='bbox 3180 1280 3299 1321; x_wconf 90' lang='lat' dir='ltr'><strong>esse</strong></span> <span class='ocrx_word' id='word_1_573' title='bbox 3317 1281 3495 1321; x_wconf 83' lang='lat' dir='ltr'><strong>seren-</strong></span> 
     </span>
    </p>
   </div>
   <div class='ocr_carea' id='block_1_72' title="bbox 1904 1351 3491 1427">
    <p class='ocr_par' dir='ltr' id='par_1_72' title="bbox 1904 1351 3491 1427">
     <span class='ocr_line' id='line_1_72' title="bbox 1904 1351 3491 1427; baseline 0.006 -23"><span class='ocrx_word' id='word_1_574' title='bbox 1904 1351 2050 1415; x_wconf 90' lang='lat' dir='ltr'><strong>dum,</strong></span> <span class='ocrx_word' id='word_1_575' title='bbox 2066 1351 2159 1406; x_wconf 93' lang='lat' dir='ltr'><strong>sed</strong></span> <span class='ocrx_word' id='word_1_576' title='bbox 2179 1366 2284 1407; x_wconf 91' lang='lat' dir='ltr'><strong>non</strong></span> <span class='ocrx_word' id='word_1_577' title='bbox 2303 1353 2584 1408; x_wconf 88' lang='lat' dir='ltr'><strong>sollicitum</strong></span> <span class='ocrx_word' id='word_1_578' title='bbox 2599 1368 2717 1409; x_wconf 89' lang='lat' dir='ltr'><strong>esse</strong></span> <span class='ocrx_word' id='word_1_579' title='bbox 2734 1365 2982 1424; x_wconf 84' lang='lat' dir='ltr'><strong>Oportere</strong></span> <span class='ocrx_word' id='word_1_580' title='bbox 3001 1374 3012 1410; x_wconf 91' lang='lat'><strong>:</strong></span> <span class='ocrx_word' id='word_1_581' title='bbox 3030 1372 3201 1427; x_wconf 88' lang='lat' dir='ltr'><strong>neque</strong></span> <span class='ocrx_word' id='word_1_582' title='bbox 3213 1357 3364 1425; x_wconf 88' lang='lat' dir='ltr'><strong>dixit,</strong></span> <span class='ocrx_word' id='word_1_583' title='bbox 3386 1375 3491 1414; x_wconf 91' lang='lat' dir='ltr'><strong>non</strong></span> 
     </span>
    </p>
   </div>
   <div class='ocr_carea' id='block_1_73' title="bbox 1906 1443 3493 1519">
    <p class='ocr_par' dir='ltr' id='par_1_73' title="bbox 1906 1443 3493 1519">
     <span class='ocr_line' id='line_1_73' title="bbox 1906 1443 3493 1519; baseline 0.005 -22"><span class='ocrx_word' id='word_1_584' title='bbox 1906 1443 2253 1512; x_wconf 88' lang='lat' dir='ltr'><strong>operandnm,</strong></span> <span class='ocrx_word' id='word_1_585' title='bbox 2272 1444 2363 1500; x_wconf 91' lang='lat' dir='ltr'><strong>sed</strong></span> <span class='ocrx_word' id='word_1_586' title='bbox 2380 1461 2483 1499; x_wconf 91' lang='lat' dir='ltr'><strong>non</strong></span> <span class='ocrx_word' id='word_1_587' title='bbox 2507 1446 2900 1515; x_wconf 90' lang='lat' dir='ltr'><strong>pusillanimum</strong></span> <span class='ocrx_word' id='word_1_588' title='bbox 2915 1462 3055 1512; x_wconf 90' lang='lat' dir='ltr'><strong>esse,</strong></span> <span class='ocrx_word' id='word_1_589' title='bbox 3075 1463 3246 1519; x_wconf 87' lang='lat' dir='ltr'><strong>neque</strong></span> <span class='ocrx_word' id='word_1_590' title='bbox 3262 1464 3381 1505; x_wconf 87' lang='lat' dir='ltr'><strong>sese</strong></span> <span class='ocrx_word' id='word_1_591' title='bbox 3395 1452 3493 1505; x_wconf 48' lang='lat' dir='ltr'><strong>sol.</strong></span> 
     </span>
    </p>
   </div>
   <div class='ocr_carea' id='block_1_74' title="bbox 1905 1535 3490 1614">
    <p class='ocr_par' dir='ltr' id='par_1_74' title="bbox 1905 1535 3490 1614">
     <span class='ocr_line' id='line_1_74' title="bbox 1905 1535 3490 1614; baseline 0.006 -25"><span class='ocrx_word' id='word_1_592' title='bbox 1905 1535 2268 1591; x_wconf 86' lang='lat' dir='ltr'><strong>licitudinibus</strong></span> <span class='ocrx_word' id='word_1_593' title='bbox 2288 1553 2576 1593; x_wconf 88' lang='lat' dir='ltr'><strong>macerare.</strong></span> <span class='ocrx_word' id='word_1_594' title='bbox 2594 1537 2724 1593; x_wconf 85' lang='lat' dir='ltr'><strong>Nam</strong></span> <span class='ocrx_word' id='word_1_595' title='bbox 2739 1539 2987 1593; x_wconf 89' lang='lat' dir='ltr'><strong>alimenta</strong></span> <span class='ocrx_word' id='word_1_596' title='bbox 3006 1556 3218 1597; x_wconf 88' lang='lat' dir='ltr'><strong>sumere</strong></span> <span class='ocrx_word' id='word_1_597' title='bbox 3232 1544 3490 1614; x_wconf 85' lang='lat' dir='ltr'><strong>praecipit,</strong></span> 
     </span>
    </p>
   </div>
   <div class='ocr_carea' id='block_1_75' title="bbox 1904 1626 3491 1706">
    <p class='ocr_par' dir='ltr' id='par_1_75' title="bbox 1904 1626 3491 1706">
     <span class='ocr_line' id='line_1_75' title="bbox 1904 1626 3491 1706; baseline 0.005 -25"><span class='ocrx_word' id='word_1_598' title='bbox 1904 1626 1997 1682; x_wconf 91' lang='lat' dir='ltr'><strong>sed</strong></span> <span class='ocrx_word' id='word_1_599' title='bbox 2024 1628 2223 1698; x_wconf 87' lang='lat' dir='ltr'><strong>absque</strong></span> <span class='ocrx_word' id='word_1_600' title='bbox 2263 1630 2638 1685; x_wconf 86' lang='lat' dir='ltr'><strong>sollicitudine.</strong></span> <span class='ocrx_word' id='word_1_601' title='bbox 2685 1630 2835 1686; x_wconf 83' lang='lat' dir='ltr'><strong>Hunc</strong></span> <span class='ocrx_word' id='word_1_602' title='bbox 2862 1646 3023 1702; x_wconf 90' lang='lat' dir='ltr'><strong>porro</strong></span> <span class='ocrx_word' id='word_1_603' title='bbox 3059 1648 3361 1689; x_wconf 90' lang='lat' dir='ltr'><strong>sermonem</strong></span> <span class='ocrx_word' id='word_1_604' title='bbox 3380 1635 3491 1706; x_wconf 87' lang='lat' dir='ltr'><strong>jam</strong></span> 
     </span>
    </p>
   </div>
   <div class='ocr_carea' id='block_1_76' title="bbox 1906 1721 3492 1797">
    <p class='ocr_par' dir='ltr' id='par_1_76' title="bbox 1906 1721 3492 1797">
     <span class='ocr_line' id='line_1_76' title="bbox 1906 1721 3492 1797; baseline 0.005 -23"><span class='ocrx_word' id='word_1_605' title='bbox 1906 1721 2177 1791; x_wconf 70' lang='lat' dir='ltr'><strong>praemittit</strong></span> <span class='ocrx_word' id='word_1_606' title='bbox 2218 1724 2403 1785; x_wconf 90' lang='lat' dir='ltr'><strong>David.</strong></span> <span class='ocrx_word' id='word_1_607' title='bbox 2434 1725 2513 1780; x_wconf 91' lang='lat' dir='ltr'><strong>sic</strong></span> <span class='ocrx_word' id='word_1_608' title='bbox 2548 1725 2877 1795; x_wconf 80' lang='lat' dir='ltr'><strong>:enigmatice</strong></span> <span class='ocrx_word' id='word_1_609' title='bbox 2920 1726 3142 1797; x_wconf 85' lang='lat' dir='ltr'><strong>loquens</strong></span> <span class='ocrx_word' id='word_1_610' title='bbox 3174 1746 3188 1783; x_wconf 94' lang='lat'><strong>:</strong></span> <span class='ocrx_word' id='word_1_611' title='bbox 3218 1728 3395 1797; x_wconf 83' lang='lat' dir='ltr'><strong>Aperis</strong></span> <span class='ocrx_word' id='word_1_612' title='bbox 3439 1739 3492 1783; x_wconf 85' lang='lat' dir='ltr'><strong>tu</strong></span> 
     </span>
    </p>
   </div>
   <div class='ocr_carea' id='block_1_77' title="bbox 1904 1815 3493 1889">
    <p class='ocr_par' dir='ltr' id='par_1_77' title="bbox 1904 1815 3493 1889">
     <span class='ocr_line' id='line_1_77' title="bbox 1904 1815 3493 1889; baseline 0.006 -22"><span class='ocrx_word' id='word_1_613' title='bbox 1904 1829 2110 1867; x_wconf 85' lang='lat' dir='ltr'><strong>manum</strong></span> <span class='ocrx_word' id='word_1_614' title='bbox 2161 1824 2298 1868; x_wconf 90' lang='lat' dir='ltr'><strong>tuam</strong></span> <span class='ocrx_word' id='word_1_615' title='bbox 2326 1856 2340 1878; x_wconf 93' lang='lat'><strong>,</strong></span> <span class='ocrx_word' id='word_1_616' title='bbox 2396 1827 2440 1869; x_wconf 87' lang='lat' dir='ltr'><strong>et</strong></span> <span class='ocrx_word' id='word_1_617' title='bbox 2484 1815 2664 1886; x_wconf 81' lang='lat' dir='ltr'><strong>imples</strong></span> <span class='ocrx_word' id='word_1_618' title='bbox 2721 1834 2868 1872; x_wconf 83' lang='lat' dir='ltr'><strong>omne</strong></span> <span class='ocrx_word' id='word_1_619' title='bbox 2917 1820 3109 1874; x_wconf 78' lang='lat' dir='ltr'><strong>animo!</strong></span> <span class='ocrx_word' id='word_1_620' title='bbox 3154 1819 3493 1889; x_wconf 69' lang='lat' dir='ltr'><strong>benedictione</strong></span> 
     </span>
    </p>
   </div>
   <div class='ocr_carea' id='block_1_78' title="bbox 1909 1903 3491 1982">
    <p class='ocr_par' dir='ltr' id='par_1_78' title="bbox 1909 1903 3491 1982">
     <span class='ocr_line' id='line_1_78' title="bbox 1909 1903 3491 1982; baseline 0.006 -25"><span class='ocrx_word' id='word_1_621' title='bbox 1909 1903 2079 1975; x_wconf 82' lang='lat' dir='ltr'><strong>(Psai.</strong></span> <span class='ocrx_word' id='word_1_622' title='bbox 2119 1905 2240 1959; x_wconf 74' lang='lat' dir='ltr'><strong>Ml.</strong></span> <span class='ocrx_word' id='word_1_623' title='bbox 2278 1905 2406 1977; x_wconf 68' lang='lat'><strong>16):</strong></span> <span class='ocrx_word' id='word_1_624' title='bbox 2438 1916 2493 1962; x_wconf 88' lang='lat' dir='ltr'><strong>et</strong></span> <span class='ocrx_word' id='word_1_625' title='bbox 2534 1922 2738 1972; x_wconf 86' lang='lat' dir='ltr'><strong>rursus,</strong></span> <span class='ocrx_word' id='word_1_626' title='bbox 2794 1910 2894 1974; x_wconf 80' lang='lat' dir='ltr'><strong>Qui</strong></span> <span class='ocrx_word' id='word_1_627' title='bbox 2933 1910 3018 1963; x_wconf 87' lang='lat' dir='ltr'><strong>dut</strong></span> <span class='ocrx_word' id='word_1_628' title='bbox 3042 1913 3287 1982; x_wconf 86' lang='lat' dir='ltr'><strong>jumentis</strong></span> <span class='ocrx_word' id='word_1_629' title='bbox 3331 1931 3491 1967; x_wconf 78' lang='lat' dir='ltr'><strong>escam</strong></span> 
     </span>
    </p>
   </div>
   <div class='ocr_carea' id='block_1_79' title="bbox 1905 1996 3488 2075">
    <p class='ocr_par' dir='ltr' id='par_1_79' title="bbox 1905 1996 3488 2075">
     <span class='ocr_line' id='line_1_79' title="bbox 1905 1996 3488 2075; baseline 0.007 -26"><span class='ocrx_word' id='word_1_630' title='bbox 1905 1996 2152 2066; x_wconf 85' lang='lat' dir='ltr'><strong>ipsorum,</strong></span> <span class='ocrx_word' id='word_1_631' title='bbox 2171 2005 2220 2051; x_wconf 91' lang='lat' dir='ltr'><strong>et</strong></span> <span class='ocrx_word' id='word_1_632' title='bbox 2236 1998 2389 2068; x_wconf 86' lang='lat' dir='ltr'><strong>pullis</strong></span> <span class='ocrx_word' id='word_1_633' title='bbox 2409 2015 2672 2054; x_wconf 87' lang='lat' dir='ltr'><strong>corvorum</strong></span> <span class='ocrx_word' id='word_1_634' title='bbox 2689 2002 3032 2056; x_wconf 79' lang='lat' dir='ltr'><strong>invocantibus</strong></span> <span class='ocrx_word' id='word_1_635' title='bbox 3045 2021 3157 2057; x_wconf 88' lang='lat' dir='ltr'><strong>eum</strong></span> <span class='ocrx_word' id='word_1_636' title='bbox 3175 2007 3191 2075; x_wconf 92' lang='lat'>(</span> <span class='ocrx_word' id='word_1_637' title='bbox 3206 2004 3344 2060; x_wconf 81' lang='lat' dir='ltr'><strong>l’sal.</strong></span> <span class='ocrx_word' id='word_1_638' title='bbox 3368 2007 3488 2062; x_wconf 74' lang='lat' dir='ltr'><strong>NG.</strong></span> 
     </span>
    </p>
   </div>
   <div class='ocr_carea' id='block_1_80' title="bbox 1906 2090 3491 2165">
    <p class='ocr_par' dir='ltr' id='par_1_80' title="bbox 1906 2090 3491 2165">
     <span class='ocr_line' id='line_1_80' title="bbox 1906 2090 3491 2165; baseline 0.006 -20"><span class='ocrx_word' id='word_1_639' title='bbox 1906 2090 1986 2161; x_wconf 87' lang='lat'><strong>9).</strong></span> <span class='ocrx_word' id='word_1_640' title='bbox 2030 2090 2098 2144; x_wconf 89' lang='lat' dir='ltr'><strong>Et</strong></span> <span class='ocrx_word' id='word_1_641' title='bbox 2122 2091 2341 2161; x_wconf 90' lang='lat' dir='ltr'><strong>quinam</strong></span> <span class='ocrx_word' id='word_1_642' title='bbox 2370 2100 2517 2160; x_wconf 88' lang='lat' dir='ltr'><strong>sunt,</strong></span> <span class='ocrx_word' id='word_1_643' title='bbox 2562 2093 2789 2164; x_wconf 87' lang='lat' dir='ltr'><strong>inquies,</strong></span> <span class='ocrx_word' id='word_1_644' title='bbox 2841 2096 2930 2165; x_wconf 91' lang='lat' dir='ltr'><strong>qui</strong></span> <span class='ocrx_word' id='word_1_645' title='bbox 2976 2112 3081 2150; x_wconf 88' lang='lat' dir='ltr'><strong>non</strong></span> <span class='ocrx_word' id='word_1_646' title='bbox 3127 2098 3339 2152; x_wconf 80' lang='lat' dir='ltr'><strong>Solliciti</strong></span> <span class='ocrx_word' id='word_1_647' title='bbox 3376 2102 3491 2155; x_wconf 83' lang='lat' dir='ltr'><strong>fue-</strong></span> 
     </span>
    </p>
   </div>
   <div class='ocr_carea' id='block_1_81' title="bbox 1906 2183 3491 2258">
    <p class='ocr_par' dir='ltr' id='par_1_81' title="bbox 1906 2183 3491 2258">
     <span class='ocr_line' id='line_1_81' title="bbox 1906 2183 3491 2258; baseline 0.006 -21"><span class='ocrx_word' id='word_1_648' title='bbox 1906 2184 2070 2237; x_wconf 91' lang='lat' dir='ltr'><strong>runt?</strong></span> <span class='ocrx_word' id='word_1_649' title='bbox 2094 2183 2208 2239; x_wconf 86' lang='lat' dir='ltr'><strong>Non</strong></span> <span class='ocrx_word' id='word_1_650' title='bbox 2237 2184 2430 2239; x_wconf 83' lang='lat' dir='ltr'><strong>audisti</strong></span> <span class='ocrx_word' id='word_1_651' title='bbox 2468 2196 2597 2255; x_wconf 86' lang='lat' dir='ltr'><strong>quot</strong></span> <span class='ocrx_word' id='word_1_652' title='bbox 2624 2186 2763 2241; x_wconf 91' lang='lat' dir='ltr'><strong>viros</strong></span> <span class='ocrx_word' id='word_1_653' title='bbox 2791 2188 3140 2258; x_wconf 77' lang='lat' dir='ltr'><strong>protulerint?</strong></span> <span class='ocrx_word' id='word_1_654' title='bbox 3169 2206 3342 2244; x_wconf 91' lang='lat' dir='ltr'><strong>annon</strong></span> <span class='ocrx_word' id='word_1_655' title='bbox 3371 2208 3491 2247; x_wconf 90' lang='lat' dir='ltr'><strong>cum</strong></span> 
     </span>
    </p>
   </div>
   <div class='ocr_carea' id='block_1_82' title="bbox 1905 2274 3496 2353">
    <p class='ocr_par' dir='ltr' id='par_1_82' title="bbox 1905 2274 3496 2353">
     <span class='ocr_line' id='line_1_82' title="bbox 1905 2274 3496 2353; baseline 0.005 -24"><span class='ocrx_word' id='word_1_656' title='bbox 1905 2274 2009 2329; x_wconf 86' lang='lat' dir='ltr'><strong>illis</strong></span> <span class='ocrx_word' id='word_1_657' title='bbox 2029 2275 2139 2345; x_wconf 91' lang='lat' dir='ltr'><strong>jam</strong></span> <span class='ocrx_word' id='word_1_658' title='bbox 2171 2278 2479 2332; x_wconf 87' lang='lat' dir='ltr'><strong>memoratis</strong></span> <span class='ocrx_word' id='word_1_659' title='bbox 2526 2277 2700 2331; x_wconf 84' lang='lat' dir='ltr'><strong>vidisti</strong></span> <span class='ocrx_word' id='word_1_660' title='bbox 2744 2278 3001 2334; x_wconf 85' lang='lat' dir='ltr'><strong>.laeobum</strong></span> <span class='ocrx_word' id='word_1_661' title='bbox 3047 2280 3246 2336; x_wconf 89' lang='lat' dir='ltr'><strong>nudum</strong></span> <span class='ocrx_word' id='word_1_662' title='bbox 3289 2298 3350 2338; x_wconf 83' lang='lat' dir='ltr'><strong>ex</strong></span> <span class='ocrx_word' id='word_1_663' title='bbox 3403 2299 3496 2353; x_wconf 81' lang='lat' dir='ltr'><strong>pa-</strong></span> 
     </span>
    </p>
   </div>
   <div class='ocr_carea' id='block_1_83' title="bbox 1908 2369 3495 2443">
    <p class='ocr_par' dir='ltr' id='par_1_83' title="bbox 1908 2369 3495 2443">
     <span class='ocr_line' id='line_1_83' title="bbox 1908 2369 3495 2443; baseline 0.006 -20"><span class='ocrx_word' id='word_1_664' title='bbox 1908 2378 2054 2423; x_wconf 88' lang='lat' dir='ltr'><strong>terna</strong></span> <span class='ocrx_word' id='word_1_665' title='bbox 2087 2369 2247 2424; x_wconf 91' lang='lat' dir='ltr'><strong>domo</strong></span> <span class='ocrx_word' id='word_1_666' title='bbox 2279 2371 2609 2440; x_wconf 82' lang='lat' dir='ltr'><strong>profectum?</strong></span> <span class='ocrx_word' id='word_1_667' title='bbox 2636 2387 2741 2426; x_wconf 93' lang='lat' dir='ltr'><strong>non</strong></span> <span class='ocrx_word' id='word_1_668' title='bbox 2766 2372 2918 2428; x_wconf 88' lang='lat' dir='ltr'><strong>audis</strong></span> <span class='ocrx_word' id='word_1_669' title='bbox 2945 2389 3066 2428; x_wconf 91' lang='lat' dir='ltr'><strong>eum</strong></span> <span class='ocrx_word' id='word_1_670' title='bbox 3098 2385 3400 2443; x_wconf 90' lang='lat' dir='ltr'><strong>precantem</strong></span> <span class='ocrx_word' id='word_1_671' title='bbox 3432 2392 3495 2433; x_wconf 88' lang='lat' dir='ltr'><strong>ao</strong></span> 
     </span>
    </p>
   </div>
   <div class='ocr_carea' id='block_1_84' title="bbox 1905 2461 3494 2531">
    <p class='ocr_par' dir='ltr' id='par_1_84' title="bbox 1905 2461 3494 2531">
     <span class='ocr_line' id='line_1_84' title="bbox 1905 2461 3494 2531; baseline 0.004 -16"><span class='ocrx_word' id='word_1_672' title='bbox 1905 2461 2169 2516; x_wconf 85' lang='lat' dir='ltr'><strong>dicentem</strong></span> <span class='ocrx_word' id='word_1_673' title='bbox 2202 2480 2215 2517; x_wconf 88' lang='lat'><strong>:</strong></span> <span class='ocrx_word' id='word_1_674' title='bbox 2242 2461 2305 2517; x_wconf 86' lang='lat' dir='ltr'><strong>Si</strong></span> <span class='ocrx_word' id='word_1_675' title='bbox 2330 2463 2524 2517; x_wconf 84' lang='lat' dir='ltr'><strong>dederit</strong></span> <span class='ocrx_word' id='word_1_676' title='bbox 2550 2463 2674 2517; x_wconf 85' lang='lat' dir='ltr'><strong>mihi</strong></span> <span class='ocrx_word' id='word_1_677' title='bbox 2703 2463 2841 2519; x_wconf 85' lang='lat' dir='ltr'><strong>Deus</strong></span> <span class='ocrx_word' id='word_1_678' title='bbox 2871 2482 3053 2531; x_wconf 83' lang='lat' dir='ltr'><strong>panem</strong></span> <span class='ocrx_word' id='word_1_679' title='bbox 3082 2466 3151 2519; x_wconf 89' lang='lat' dir='ltr'><strong>ad</strong></span> <span class='ocrx_word' id='word_1_680' title='bbox 3179 2467 3494 2522; x_wconf 87' lang='lat' dir='ltr'><strong>manducan-</strong></span> 
     </span>
    </p>
   </div>
   <div class='ocr_carea' id='block_1_85' title="bbox 1904 2553 3493 2628">
    <p class='ocr_par' dir='ltr' id='par_1_85' title="bbox 1904 2553 3493 2628">
     <span class='ocr_line' id='line_1_85' title="bbox 1904 2553 3493 2628; baseline 0.005 -22"><span class='ocrx_word' id='word_1_681' title='bbox 1904 2553 2045 2616; x_wconf 87' lang='lat' dir='ltr'><strong>dum,</strong></span> <span class='ocrx_word' id='word_1_682' title='bbox 2091 2563 2139 2607; x_wconf 88' lang='lat' dir='ltr'><strong>et</strong></span> <span class='ocrx_word' id='word_1_683' title='bbox 2181 2554 2524 2607; x_wconf 84' lang='lat' dir='ltr'><strong>vestimentum</strong></span> <span class='ocrx_word' id='word_1_684' title='bbox 2567 2570 2666 2623; x_wconf 88' lang='lat' dir='ltr'><strong>quo</strong></span> <span class='ocrx_word' id='word_1_685' title='bbox 2711 2556 2912 2623; x_wconf 85' lang='lat' dir='ltr'><strong>operiar</strong></span> <span class='ocrx_word' id='word_1_686' title='bbox 2941 2555 3095 2625; x_wconf 77' lang='lat' dir='ltr'><strong>(Gen.</strong></span> <span class='ocrx_word' id='word_1_687' title='bbox 3142 2556 3234 2612; x_wconf 73' lang='lat'><strong>28.</strong></span> <span class='ocrx_word' id='word_1_688' title='bbox 3277 2558 3407 2628; x_wconf 74' lang='lat'><strong>9.0)?</strong></span> <span class='ocrx_word' id='word_1_689' title='bbox 3438 2559 3493 2614; x_wconf 90' lang='lat' dir='ltr'><strong>Id</strong></span> 
     </span>
    </p>
   </div>
   <div class='ocr_carea' id='block_1_86' title="bbox 1904 2643 3489 2719">
    <p class='ocr_par' dir='ltr' id='par_1_86' title="bbox 1904 2643 3489 2719">
     <span class='ocr_line' id='line_1_86' title="bbox 1904 2643 3489 2719; baseline 0.005 -22"><span class='ocrx_word' id='word_1_690' title='bbox 1904 2643 2044 2713; x_wconf 90' lang='lat' dir='ltr'><strong>quod</strong></span> <span class='ocrx_word' id='word_1_691' title='bbox 2076 2659 2180 2699; x_wconf 91' lang='lat' dir='ltr'><strong>non</strong></span> <span class='ocrx_word' id='word_1_692' title='bbox 2210 2643 2448 2710; x_wconf 90' lang='lat' dir='ltr'><strong>solliciti,</strong></span> <span class='ocrx_word' id='word_1_693' title='bbox 2492 2645 2587 2700; x_wconf 90' lang='lat' dir='ltr'><strong>sed</strong></span> <span class='ocrx_word' id='word_1_694' title='bbox 2626 2662 2657 2700; x_wconf 93' lang='lat' dir='ltr'><strong>a</strong></span> <span class='ocrx_word' id='word_1_695' title='bbox 2694 2647 2803 2702; x_wconf 90' lang='lat' dir='ltr'><strong>Deo</strong></span> <span class='ocrx_word' id='word_1_696' title='bbox 2831 2656 2998 2702; x_wconf 91' lang='lat' dir='ltr'><strong>totum</strong></span> <span class='ocrx_word' id='word_1_697' title='bbox 3024 2650 3316 2719; x_wconf 83' lang='lat' dir='ltr'><strong>quaerentis</strong></span> <span class='ocrx_word' id='word_1_698' title='bbox 3353 2660 3489 2705; x_wconf 89' lang='lat' dir='ltr'><strong>erat.</strong></span> 
     </span>
    </p>
   </div>
   <div class='ocr_carea' id='block_1_87' title="bbox 1906 2734 3493 2807">
    <p class='ocr_par' dir='ltr' id='par_1_87' title="bbox 1906 2734 3493 2807">
     <span class='ocr_line' id='line_1_87' title="bbox 1906 2734 3493 2807; baseline 0.005 -18"><span class='ocrx_word' id='word_1_699' title='bbox 1906 2734 2019 2789; x_wconf 88' lang='lat' dir='ltr'><strong>Hoc</strong></span> <span class='ocrx_word' id='word_1_700' title='bbox 2059 2744 2114 2790; x_wconf 90' lang='lat' dir='ltr'><strong>et</strong></span> <span class='ocrx_word' id='word_1_701' title='bbox 2156 2736 2387 2805; x_wconf 84' lang='lat' dir='ltr'><strong>apostoli</strong></span> <span class='ocrx_word' id='word_1_702' title='bbox 2444 2734 2653 2791; x_wconf 82' lang='lat' dir='ltr'><strong>fortiter</strong></span> <span class='ocrx_word' id='word_1_703' title='bbox 2700 2748 2942 2807; x_wconf 81' lang='lat' dir='ltr'><strong>egerunt,</strong></span> <span class='ocrx_word' id='word_1_704' title='bbox 2988 2739 3238 2794; x_wconf 89' lang='lat' dir='ltr'><strong>omnibus</strong></span> <span class='ocrx_word' id='word_1_705' title='bbox 3293 2742 3493 2797; x_wconf 86' lang='lat' dir='ltr'><strong>relictis</strong></span> 
     </span>
    </p>
   </div>
   <div class='ocr_carea' id='block_1_88' title="bbox 1904 2828 3493 2900">
    <p class='ocr_par' dir='ltr' id='par_1_88' title="bbox 1904 2828 3493 2900">
     <span class='ocr_line' id='line_1_88' title="bbox 1904 2828 3493 2900; baseline 0.003 -17"><span class='ocrx_word' id='word_1_706' title='bbox 1904 2828 2037 2884; x_wconf 90' lang='lat' dir='ltr'><strong>nihil</strong></span> <span class='ocrx_word' id='word_1_707' title='bbox 2065 2828 2279 2884; x_wconf 87' lang='lat' dir='ltr'><strong>solliciti</strong></span> <span class='ocrx_word' id='word_1_708' title='bbox 2314 2846 2328 2883; x_wconf 88' lang='lat'><strong>:</strong></span> <span class='ocrx_word' id='word_1_709' title='bbox 2357 2830 2435 2885; x_wconf 89' lang='lat' dir='ltr'><strong>sic</strong></span> <span class='ocrx_word' id='word_1_710' title='bbox 2476 2829 2563 2884; x_wconf 91' lang='lat' dir='ltr'><strong>illa</strong></span> <span class='ocrx_word' id='word_1_711' title='bbox 2593 2830 2829 2900; x_wconf 90' lang='lat' dir='ltr'><strong>quinque</strong></span> <span class='ocrx_word' id='word_1_712' title='bbox 2869 2830 3053 2897; x_wconf 88' lang='lat' dir='ltr'><strong>millia,</strong></span> <span class='ocrx_word' id='word_1_713' title='bbox 3099 2832 3177 2887; x_wconf 90' lang='lat' dir='ltr'><strong>sie</strong></span> <span class='ocrx_word' id='word_1_714' title='bbox 3204 2833 3299 2887; x_wconf 86' lang='lat' dir='ltr'><strong>tria</strong></span> <span class='ocrx_word' id='word_1_715' title='bbox 3330 2833 3493 2888; x_wconf 88' lang='lat' dir='ltr'><strong>millia</strong></span> 
     </span>
    </p>
   </div>
   <div class='ocr_carea' id='block_1_89' title="bbox 1904 2920 3494 2994">
    <p class='ocr_par' dir='ltr' id='par_1_89' title="bbox 1904 2920 3494 2994">
     <span class='ocr_line' id='line_1_89' title="bbox 1904 2920 3494 2994; baseline 0.005 -20"><span class='ocrx_word' id='word_1_716' title='bbox 1904 2920 2179 2976; x_wconf 90' lang='lat' dir='ltr'><strong>hominum</strong></span> <span class='ocrx_word' id='word_1_717' title='bbox 2208 2920 2305 2994; x_wconf 70' lang='grc' dir='ltr'>(α),</span> <span class='ocrx_word' id='word_1_718' title='bbox 2335 2921 2391 2977; x_wconf 90' lang='lat' dir='ltr'><strong>Si</strong></span> <span class='ocrx_word' id='word_1_719' title='bbox 2420 2937 2549 2977; x_wconf 88' lang='lat' dir='ltr'><strong>vero</strong></span> <span class='ocrx_word' id='word_1_720' title='bbox 2576 2921 2657 2977; x_wconf 91' lang='lat' dir='ltr'><strong>his</strong></span> <span class='ocrx_word' id='word_1_721' title='bbox 2681 2922 2894 2989; x_wconf 88' lang='lat' dir='ltr'><strong>auditis,</strong></span> <span class='ocrx_word' id='word_1_722' title='bbox 2925 2939 3031 2977; x_wconf 89' lang='lat' dir='ltr'><strong>non</strong></span> <span class='ocrx_word' id='word_1_723' title='bbox 3061 2927 3293 2980; x_wconf 89' lang='lat' dir='ltr'><strong>sustines</strong></span> <span class='ocrx_word' id='word_1_724' title='bbox 3316 2926 3494 2982; x_wconf 90' lang='lat' dir='ltr'><strong>adhuc</strong></span> 
     </span>
    </p>
   </div>
   <div class='ocr_carea' id='block_1_90' title="bbox 1904 3013 3490 3087">
    <p class='ocr_par' dir='ltr' id='par_1_90' title="bbox 1904 3013 3490 3087">
     <span class='ocr_line' id='line_1_90' title="bbox 1904 3013 3490 3087; baseline 0.004 -20"><span class='ocrx_word' id='word_1_725' title='bbox 1904 3013 2019 3069; x_wconf 75' lang='lat' dir='ltr'><strong>luce</strong></span> <span class='ocrx_word' id='word_1_726' title='bbox 2047 3013 2181 3069; x_wconf 89' lang='lat' dir='ltr'><strong>dura</strong></span> <span class='ocrx_word' id='word_1_727' title='bbox 2202 3015 2409 3069; x_wconf 89' lang='lat' dir='ltr'><strong>vincula</strong></span> <span class='ocrx_word' id='word_1_728' title='bbox 2441 3015 2669 3080; x_wconf 84' lang='lat' dir='ltr'><strong>solvere,</strong></span> <span class='ocrx_word' id='word_1_729' title='bbox 2699 3017 2909 3087; x_wconf 80' lang='lat' dir='ltr'><strong>cognita</strong></span> <span class='ocrx_word' id='word_1_730' title='bbox 2936 3017 3127 3071; x_wconf 87' lang='lat' dir='ltr'><strong>saltem</strong></span> <span class='ocrx_word' id='word_1_731' title='bbox 3157 3034 3299 3073; x_wconf 77' lang='lat' dir='ltr'><strong>cura:</strong></span> <span class='ocrx_word' id='word_1_732' title='bbox 3328 3020 3490 3075; x_wconf 88' lang='lat' dir='ltr'><strong>inuti-</strong></span> 
     </span>
    </p>
   </div>
   <div class='ocr_carea' id='block_1_91' title="bbox 1905 3105 3488 3179">
    <p class='ocr_par' dir='ltr' id='par_1_91' title="bbox 1905 3105 3488 3179">
     <span class='ocr_line' id='line_1_91' title="bbox 1905 3105 3488 3179; baseline 0.004 -20"><span class='ocrx_word' id='word_1_733' title='bbox 1905 3105 2073 3173; x_wconf 89' lang='lat' dir='ltr'><strong>litate,</strong></span> <span class='ocrx_word' id='word_1_734' title='bbox 2105 3105 2255 3160; x_wconf 89' lang='lat' dir='ltr'><strong>solve</strong></span> <span class='ocrx_word' id='word_1_735' title='bbox 2295 3106 2708 3161; x_wconf 89' lang='lat' dir='ltr'><strong>sollicitudinem</strong></span> <span class='ocrx_word' id='word_1_736' title='bbox 2744 3126 2756 3161; x_wconf 93' lang='lat'><strong>:</strong></span> <span class='ocrx_word' id='word_1_737' title='bbox 2787 3107 2878 3161; x_wconf 77' lang='lat'><strong>27.</strong></span> <span class='ocrx_word' id='word_1_738' title='bbox 2912 3107 3036 3174; x_wconf 83' lang='lat' dir='ltr'><strong>Quis</strong></span> <span class='ocrx_word' id='word_1_739' title='bbox 3062 3111 3194 3162; x_wconf 72' lang='lat' dir='ltr'><strong>enim</strong></span> <span class='ocrx_word' id='word_1_740' title='bbox 3233 3127 3296 3163; x_wconf 80' lang='lat' dir='ltr'><strong>ex</strong></span> <span class='ocrx_word' id='word_1_741' title='bbox 3331 3111 3488 3179; x_wconf 86' lang='lat' dir='ltr'><strong>vobis,</strong></span> 
     </span>
    </p>
   </div>
   <div class='ocr_carea' id='block_1_92' title="bbox 1904 3197 3492 3270">
    <p class='ocr_par' dir='ltr' id='par_1_92' title="bbox 1904 3197 3492 3270">
     <span class='ocr_line' id='line_1_92' title="bbox 1904 3197 3492 3270; baseline 0.005 -19"><span class='ocrx_word' id='word_1_742' title='bbox 1904 3197 2092 3268; x_wconf 90' lang='lat' dir='ltr'><strong>inquit,</strong></span> <span class='ocrx_word' id='word_1_743' title='bbox 2146 3198 2356 3251; x_wconf 82' lang='lat' dir='ltr'><strong>sollicite</strong></span> <span class='ocrx_word' id='word_1_744' title='bbox 2388 3199 2617 3270; x_wconf 80' lang='lat' dir='ltr'><strong>cogitans</strong></span> <span class='ocrx_word' id='word_1_745' title='bbox 2665 3208 2823 3269; x_wconf 85' lang='lat' dir='ltr'><strong>potest</strong></span> <span class='ocrx_word' id='word_1_746' title='bbox 2868 3201 3091 3267; x_wconf 82' lang='lat' dir='ltr'><strong>adiicere</strong></span> <span class='ocrx_word' id='word_1_747' title='bbox 3135 3203 3203 3255; x_wconf 90' lang='lat' dir='ltr'><strong>ad</strong></span> <span class='ocrx_word' id='word_1_748' title='bbox 3247 3214 3492 3259; x_wconf 85' lang='lat' dir='ltr'><strong>staturam</strong></span> 
     </span>
    </p>
   </div>
   <div class='ocr_carea' id='block_1_93' title="bbox 1901 3287 3491 3365">
    <p class='ocr_par' dir='ltr' id='par_1_93' title="bbox 1901 3287 3491 3365">
     <span class='ocr_line' id='line_1_93' title="bbox 1901 3287 3491 3365; baseline 0.006 -22"><span class='ocrx_word' id='word_1_749' title='bbox 1901 3303 2046 3343; x_wconf 82' lang='lat' dir='ltr'><strong>suam</strong></span> <span class='ocrx_word' id='word_1_750' title='bbox 2074 3287 2289 3343; x_wconf 80' lang='lat' dir='ltr'><strong>cubitum</strong></span> <span class='ocrx_word' id='word_1_751' title='bbox 2314 3290 2510 3343; x_wconf 81' lang='lat' dir='ltr'><strong>unum?</strong></span> <span class='ocrx_word' id='word_1_752' title='bbox 2538 3289 2670 3345; x_wconf 88' lang='lat' dir='ltr'><strong>Vide</strong></span> <span class='ocrx_word' id='word_1_753' title='bbox 2696 3292 2963 3362; x_wconf 87' lang='lat' dir='ltr'><strong>quomodo</strong></span> <span class='ocrx_word' id='word_1_754' title='bbox 2980 3308 3044 3348; x_wconf 85' lang='lat' dir='ltr'><strong>ex</strong></span> <span class='ocrx_word' id='word_1_755' title='bbox 3069 3309 3135 3349; x_wconf 91' lang='lat' dir='ltr'><strong>eo</strong></span> <span class='ocrx_word' id='word_1_756' title='bbox 3155 3296 3294 3365; x_wconf 80' lang='lat' dir='ltr'><strong>quod</strong></span> <span class='ocrx_word' id='word_1_757' title='bbox 3318 3298 3491 3352; x_wconf 88' lang='lat' dir='ltr'><strong>mani-</strong></span> 
     </span>
    </p>
   </div>
   <div class='ocr_carea' id='block_1_94' title="bbox 1905 3381 3488 3452">
    <p class='ocr_par' dir='ltr' id='par_1_94' title="bbox 1905 3381 3488 3452">
     <span class='ocr_line' id='line_1_94' title="bbox 1905 3381 3488 3452; baseline 0.008 -19"><span class='ocrx_word' id='word_1_758' title='bbox 1905 3381 2134 3448; x_wconf 77' lang='lat' dir='ltr'><strong>festum,</strong></span> <span class='ocrx_word' id='word_1_759' title='bbox 2195 3381 2246 3435; x_wconf 93' lang='lat' dir='ltr'><strong>id</strong></span> <span class='ocrx_word' id='word_1_760' title='bbox 2299 3382 2438 3452; x_wconf 89' lang='lat' dir='ltr'><strong>quod</strong></span> <span class='ocrx_word' id='word_1_761' title='bbox 2490 3382 2756 3438; x_wconf 90' lang='lat' dir='ltr'><strong>occultum</strong></span> <span class='ocrx_word' id='word_1_762' title='bbox 2812 3394 2929 3439; x_wconf 88' lang='lat' dir='ltr'><strong>erat</strong></span> <span class='ocrx_word' id='word_1_763' title='bbox 2971 3385 3176 3441; x_wconf 88' lang='lat' dir='ltr'><strong>clarum</strong></span> <span class='ocrx_word' id='word_1_764' title='bbox 3231 3389 3488 3445; x_wconf 85' lang='lat' dir='ltr'><strong>cll‘ecerit.</strong></span> 
     </span>
    </p>
   </div>
   <div class='ocr_carea' id='block_1_95' title="bbox 1902 3471 3487 3546">
    <p class='ocr_par' dir='ltr' id='par_1_95' title="bbox 1902 3471 3487 3546">
     <span class='ocr_line' id='line_1_95' title="bbox 1902 3471 3487 3546; baseline 0.008 -21"><span class='ocrx_word' id='word_1_765' title='bbox 1902 3471 2359 3538; x_wconf 88' lang='lat' dir='ltr'><strong>Quemadmodum</strong></span> <span class='ocrx_word' id='word_1_766' title='bbox 2404 3474 2543 3528; x_wconf 81' lang='lat' dir='ltr'><strong>enim</strong></span> <span class='ocrx_word' id='word_1_767' title='bbox 2585 3475 2817 3543; x_wconf 89' lang='lat' dir='ltr'><strong>corpori,</strong></span> <span class='ocrx_word' id='word_1_768' title='bbox 2860 3474 3050 3546; x_wconf 90' lang='lat' dir='ltr'><strong>inquit,</strong></span> <span class='ocrx_word' id='word_1_769' title='bbox 3102 3494 3171 3533; x_wconf 91' lang='lat' dir='ltr'><strong>ne</strong></span> <span class='ocrx_word' id='word_1_770' title='bbox 3208 3479 3487 3537; x_wconf 89' lang='lat' dir='ltr'><strong>minimum</strong></span> 
     </span>
    </p>
   </div>
   <div class='ocr_carea' id='block_1_96' title="bbox 1899 3563 3491 3638">
    <p class='ocr_par' dir='ltr' id='par_1_96' title="bbox 1899 3563 3491 3638">
     <span class='ocr_line' id='line_1_96' title="bbox 1899 3563 3491 3638; baseline 0.009 -23"><span class='ocrx_word' id='word_1_771' title='bbox 1899 3563 2114 3634; x_wconf 88' lang='lat' dir='ltr'><strong>quidem</strong></span> <span class='ocrx_word' id='word_1_772' title='bbox 2165 3571 2382 3619; x_wconf 78' lang='lat' dir='ltr'><strong>staturze</strong></span> <span class='ocrx_word' id='word_1_773' title='bbox 2430 3564 2662 3634; x_wconf 87' lang='lat' dir='ltr'><strong>adjicere</strong></span> <span class='ocrx_word' id='word_1_774' title='bbox 2700 3566 2939 3636; x_wconf 82' lang='lat' dir='ltr'><strong>cogitans</strong></span> <span class='ocrx_word' id='word_1_775' title='bbox 2980 3570 3178 3638; x_wconf 91' lang='lat' dir='ltr'><strong>poteris</strong></span> <span class='ocrx_word' id='word_1_776' title='bbox 3214 3587 3229 3623; x_wconf 89' lang='lat'><strong>:</strong></span> <span class='ocrx_word' id='word_1_777' title='bbox 3259 3572 3338 3626; x_wconf 91' lang='lat' dir='ltr'><strong>sic</strong></span> <span class='ocrx_word' id='word_1_778' title='bbox 3391 3590 3491 3630; x_wconf 92' lang='lat' dir='ltr'><strong>nec</strong></span> 
     </span>
    </p>
   </div>
   <div class='ocr_carea' id='block_1_97' title="bbox 1899 3659 3486 3733">
    <p class='ocr_par' dir='ltr' id='par_1_97' title="bbox 1899 3659 3486 3733">
     <span class='ocr_line' id='line_1_97' title="bbox 1899 3659 3486 3733; baseline 0.008 -22"><span class='ocrx_word' id='word_1_779' title='bbox 1899 3659 2147 3714; x_wconf 89' lang='lat' dir='ltr'><strong>alimenta</strong></span> <span class='ocrx_word' id='word_1_780' title='bbox 2201 3674 2555 3729; x_wconf 82' lang='lat' dir='ltr'><strong>congregare,</strong></span> <span class='ocrx_word' id='word_1_781' title='bbox 2619 3660 2828 3715; x_wconf 88' lang='lat' dir='ltr'><strong>etiamsi</strong></span> <span class='ocrx_word' id='word_1_782' title='bbox 2876 3670 2927 3716; x_wconf 90' lang='lat' dir='ltr'><strong>te</strong></span> <span class='ocrx_word' id='word_1_783' title='bbox 2982 3677 3142 3733; x_wconf 91' lang='lat' dir='ltr'><strong>posse</strong></span> <span class='ocrx_word' id='word_1_784' title='bbox 3189 3665 3486 3723; x_wconf 88' lang='lat' dir='ltr'><strong>existimes.</strong></span> 
     </span>
    </p>
   </div>
   <div class='ocr_carea' id='block_1_98' title="bbox 1902 3753 3489 3822">
    <p class='ocr_par' dir='ltr' id='par_1_98' title="bbox 1902 3753 3489 3822">
     <span class='ocr_line' id='line_1_98' title="bbox 1902 3753 3489 3822; baseline 0.006 -15"><span class='ocrx_word' id='word_1_785' title='bbox 1902 3753 2037 3808; x_wconf 89' lang='lat' dir='ltr'><strong>llinc</strong></span> <span class='ocrx_word' id='word_1_786' title='bbox 2079 3763 2254 3807; x_wconf 88' lang='lat' dir='ltr'><strong>autem</strong></span> <span class='ocrx_word' id='word_1_787' title='bbox 2288 3753 2500 3822; x_wconf 89' lang='lat' dir='ltr'><strong>planum</strong></span> <span class='ocrx_word' id='word_1_788' title='bbox 2547 3762 2648 3818; x_wconf 89' lang='lat' dir='ltr'><strong>est,</strong></span> <span class='ocrx_word' id='word_1_789' title='bbox 2700 3769 2804 3807; x_wconf 90' lang='lat' dir='ltr'><strong>non</strong></span> <span class='ocrx_word' id='word_1_790' title='bbox 2845 3768 3027 3809; x_wconf 86' lang='lat' dir='ltr'><strong>curam</strong></span> <span class='ocrx_word' id='word_1_791' title='bbox 3085 3765 3344 3820; x_wconf 85' lang='lat' dir='ltr'><strong>nostram,</strong></span> <span class='ocrx_word' id='word_1_792' title='bbox 3392 3759 3489 3815; x_wconf 82' lang='lat' dir='ltr'><strong>sed</strong></span> 
     </span>
    </p>
   </div>
   <div class='ocr_carea' id='block_1_99' title="bbox 1903 3844 3489 3916">
    <p class='ocr_par' dir='ltr' id='par_1_99' title="bbox 1903 3844 3489 3916">
     <span class='ocr_line' id='line_1_99' title="bbox 1903 3844 3489 3916; baseline 0.004 -17"><span class='ocrx_word' id='word_1_793' title='bbox 1903 3844 1997 3899; x_wconf 89' lang='lat' dir='ltr'><strong>Dei</strong></span> <span class='ocrx_word' id='word_1_794' title='bbox 2038 3844 2425 3914; x_wconf 89' lang='lat' dir='ltr'><strong>providentiam</strong></span> <span class='ocrx_word' id='word_1_795' title='bbox 2458 3844 2511 3898; x_wconf 92' lang='lat' dir='ltr'><strong>in</strong></span> <span class='ocrx_word' id='word_1_796' title='bbox 2541 3844 2604 3900; x_wconf 89' lang='lat' dir='ltr'><strong>iis</strong></span> <span class='ocrx_word' id='word_1_797' title='bbox 2628 3845 2785 3899; x_wconf 89' lang='lat' dir='ltr'><strong>etiam</strong></span> <span class='ocrx_word' id='word_1_798' title='bbox 2814 3861 2930 3915; x_wconf 74' lang='lat' dir='ltr'><strong>qum</strong></span> <span class='ocrx_word' id='word_1_799' title='bbox 2954 3861 3115 3916; x_wconf 88' lang='lat' dir='ltr'><strong>opera</strong></span> <span class='ocrx_word' id='word_1_800' title='bbox 3156 3857 3335 3903; x_wconf 89' lang='lat' dir='ltr'><strong>nostra</strong></span> <span class='ocrx_word' id='word_1_801' title='bbox 3374 3851 3489 3905; x_wconf 72' lang='lat' dir='ltr'><strong>fieri</strong></span> 
     </span>
    </p>
   </div>
   <div class='ocr_carea' id='block_1_100' title="bbox 1903 3935 3490 4012">
    <p class='ocr_par' dir='ltr' id='par_1_100' title="bbox 1903 3935 3490 4012">
     <span class='ocr_line' id='line_1_100' title="bbox 1903 3935 3490 4012; baseline 0.004 -22"><span class='ocrx_word' id='word_1_802' title='bbox 1903 3949 2170 4006; x_wconf 88' lang='lat' dir='ltr'><strong>putamus,</strong></span> <span class='ocrx_word' id='word_1_803' title='bbox 2200 3947 2366 3991; x_wconf 90' lang='lat' dir='ltr'><strong>totum</strong></span> <span class='ocrx_word' id='word_1_804' title='bbox 2398 3935 2655 4007; x_wconf 76' lang='lat' dir='ltr'><strong>periit-ere</strong></span> <span class='ocrx_word' id='word_1_805' title='bbox 2684 3954 2697 3989; x_wconf 73' lang='grc' dir='ltr'><strong><em>ι</em></strong></span> <span class='ocrx_word' id='word_1_806' title='bbox 2730 3937 2797 3990; x_wconf 90' lang='lat' dir='ltr'><strong>ita</strong></span> <span class='ocrx_word' id='word_1_807' title='bbox 2830 3948 2885 3992; x_wconf 92' lang='lat' dir='ltr'><strong>ut</strong></span> <span class='ocrx_word' id='word_1_808' title='bbox 2911 3938 2954 3992; x_wconf 91' lang='lat' dir='ltr'><strong>si</strong></span> <span class='ocrx_word' id='word_1_809' title='bbox 2982 3954 3079 3993; x_wconf 86' lang='lat' dir='ltr'><strong>nos</strong></span> <span class='ocrx_word' id='word_1_810' title='bbox 3109 3939 3198 3995; x_wconf 90' lang='lat' dir='ltr'><strong>ille</strong></span> <span class='ocrx_word' id='word_1_811' title='bbox 3222 3941 3490 4012; x_wconf 89' lang='lat' dir='ltr'><strong>relinque-</strong></span> 
     </span>
    </p>
   </div>
   <div class='ocr_carea' id='block_1_101' title="bbox 1902 4028 3489 4097">
    <p class='ocr_par' dir='ltr' id='par_1_101' title="bbox 1902 4028 3489 4097">
     <span class='ocr_line' id='line_1_101' title="bbox 1902 4028 3489 4097; baseline 0.003 -14"><span class='ocrx_word' id='word_1_812' title='bbox 1902 4037 2003 4091; x_wconf 90' lang='lat' dir='ltr'><strong>ret,</strong></span> <span class='ocrx_word' id='word_1_813' title='bbox 2036 4043 2136 4083; x_wconf 91' lang='lat' dir='ltr'><strong>nec</strong></span> <span class='ocrx_word' id='word_1_814' title='bbox 2162 4043 2311 4095; x_wconf 88' lang='lat' dir='ltr'><strong>cura,</strong></span> <span class='ocrx_word' id='word_1_815' title='bbox 2346 4044 2444 4083; x_wconf 86' lang='lat' dir='ltr'><strong>nec</strong></span> <span class='ocrx_word' id='word_1_816' title='bbox 2488 4028 2812 4095; x_wconf 76' lang='lat' dir='ltr'><strong>sollicitudo,</strong></span> <span class='ocrx_word' id='word_1_817' title='bbox 2856 4045 2953 4083; x_wconf 91' lang='lat' dir='ltr'><strong>nec</strong></span> <span class='ocrx_word' id='word_1_818' title='bbox 2980 4029 3151 4097; x_wconf 89' lang='lat' dir='ltr'><strong>labor,</strong></span> <span class='ocrx_word' id='word_1_819' title='bbox 3201 4047 3301 4087; x_wconf 91' lang='lat' dir='ltr'><strong>nec</strong></span> <span class='ocrx_word' id='word_1_820' title='bbox 3342 4032 3489 4088; x_wconf 91' lang='lat' dir='ltr'><strong>aliud</strong></span> 
     </span>
    </p>
   </div>
   <div class='ocr_carea' id='block_1_102' title="bbox 1900 4121 3491 4197">
    <p class='ocr_par' dir='ltr' id='par_1_102' title="bbox 1900 4121 3491 4197">
     <span class='ocr_line' id='line_1_102' title="bbox 1900 4121 3491 4197; baseline 0.005 -23"><span class='ocrx_word' id='word_1_821' title='bbox 1900 4121 2170 4191; x_wconf 86' lang='lat' dir='ltr'><strong>quidpiam</strong></span> <span class='ocrx_word' id='word_1_822' title='bbox 2210 4121 2384 4177; x_wconf 85' lang='lat' dir='ltr'><strong>simile</strong></span> <span class='ocrx_word' id='word_1_823' title='bbox 2414 4136 2784 4177; x_wconf 88' lang='lat' dir='ltr'><strong>successurum</strong></span> <span class='ocrx_word' id='word_1_824' title='bbox 2816 4132 2979 4188; x_wconf 89' lang='lat' dir='ltr'><strong>esset,</strong></span> <span class='ocrx_word' id='word_1_825' title='bbox 3022 4124 3115 4179; x_wconf 89' lang='lat' dir='ltr'><strong>sed</strong></span> <span class='ocrx_word' id='word_1_826' title='bbox 3157 4126 3335 4180; x_wconf 89' lang='lat' dir='ltr'><strong>omnia</strong></span> <span class='ocrx_word' id='word_1_827' title='bbox 3367 4142 3491 4197; x_wconf 86' lang='lat' dir='ltr'><strong>pes-</strong></span> 
     </span>
    </p>
   </div>
   <div class='ocr_carea' id='block_1_103' title="bbox 1900 4213 2275 4267">
    <p class='ocr_par' dir='ltr' id='par_1_103' title="bbox 1900 4213 2275 4267">
     <span class='ocr_line' id='line_1_103' title="bbox 1900 4213 2275 4267; baseline 0 0"><span class='ocrx_word' id='word_1_828' title='bbox 1900 4228 2016 4267; x_wconf 88' lang='lat' dir='ltr'><strong>sum</strong></span> <span class='ocrx_word' id='word_1_829' title='bbox 2048 4213 2275 4267; x_wconf 89' lang='lat' dir='ltr'><strong>abirent.</strong></span> 
     </span>
    </p>
   </div>
   <div class='ocr_carea' id='block_1_104' title="bbox 1970 4301 3486 4379">
    <p class='ocr_par' dir='ltr' id='par_1_104' title="bbox 1970 4301 3486 4379">
     <span class='ocr_line' id='line_1_104' title="bbox 1970 4301 3486 4379; baseline 0.005 -22"><span class='ocrx_word' id='word_1_830' title='bbox 1970 4303 2025 4357; x_wconf 72' lang='lat'><strong>4.</strong></span> <span class='ocrx_word' id='word_1_831' title='bbox 2066 4301 2333 4372; x_wconf 76' lang='lat' dir='ltr'><strong>Prwcepta</strong></span> <span class='ocrx_word' id='word_1_832' title='bbox 2362 4302 2459 4357; x_wconf 89' lang='lat' dir='ltr'><strong>Dei</strong></span> <span class='ocrx_word' id='word_1_833' title='bbox 2480 4303 2680 4374; x_wconf 88' lang='lat' dir='ltr'><strong>impleri</strong></span> <span class='ocrx_word' id='word_1_834' title='bbox 2708 4313 2937 4373; x_wconf 82' lang='lat' dir='ltr'><strong>possunt.</strong></span> <span class='ocrx_word' id='word_1_835' title='bbox 2961 4335 3030 4345; x_wconf 91' lang='lat'><strong>-—</strong></span> <span class='ocrx_word' id='word_1_836' title='bbox 3062 4304 3144 4362; x_wconf 85' lang='lat' dir='ltr'><strong>Ne</strong></span> <span class='ocrx_word' id='word_1_837' title='bbox 3168 4308 3345 4378; x_wconf 91' lang='lat' dir='ltr'><strong>itaque</strong></span> <span class='ocrx_word' id='word_1_838' title='bbox 3387 4325 3486 4379; x_wconf 86' lang='lat' dir='ltr'><strong>pu-</strong></span> 
     </span>
    </p>
   </div>
   <div class='ocr_carea' id='block_1_105' title="bbox 1903 4394 3489 4464">
    <p class='ocr_par' dir='ltr' id='par_1_105' title="bbox 1903 4394 3489 4464">
     <span class='ocr_line' id='line_1_105' title="bbox 1903 4394 3489 4464; baseline 0.006 -18"><span class='ocrx_word' id='word_1_839' title='bbox 1903 4403 2077 4447; x_wconf 91' lang='lat' dir='ltr'><strong>temus</strong></span> <span class='ocrx_word' id='word_1_840' title='bbox 2105 4405 2369 4463; x_wconf 66' lang='lat' dir='ltr'><strong>praecepta</strong></span> <span class='ocrx_word' id='word_1_841' title='bbox 2400 4394 2605 4463; x_wconf 89' lang='lat' dir='ltr'><strong>impleri</strong></span> <span class='ocrx_word' id='word_1_842' title='bbox 2644 4410 2749 4450; x_wconf 90' lang='lat' dir='ltr'><strong>non</strong></span> <span class='ocrx_word' id='word_1_843' title='bbox 2780 4410 2970 4464; x_wconf 87' lang='lat' dir='ltr'><strong>posse:</strong></span> <span class='ocrx_word' id='word_1_844' title='bbox 2997 4396 3148 4451; x_wconf 90' lang='lat' dir='ltr'><strong>multi</strong></span> <span class='ocrx_word' id='word_1_845' title='bbox 3174 4398 3317 4453; x_wconf 91' lang='lat' dir='ltr'><strong>enim</strong></span> <span class='ocrx_word' id='word_1_846' title='bbox 3345 4416 3489 4457; x_wconf 91' lang='lat' dir='ltr'><strong>nunc</strong></span> 
     </span>
    </p>
   </div>
   <div class='ocr_carea' id='block_1_106' title="bbox 1902 4486 3486 4558">
    <p class='ocr_par' dir='ltr' id='par_1_106' title="bbox 1902 4486 3486 4558">
     <span class='ocr_line' id='line_1_106' title="bbox 1902 4486 3486 4558; baseline 0.003 -17"><span class='ocrx_word' id='word_1_847' title='bbox 1902 4486 2063 4541; x_wconf 86' lang='lat' dir='ltr'><strong>etiam</strong></span> <span class='ocrx_word' id='word_1_848' title='bbox 2092 4494 2236 4553; x_wconf 90' lang='lat' dir='ltr'><strong>sunt,</strong></span> <span class='ocrx_word' id='word_1_849' title='bbox 2265 4487 2352 4555; x_wconf 87' lang='lat' dir='ltr'><strong>qui</strong></span> <span class='ocrx_word' id='word_1_850' title='bbox 2381 4486 2469 4540; x_wconf 90' lang='lat' dir='ltr'><strong>illa</strong></span> <span class='ocrx_word' id='word_1_851' title='bbox 2492 4495 2807 4557; x_wconf 89' lang='lat' dir='ltr'><strong>sequuntur.</strong></span> <span class='ocrx_word' id='word_1_852' title='bbox 2841 4486 2898 4541; x_wconf 92' lang='lat' dir='ltr'><strong>Si</strong></span> <span class='ocrx_word' id='word_1_853' title='bbox 2928 4496 2981 4542; x_wconf 91' lang='lat' dir='ltr'><strong>tu</strong></span> <span class='ocrx_word' id='word_1_854' title='bbox 3009 4487 3109 4543; x_wconf 91' lang='lat' dir='ltr'><strong>h-oc</strong></span> <span class='ocrx_word' id='word_1_855' title='bbox 3142 4489 3379 4558; x_wconf 84' lang='lat' dir='ltr'><strong>ignoras,</strong></span> <span class='ocrx_word' id='word_1_856' title='bbox 3402 4492 3486 4547; x_wconf 93' lang='lat' dir='ltr'><strong>ni-</strong></span> 
     </span>
    </p>
   </div>
   <div class='ocr_carea' id='block_1_107' title="bbox 1890 4575 3488 4651">
    <p class='ocr_par' dir='ltr' id='par_1_107' title="bbox 1890 4575 3488 4651">
     <span class='ocr_line' id='line_1_107' title="bbox 1890 4575 3488 4651; baseline 0.005 -21"><span class='ocrx_word' id='word_1_857' title='bbox 1890 4576 1975 4632; x_wconf 89' lang='lat' dir='ltr'><strong>hil</strong></span> <span class='ocrx_word' id='word_1_858' title='bbox 2005 4577 2221 4644; x_wconf 89' lang='lat' dir='ltr'><strong>mirum,</strong></span> <span class='ocrx_word' id='word_1_859' title='bbox 2267 4575 2532 4647; x_wconf 88' lang='lat' dir='ltr'><strong>siquidem</strong></span> <span class='ocrx_word' id='word_1_860' title='bbox 2565 4577 2745 4633; x_wconf 84' lang='lat' dir='ltr'><strong>Helias</strong></span> <span class='ocrx_word' id='word_1_861' title='bbox 2772 4594 2832 4634; x_wconf 89' lang='lat' dir='ltr'><strong>se</strong></span> <span class='ocrx_word' id='word_1_862' title='bbox 2873 4579 3045 4634; x_wconf 90' lang='lat' dir='ltr'><strong>solum</strong></span> <span class='ocrx_word' id='word_1_863' title='bbox 3087 4596 3208 4637; x_wconf 85' lang='lat' dir='ltr'><strong>esse</strong></span> <span class='ocrx_word' id='word_1_864' title='bbox 3235 4582 3488 4651; x_wconf 85' lang='lat' dir='ltr'><strong>putabat;</strong></span> 
     </span>
    </p>
   </div>
   <div class='ocr_carea' id='block_1_108' title="bbox 1899 4668 3487 4747">
    <p class='ocr_par' dir='ltr' id='par_1_108' title="bbox 1899 4668 3487 4747">
     <span class='ocr_line' id='line_1_108' title="bbox 1899 4668 3487 4747; baseline 0.004 -24"><span class='ocrx_word' id='word_1_865' title='bbox 1899 4668 1993 4725; x_wconf 89' lang='lat' dir='ltr'><strong>sed</strong></span> <span class='ocrx_word' id='word_1_866' title='bbox 2020 4668 2252 4724; x_wconf 86' lang='lat' dir='ltr'><strong>audivit:</strong></span> <span class='ocrx_word' id='word_1_867' title='bbox 2274 4668 2476 4739; x_wconf 84' lang='lat' dir='ltr'><strong>Reliqui</strong></span> <span class='ocrx_word' id='word_1_868' title='bbox 2499 4670 2620 4723; x_wconf 82' lang='lat' dir='ltr'><strong>mihi</strong></span> <span class='ocrx_word' id='word_1_869' title='bbox 2634 4680 2820 4740; x_wconf 86' lang='lat' dir='ltr'><strong>septem</strong></span> <span class='ocrx_word' id='word_1_870' title='bbox 2837 4672 2999 4726; x_wconf 87' lang='lat' dir='ltr'><strong>millia</strong></span> <span class='ocrx_word' id='word_1_871' title='bbox 3013 4674 3234 4727; x_wconf 87' lang='lat' dir='ltr'><strong>virorum</strong></span> <span class='ocrx_word' id='word_1_872' title='bbox 3262 4675 3337 4743; x_wconf 80' lang='lat'><strong>(3.</strong></span> <span class='ocrx_word' id='word_1_873' title='bbox 3359 4674 3487 4747; x_wconf 86' lang='lat' dir='ltr'><strong>Reg.</strong></span> 
     </span>
    </p>
   </div>
   <div class='ocr_carea' id='block_1_109' title="bbox 1904 4760 3484 4835">
    <p class='ocr_par' dir='ltr' id='par_1_109' title="bbox 1904 4760 3484 4835">
     <span class='ocr_line' id='line_1_109' title="bbox 1904 4760 3484 4835; baseline 0.002 -20"><span class='ocrx_word' id='word_1_874' title='bbox 1904 4760 1990 4815; x_wconf 79' lang='grc'><strong>19.</strong></span> <span class='ocrx_word' id='word_1_875' title='bbox 2020 4760 2128 4834; x_wconf 79' lang='grc'><strong>18).</strong></span> <span class='ocrx_word' id='word_1_876' title='bbox 2178 4760 2330 4816; x_wconf 88' lang='lat' dir='ltr'><strong>Unde</strong></span> <span class='ocrx_word' id='word_1_877' title='bbox 2359 4762 2573 4831; x_wconf 88' lang='lat' dir='ltr'><strong>planum</strong></span> <span class='ocrx_word' id='word_1_878' title='bbox 2605 4772 2705 4825; x_wconf 88' lang='lat' dir='ltr'><strong>est,</strong></span> <span class='ocrx_word' id='word_1_879' title='bbox 2736 4764 2894 4817; x_wconf 89' lang='lat' dir='ltr'><strong>etiam</strong></span> <span class='ocrx_word' id='word_1_880' title='bbox 2927 4779 3067 4819; x_wconf 90' lang='lat' dir='ltr'><strong>nunc</strong></span> <span class='ocrx_word' id='word_1_881' title='bbox 3091 4779 3212 4822; x_wconf 90' lang='lat' dir='ltr'><strong>esse</strong></span> <span class='ocrx_word' id='word_1_882' title='bbox 3234 4766 3325 4834; x_wconf 91' lang='lat' dir='ltr'><strong>qui</strong></span> <span class='ocrx_word' id='word_1_883' title='bbox 3354 4782 3484 4835; x_wconf 86' lang='lat' dir='ltr'><strong>apo-</strong></span> 
     </span>
    </p>
   </div>
   <div class='ocr_carea' id='block_1_110' title="bbox 1899 4852 3495 4925">
    <p class='ocr_par' dir='ltr' id='par_1_110' title="bbox 1899 4852 3495 4925">
     <span class='ocr_line' id='line_1_110' title="bbox 1899 4852 3495 4925; baseline 0.003 -17"><span class='ocrx_word' id='word_1_884' title='bbox 1899 4854 2142 4909; x_wconf 90' lang='lat' dir='ltr'><strong>stolicam</strong></span> <span class='ocrx_word' id='word_1_885' title='bbox 2191 4852 2386 4909; x_wconf 87' lang='lat' dir='ltr'><strong>ducant</strong></span> <span class='ocrx_word' id='word_1_886' title='bbox 2438 4855 2621 4922; x_wconf 90' lang='lat' dir='ltr'><strong>vitam,</strong></span> <span class='ocrx_word' id='word_1_887' title='bbox 2670 4856 3118 4925; x_wconf 88' lang='lat' dir='ltr'><strong>quemadmodum</strong></span> <span class='ocrx_word' id='word_1_888' title='bbox 3164 4866 3217 4911; x_wconf 91' lang='lat' dir='ltr'><strong>et</strong></span> <span class='ocrx_word' id='word_1_889' title='bbox 3250 4867 3374 4911; x_wconf 84' lang='lat' dir='ltr'><strong>tunc</strong></span> <span class='ocrx_word' id='word_1_890' title='bbox 3409 4866 3495 4914; x_wconf 81' lang='lat' dir='ltr'><strong>ter</strong></span> 
     </span>
    </p>
   </div>
   <div class='ocr_carea' id='block_1_111' title="bbox 1902 4946 3492 5018">
    <p class='ocr_par' dir='ltr' id='par_1_111' title="bbox 1902 4946 3492 5018">
     <span class='ocr_line' id='line_1_111' title="bbox 1902 4946 3492 5018; baseline 0.003 -17"><span class='ocrx_word' id='word_1_891' title='bbox 1902 4946 2048 5001; x_wconf 89' lang='lat' dir='ltr'><strong>mille</strong></span> <span class='ocrx_word' id='word_1_892' title='bbox 2072 4956 2127 5002; x_wconf 91' lang='lat' dir='ltr'><strong>et</strong></span> <span class='ocrx_word' id='word_1_893' title='bbox 2154 4948 2431 5018; x_wconf 80' lang='lat' dir='ltr'><strong>quinquies</strong></span> <span class='ocrx_word' id='word_1_894' title='bbox 2461 4948 2606 5003; x_wconf 87' lang='lat' dir='ltr'><strong>mille</strong></span> <span class='ocrx_word' id='word_1_895' title='bbox 2633 4949 2893 5004; x_wconf 90' lang='lat' dir='ltr'><strong>homines.</strong></span> <span class='ocrx_word' id='word_1_896' title='bbox 2928 4949 2985 5005; x_wconf 91' lang='lat' dir='ltr'><strong>Si</strong></span> <span class='ocrx_word' id='word_1_897' title='bbox 3022 4959 3198 5004; x_wconf 88' lang='lat' dir='ltr'><strong>autem</strong></span> <span class='ocrx_word' id='word_1_898' title='bbox 3230 4966 3336 5004; x_wconf 84' lang='lat' dir='ltr'><strong>non</strong></span> <span class='ocrx_word' id='word_1_899' title='bbox 3372 4966 3492 5005; x_wconf 72' lang='lat' dir='ltr'><strong>cre~</strong></span> 
     </span>
    </p>
   </div>
   <div class='ocr_carea' id='block_1_112' title="bbox 1902 5039 3491 5111">
    <p class='ocr_par' dir='ltr' id='par_1_112' title="bbox 1902 5039 3491 5111">
     <span class='ocr_line' id='line_1_112' title="bbox 1902 5039 3491 5111; baseline 0.002 -19"><span class='ocrx_word' id='word_1_900' title='bbox 1902 5039 2097 5104; x_wconf 90' lang='lat' dir='ltr'><strong>dimus,</strong></span> <span class='ocrx_word' id='word_1_901' title='bbox 2142 5054 2245 5092; x_wconf 91' lang='lat' dir='ltr'><strong>non</strong></span> <span class='ocrx_word' id='word_1_902' title='bbox 2296 5040 2421 5109; x_wconf 89' lang='lat' dir='ltr'><strong>quia</strong></span> <span class='ocrx_word' id='word_1_903' title='bbox 2459 5040 2652 5094; x_wconf 88' lang='lat' dir='ltr'><strong>desunt</strong></span> <span class='ocrx_word' id='word_1_904' title='bbox 2692 5042 2781 5111; x_wconf 91' lang='lat' dir='ltr'><strong>qui</strong></span> <span class='ocrx_word' id='word_1_905' title='bbox 2828 5051 2974 5096; x_wconf 85' lang='lat' dir='ltr'><strong>recte</strong></span> <span class='ocrx_word' id='word_1_906' title='bbox 3014 5040 3215 5106; x_wconf 87' lang='lat' dir='ltr'><strong>vivant,</strong></span> <span class='ocrx_word' id='word_1_907' title='bbox 3244 5039 3346 5094; x_wconf 86' lang='lat' dir='ltr'><strong>sed</strong></span> <span class='ocrx_word' id='word_1_908' title='bbox 3367 5042 3491 5110; x_wconf 87' lang='lat' dir='ltr'><strong>quia</strong></span> 
     </span>
    </p>
   </div>
   <div class='ocr_carea' id='block_1_113' title="bbox 1905 5130 3494 5202">
    <p class='ocr_par' dir='ltr' id='par_1_113' title="bbox 1905 5130 3494 5202">
     <span class='ocr_line' id='line_1_113' title="bbox 1905 5130 3494 5202; baseline 0 -16"><span class='ocrx_word' id='word_1_909' title='bbox 1905 5132 2061 5202; x_wconf 84' lang='lat' dir='ltr'><strong>longe</strong></span> <span class='ocrx_word' id='word_1_910' title='bbox 2087 5130 2155 5187; x_wconf 88' lang='lat' dir='ltr'><strong>ab</strong></span> <span class='ocrx_word' id='word_1_911' title='bbox 2185 5132 2291 5187; x_wconf 91' lang='lat' dir='ltr'><strong>illis</strong></span> <span class='ocrx_word' id='word_1_912' title='bbox 2318 5132 2593 5199; x_wconf 85' lang='lat' dir='ltr'><strong>absumus,</strong></span> <span class='ocrx_word' id='word_1_913' title='bbox 2625 5134 2693 5186; x_wconf 92' lang='lat' dir='ltr'><strong>ita</strong></span> <span class='ocrx_word' id='word_1_914' title='bbox 2722 5132 2895 5187; x_wconf 86' lang='lat' dir='ltr'><strong>affecti</strong></span> <span class='ocrx_word' id='word_1_915' title='bbox 2925 5146 3130 5186; x_wconf 85' lang='lat' dir='ltr'><strong>sumus.</strong></span> <span class='ocrx_word' id='word_1_916' title='bbox 3160 5130 3311 5185; x_wconf 85' lang='lat' dir='ltr'><strong>Sicut</strong></span> <span class='ocrx_word' id='word_1_917' title='bbox 3337 5131 3381 5185; x_wconf 88' lang='lat' dir='ltr'><strong>is</strong></span> <span class='ocrx_word' id='word_1_918' title='bbox 3402 5132 3494 5202; x_wconf 89' lang='lat' dir='ltr'><strong>qui</strong></span> 
     </span>
    </p>
   </div>
   <div class='ocr_carea' id='block_1_114' title="bbox 1902 5224 3496 5295">
    <p class='ocr_par' dir='ltr' id='par_1_114' title="bbox 1902 5224 3496 5295">
     <span class='ocr_line' id='line_1_114' title="bbox 1902 5224 3496 5295; baseline -0.002 -14"><span class='ocrx_word' id='word_1_919' title='bbox 1902 5226 2081 5282; x_wconf 90' lang='lat' dir='ltr'><strong>ebrius</strong></span> <span class='ocrx_word' id='word_1_920' title='bbox 2116 5236 2218 5289; x_wconf 89' lang='lat' dir='ltr'><strong>est,</strong></span> <span class='ocrx_word' id='word_1_921' title='bbox 2262 5242 2368 5281; x_wconf 87' lang='lat' dir='ltr'><strong>non</strong></span> <span class='ocrx_word' id='word_1_922' title='bbox 2410 5225 2563 5281; x_wconf 88' lang='lat' dir='ltr'><strong>facile</strong></span> <span class='ocrx_word' id='word_1_923' title='bbox 2593 5225 2788 5281; x_wconf 78' lang='lat' dir='ltr'><strong>credat</strong></span> <span class='ocrx_word' id='word_1_924' title='bbox 2823 5240 2944 5281; x_wconf 89' lang='lat' dir='ltr'><strong>esse</strong></span> <span class='ocrx_word' id='word_1_925' title='bbox 2975 5224 3245 5279; x_wconf 87' lang='lat' dir='ltr'><strong>hominem</strong></span> <span class='ocrx_word' id='word_1_926' title='bbox 3295 5225 3385 5295; x_wconf 90' lang='lat' dir='ltr'><strong>qui</strong></span> <span class='ocrx_word' id='word_1_927' title='bbox 3428 5242 3496 5279; x_wconf 87' lang='lat' dir='ltr'><strong>ne</strong></span> 
     </span>
    </p>
   </div>
   <div class='ocr_carea' id='block_1_115' title="bbox 1904 5320 3496 5392">
    <p class='ocr_par' dir='ltr' id='par_1_115' title="bbox 1904 5320 3496 5392">
     <span class='ocr_line' id='line_1_115' title="bbox 1904 5320 3496 5392; baseline 0.001 -17"><span class='ocrx_word' id='word_1_928' title='bbox 1904 5336 2093 5392; x_wconf 89' lang='lat' dir='ltr'><strong>aquam</strong></span> <span class='ocrx_word' id='word_1_929' title='bbox 2124 5321 2335 5391; x_wconf 90' lang='lat' dir='ltr'><strong>quidem</strong></span> <span class='ocrx_word' id='word_1_930' title='bbox 2365 5320 2641 5391; x_wconf 81' lang='lat' dir='ltr'><strong>degustet:</strong></span> <span class='ocrx_word' id='word_1_931' title='bbox 2673 5320 3012 5379; x_wconf 85' lang='lat' dir='ltr'><strong>etiamsihoc</strong></span> <span class='ocrx_word' id='word_1_932' title='bbox 3042 5329 3225 5378; x_wconf 87' lang='lat' dir='ltr'><strong>nostro</strong></span> <span class='ocrx_word' id='word_1_933' title='bbox 3254 5331 3496 5391; x_wconf 90' lang='lat' dir='ltr'><strong>tempore</strong></span> 
     </span>
    </p>
   </div>
   <div class='ocr_carea' id='block_1_116' title="bbox 1904 5411 3498 5483">
    <p class='ocr_par' dir='ltr' id='par_1_116' title="bbox 1904 5411 3498 5483">
     <span class='ocr_line' id='line_1_116' title="bbox 1904 5411 3498 5483; baseline 0 -16"><span class='ocrx_word' id='word_1_934' title='bbox 1904 5412 2056 5467; x_wconf 88' lang='lat' dir='ltr'><strong>multi</strong></span> <span class='ocrx_word' id='word_1_935' title='bbox 2106 5412 2488 5468; x_wconf 87' lang='lat' dir='ltr'><strong>monachorum</strong></span> <span class='ocrx_word' id='word_1_936' title='bbox 2530 5411 2781 5478; x_wconf 84' lang='lat' dir='ltr'><strong>fecerint;</strong></span> <span class='ocrx_word' id='word_1_937' title='bbox 2830 5420 2884 5467; x_wconf 86' lang='lat' dir='ltr'><strong>et</strong></span> <span class='ocrx_word' id='word_1_938' title='bbox 2925 5412 3163 5483; x_wconf 74' lang='lat' dir='ltr'><strong>quicum</strong></span> <span class='ocrx_word' id='word_1_939' title='bbox 3204 5413 3498 5469; x_wconf 79' lang='lat' dir='ltr'><strong>innumeris</strong></span> 
     </span>
    </p>
   </div>
   <div class='ocr_carea' id='block_1_117' title="bbox 1904 5502 3495 5577">
    <p class='ocr_par' dir='ltr' id='par_1_117' title="bbox 1904 5502 3495 5577">
     <span class='ocr_line' id='line_1_117' title="bbox 1904 5502 3495 5577; baseline -0.002 -17"><span class='ocrx_word' id='word_1_940' title='bbox 1904 5505 2013 5561; x_wconf 88' lang='lat' dir='ltr'><strong>coit</strong></span> <span class='ocrx_word' id='word_1_941' title='bbox 2042 5504 2373 5571; x_wconf 85' lang='lat' dir='ltr'><strong>mulieribus,</strong></span> <span class='ocrx_word' id='word_1_942' title='bbox 2406 5519 2512 5558; x_wconf 91' lang='lat' dir='ltr'><strong>non</strong></span> <span class='ocrx_word' id='word_1_943' title='bbox 2541 5502 2738 5560; x_wconf 75' lang='lat' dir='ltr'><strong>credet</strong></span> <span class='ocrx_word' id='word_1_944' title='bbox 2773 5504 2928 5560; x_wconf 85' lang='lat' dir='ltr'><strong>facile</strong></span> <span class='ocrx_word' id='word_1_945' title='bbox 2973 5520 3094 5562; x_wconf 87' lang='lat' dir='ltr'><strong>esse</strong></span> <span class='ocrx_word' id='word_1_946' title='bbox 3138 5504 3495 5577; x_wconf 86' lang='lat' dir='ltr'><strong>virginitatem</strong></span> 
     </span>
    </p>
   </div>
   <div class='ocr_carea' id='block_1_118' title="bbox 1968 5663 3499 5728">
    <p class='ocr_par' dir='ltr' id='par_1_118' title="bbox 1968 5663 3499 5728">
     <span class='ocr_line' id='line_1_118' title="bbox 1968 5663 3499 5728; baseline 0.002 -15"><span class='ocrx_word' id='word_1_947' title='bbox 1968 5664 2062 5728; x_wconf 84' lang='lat' dir='ltr'><strong>(a)_</strong></span> <span class='ocrx_word' id='word_1_948' title='bbox 2077 5663 2165 5714; x_wconf 81' lang='lat' dir='ltr'><strong>Illa</strong></span> <span class='ocrx_word' id='word_1_949' title='bbox 2176 5666 2392 5728; x_wconf 88' lang='lat' dir='ltr'><strong>quinque</strong></span> <span class='ocrx_word' id='word_1_950' title='bbox 2413 5663 2640 5714; x_wconf 79' lang='lat' dir='ltr'><strong>milliaet</strong></span> <span class='ocrx_word' id='word_1_951' title='bbox 2662 5663 2754 5728; x_wconf 83' lang='lat' dir='ltr'><strong>tria</strong></span> <span class='ocrx_word' id='word_1_952' title='bbox 2776 5664 2925 5728; x_wconf 87' lang='lat' dir='ltr'><strong>millia</strong></span> <span class='ocrx_word' id='word_1_953' title='bbox 2946 5663 3295 5728; x_wconf 79' lang='lat' dir='ltr'><strong>hominum.dc</strong></span> <span class='ocrx_word' id='word_1_954' title='bbox 3319 5665 3499 5728; x_wconf 79' lang='lat' dir='ltr'><strong>quibus</strong></span> 
     </span>
    </p>
   </div>
   <div class='ocr_carea' id='block_1_119' title="bbox 1906 5725 3498 5840">
    <p class='ocr_par' dir='ltr' id='par_1_119' title="bbox 1906 5725 3498 5840">
     <span class='ocr_line' id='line_1_119' title="bbox 1906 5725 3498 5840; baseline 0.001 -63"><span class='ocrx_word' id='word_1_955' title='bbox 1906 5725 2275 5840; x_wconf 49' lang='lat' dir='ltr'><strong>illiggrmitur,</strong></span> <span class='ocrx_word' id='word_1_956' title='bbox 2302 5725 2634 5779; x_wconf 77' lang='lat' dir='ltr'><strong>memorantur</strong></span> <span class='ocrx_word' id='word_1_957' title='bbox 2655 5727 2750 5779; x_wconf 83' lang='lat' dir='ltr'><strong>sub</strong></span> <span class='ocrx_word' id='word_1_958' title='bbox 2781 5726 2972 5790; x_wconf 78' lang='lat' dir='ltr'><strong>initium</strong></span> <span class='ocrx_word' id='word_1_959' title='bbox 3012 5727 3123 5779; x_wconf 84' lang='lat' dir='ltr'><strong>libri</strong></span> <span class='ocrx_word' id='word_1_960' title='bbox 3155 5725 3363 5779; x_wconf 77' lang='lat' dir='ltr'><strong>Aetnam</strong></span> <span class='ocrx_word' id='word_1_961' title='bbox 3386 5741 3498 5791; x_wconf 83' lang='lat' dir='ltr'><strong>apo-</strong></span> 
     </span>
    </p>
   </div>
  </div>
