3868 6182
305 255 409 314 299

296 388 520 428 scrvare
542 386 555 434 ;
580 383 683 426 nec
706 369 795 440 qui
825 369 1000 424 aliena
1029 369 1188 440 rapit,
1217 367 1406 424 credet
1430 380 1550 422 esse
1587 365 1890 436 quempiam

301 465 398 532 qui
422 479 520 519 sua
549 461 702 518 facile
729 461 1018 531 largiatur:
1045 463 1124 520 sic
1149 475 1323 532 neque
1363 460 1400 518 ii
1443 459 1532 530 qui
1571 473 1631 514 se
1656 455 1894 527 quotidie

303 551 450 606 mille
471 550 916 608 sollicitudinibus
942 559 1232 614 macerant,
1263 548 1418 608 facile
1445 549 1581 603 hanc
1603 546 1896 616 suscipiant

307 642 627 699 doctrinam.
660 642 812 710 Quod
843 653 1018 703 autem
1052 644 1202 700 multi
1228 644 1335 698 sint
1360 641 1452 710 qui
1490 640 1556 696 ad
1587 640 1728 695 hanc
1773 654 1896 709 per-

305 732 588 788 fectionem
620 733 955 798 devenerint,
987 735 1054 789 ab
1082 735 1187 790 illis
1215 734 1344 805 ipsis
1372 732 1744 790 demonstrare
1770 745 1895 806 pos-

304 842 508 894 sumus,
535 827 626 897 qui
651 837 810 882 aetate
837 836 1018 882 nostra
1049 825 1186 882 hanc
1213 835 1338 882 sunt
1366 823 1756 896 philosophiam
1773 837 1894 894 pro-

301 920 450 978 fessi.
492 918 596 978 Sed
626 919 776 976 vobis
804 919 1016 976 interim
1043 920 1171 976 satis
1200 918 1300 974 erit
1328 917 1372 973 si
1400 915 1617 972 discetis
1638 930 1746 970 non
1768 929 1895 969 ava-

304 1012 440 1067 ritia:
462 1011 692 1077 studere,
723 1011 1023 1081 bonamque
1051 1025 1171 1067 esse
1197 1009 1619 1078 eleemosynam;
1650 1005 1695 1064 si
1719 1005 1895 1060 disca-

303 1106 374 1160 tis
412 1121 479 1160 es
521 1103 676 1164 bonis
706 1103 904 1157 nostris
945 1100 1269 1172 erogandum
1317 1114 1457 1158 esse.
1503 1097 1628 1154 IIch
1673 1097 1814 1154 enim
1846 1095 1892 1154 si

301 1195 634 1266 exsequaris,
681 1194 893 1260 dilecte,
939 1193 1046 1248 cito
1087 1191 1154 1246 ad
1198 1192 1283 1246 illa
1321 1190 1625 1262 pervenies.
1671 1186 1890 1246 Interim

302 1302 432 1357 ergo
459 1285 783 1356 superﬂuam
827 1285 983 1339 illam
1014 1298 1262 1354 pompam
1301 1283 1650 1351 deponamus,
1684 1280 1892 1336 medio-

303 1379 492 1434 critate
518 1377 753 1438 contenti
781 1377 968 1440 simus,
1000 1383 1054 1431 et
1081 1374 1350 1428 discamus
1390 1387 1452 1427 ex
1492 1371 1651 1440 justis
1693 1369 1892 1425 labori-

305 1470 405 1525 bus
443 1469 644 1534 omnia,
677 1484 794 1540 qua:
824 1467 1055 1526 habituri
1100 1481 1306 1529 sumus,
1360 1462 1681 1534 acquirenda
1729 1476 1890 1519 esse:

301 1563 732 1638 quandoquidem
761 1562 948 1620 beatus
975 1563 1230 1625 Joannes,
1253 1576 1374 1618 cum
1393 1574 1488 1616 eos
1508 1560 1595 1632 qui
1620 1559 1672 1615 in
1695 1557 1896 1612 telonio

301 1657 560 1712 sedebant
585 1666 639 1710 et
659 1655 857 1710 milites
896 1653 1286 1724 alloquebatur,
1322 1653 1427 1708 illis
1456 1661 1511 1705 ut
1529 1649 1763 1705 contenti
1781 1647 1896 1705 suis

302 1749 584 1820 stipendiis
603 1757 784 1804 essent
801 1746 1139 1818 przecipiebat
1160 1745 1306 1819 (Luc.
1326 1745 1406 1814 5).
1431 1743 1655 1798 Volebat
1679 1740 1892 1812 quidem

303 1841 424 1894 illos
448 1840 515 1894 ad
543 1840 803 1910 ul'ajorem-
825 1839 981 1893 aliam
1010 1837 1399 1910 philosophiam
1440 1835 1707 1891 deducere
1729 1851 1751 1914 ἦ
1771 1835 1893 1906 quia

304 1945 432 1985 vero
461 1933 696 1984 nondmn
717 1930 782 1985 ad
809 1930 1034 1985 iderant
1061 1929 1259 1990 idonei,
1293 1929 1499 1983 minora
1526 1927 1674 1989 dicit,
1702 1928 1823 1998 quia
1850 1926 1895 1984 si

304 2021 572 2077 sublimior
586 2037 616 2076 a
636 2020 996 2083 disseruisset,
1016 2037 1122 2074 non
1142 2019 1246 2074 illis
1263 2018 1638 2084 attendisscnt,
1657 2027 1710 2075 et
1729 2035 1793 2073 ex
1813 2017 1896 2074 his

305 2112 604 2169 minoribus
618 2113 959 2168 excidissent.
986 2111 1188 2167 Idcirco
1214 2113 1372 2168 etiam
1399 2125 1496 2164 nos
1520 2111 1568 2163 in
1597 2109 1897 2166 hisceinfe-
1925 2127 1932 2132 ·

305 2205 540 2261 rioribus
555 2219 648 2259 vos
664 2218 999 2261 exercemus.
1021 2203 1343 2272 lnterimqne
1370 2203 1567 2257 scimus
1586 2201 1893 2256 facultatum

306 2297 740 2370 deponendarum
775 2311 909 2351 onus
944 2295 1132 2349 fortius
1171 2309 1311 2360 esse,
1335 2309 1494 2364 quant
1535 2304 1596 2347 ut
1635 2291 1897 2348 vosl'errc

308 2389 552 2458 possitis;
578 2399 629 2444 et
652 2398 904 2459 quantum
928 2386 1092 2442 distat
1107 2387 1296 2442 cadum
1320 2401 1349 2440 a
1375 2395 1535 2452 terra,
1565 2393 1768 2439 tantum
1801 2399 1897 2440 vos

313 2490 3408 2519 _________________________________.....____.__.___..__._._—_

997 253 1040 311 8
1093 251 1375 310 JOANNIS
1403 247 1873 310 CIIBYSOSTOMI
1912 245 2226 305 ARCHIEP.
2265 243 2798 304 CONSTANTINOP.

3483 241 3585 297 300

2002 361 2202 415 distare
2228 359 2296 419 ab
2321 359 2407 414 illa
2432 356 2792 430 philosophia.
2817 355 3000 428 Itaque
3025 354 3210 412 ultima
3235 354 3422 410 saltem
3451 369 3586 426 pra:-

1997 461 2154 522 cepta
2191 465 2498 516 servemus;
2537 464 2709 521 neque
2745 449 2889 506 enim
2932 450 3046 504 haec
3094 462 3252 519 parva
3291 444 3588 503 consolatio

1997 554 2082 599 est
2105 561 2118 598 :
2138 542 2349 608 etiamsi
2369 541 2509 614 apud
2525 541 2742 600 Graecos
2763 540 2979 620 quidam
3004 540 3156 608 illud,
3174 539 3314 614 quod
3331 539 3586 606 diximus,

1997 636 2277 708 essequuti
2307 643 2456 702 sunt,
2487 634 2772 704 omniaque
2807 634 3160 704 reliquerunt,
3192 633 3315 690 licet
3357 647 3461 687 non
3491 647 3582 696 eo,

1997 743 2104 800 quo
2147 743 2243 799 par
2283 735 2421 794 erat,
2469 725 2764 796 proposito.
2809 728 3056 786 Attamen
3102 734 3184 782 sat
3214 724 3372 784 nobis
3399 725 3505 780 erit
3541 724 3587 780 si

1998 820 2398 891 eleemosynam
2446 817 2592 890 large
2622 817 2888 890 spargatis
2921 834 2935 871 :
2967 816 3073 872 cito
3110 817 3251 874 enim
3295 825 3475 888 postea
3519 815 3589 872 ad

1999 913 2092 968 ilia
2123 912 2521 984 perveniemus,
2549 911 2594 966 si
2622 911 2694 968 ita
2722 911 3100 981 procedamus.
3125 911 3217 966 Sin
3243 925 3312 968 ne
3342 910 3446 966 hoc
3467 910 3592 979 qui-

1997 1004 2120 1060 dem
2169 1002 2448 1066 faciamus,
2495 1017 2602 1073 qua
2646 1001 2848 1058 erimus
2892 1003 3044 1058 venia
3093 1001 3266 1072 digni,
3321 1003 3409 1078 qui
3451 1000 3591 1070 jussi

1998 1107 2215 1154 Sanctos
2259 1096 2459 1152 veteris
2504 1097 2637 1168 legis
2675 1111 2959 1166 superare,
3009 1095 3212 1152 Graecis
3255 1093 3593 1164 philosophis

1977 1193 2235 1249 .minores
2262 1188 2578 1248 videamur?
2607 1189 2744 1258 Quid
2772 1189 3088 1254 dixerimus,
3116 1189 3160 1242 si
3186 1203 3308 1244 cum
3333 1187 3507 1260 angeli
3533 1195 3593 1245 et

2002 1284 2093 1339 lilii
2123 1283 2218 1342 Dei,
2242 1297 2371 1342 esse
2393 1281 2707 1346 debeamus,
2738 1296 2808 1336 ne
2839 1281 3084 1340 homines
3111 1277 3329 1350 quidem
3360 1293 3480 1334 esse
3507 1278 3589 1332 vi-

1998 1375 2260 1432 deamur?
2294 1373 2426 1428 Nam
2454 1388 2642 1442 rapere
2672 1381 2728 1430 et
2751 1371 2926 1428 aliena
2953 1381 3215 1440 expetere
3237 1385 3343 1427 non
3386 1367 3452 1424 ad
3490 1370 3591 1423 lio-

1998 1467 2200 1522 miuum
2241 1464 2727 1528 mansuetudinem,
2761 1462 2857 1519 sed
2901 1462 2968 1520 ad
3009 1463 3240 1520 terarum
3285 1461 3594 1516 immanita-

2000 1567 2106 1616 tem
2132 1557 2396 1629 pertinet;
2432 1556 2538 1611 imo
2566 1553 2693 1611 feris
2720 1555 3016 1610 deteriores
3041 1563 3168 1610 sunt
3189 1553 3281 1628 qui
3309 1553 3480 1609 aliena
3509 1551 3596 1607 in-

2001 1650 2224 1706 vadunt.
2255 1647 2410 1704 Feris.
2434 1662 2664 1718 namque
2691 1645 2741 1702 id
2768 1661 2803 1701 a
2828 1664 2858 1701 ιι
2877 1655 3014 1700 itura
3049 1645 3274 1702 inditum
3313 1653 3403 1700 est
3428 1663 3442 1699 :
3488 1657 3595 1699 nos

1998 1753 2175 1798 autem
2207 1740 2295 1812 qui
2325 1740 2537 1795 ratione
2553 1739 2726 1795 ornati
2753 1752 2957 1801 sumus,
2981 1745 3038 1794 et
3057 1745 3252 1806 praeter
3272 1746 3513 1794 naturam
3540 1736 3595 1788 in

2000 1833 2386 1905 ignobilitatem
2415 1829 2738 1896 delabimur,
2768 1845 2870 1902 qua
2911 1828 3150 1884 fruemur
3176 1827 3375 1883 venia?
3400 1825 3597 1883 Consi-

1997 1927 2255 1983 derautes
2281 1925 2438 1995 igitur
2470 1921 2754 1994 propositae
2794 1921 2952 1978 nobis
2989 1919 3341 1990 philosophia:
3367 1932 3594 1974 mensu-

1998 2032 2122 2081 ras,
2156 2017 2350 2074 saltem
2378 2014 2445 2070 ad
2477 2013 2652 2069 media
2703 2013 3098 2083 perveniamus,
3146 2021 3203 2066 ut
3241 2020 3296 2066 et
3337 2025 3368 2063 a
3412 2008 3597 2064 futuro

1998 2110 2259 2182 supplicio
2283 2109 2595 2175 liberemur,
2623 2115 2678 2162 et
2711 2107 2980 2178 progressi
3021 2105 3090 2160 ad
3129 2119 3299 2175 ipsum
3331 2103 3596 2160 bonorum

1998 2202 2210 2258 culmen
2231 2200 2585 2256 ascendamus
2612 2218 2626 2254 :
2652 2214 2772 2268 quae
2795 2197 2972 2254 omnia
2994 2197 3196 2253 utinam
3219 2211 3592 2266 assequamur,

1999 2294 2172 2364 gratia
2201 2301 2257 2350 et
2285 2290 2612 2362 benignitate
2653 2288 2863 2346 Domini
2904 2289 3072 2346 nostri
3101 2287 3228 2344 .Icsu
3255 2287 3476 2355 Christi,
3505 2287 3598 2344 cui

2001 2383 2178 2455 gloria
2203 2393 2256 2438 et
2282 2382 2562 2452 imperium
2589 2382 2646 2436 in
2673 2380 2869 2438 saecula
2897 2380 3239 2438 smculorum.
3266 2381 3458 2434 Amen.

3414 2488 3598 2506 ’ἡ

1437 2549 1783 2613 HOMILIA
1825 2550 2039 2612 XXII.
2071 2549 2159 2614 al.
2214 2547 2455 2610 XXIII.

313 2685 436 2744 Str.
489 2683 542 2738 ti.
576 2699 628 2736 v.
655 2681 746 2740 9.8.
803 2679 1127 2737 Considerate
1165 2677 1275 2738 lilia
1305 2679 1418 2753 agri
1449 2719 1468 2748 ,
1496 2677 1749 2748 quomodo
1801 2693 1901 2732 ore

379 2784 566 2838 scunt;
604 2790 705 2826 non
732 2771 962 2826 laborant
992 2812 1008 2838 ,
1038 2786 1195 2840 neque
1234 2780 1371 2824 naut.
1403 2768 1531 2824 Dico
1557 2777 1724 2823 autem
1762 2769 1906 2822 vobis

377 2865 616 2937 quoniam
644 2879 734 2918 nec
757 2862 1004 2916 Solomon
1029 2861 1080 2916 in
1109 2860 1247 2916 omni
1271 2860 1437 2932 gloria
1460 2875 1554 2915 sua
1572 2860 1772 2916 vestitus
1792 2870 1910 2915 erat.

385 2959 514 3014 sicut
540 2973 693 3010 unum
715 2971 778 3010 ex
803 2955 928 3009 istis.

381 3051 435 3106 L
464 3048 567 3105 Cur
600 3047 828 3103 Christus
877 3045 1056 3100 moluit
1085 3045 1253 3101 hlium.
1301 3043 1354 3098 in
1394 3043 1682 3110 exemplum
1710 3042 1898 3118 etiam

311 3159 461 3214 qnam
485 3141 757 3198 animalia.
773 3139 850 3194 De
875 3139 1000 3193 luam
1020 3138 1229 3192 uestium
1251 3137 1507 3207 superbire
1524 3153 1677 3206 quam
1693 3153 1896 3190 uanum.

310 3233 672 3291 Creatttrarum
695 3231 1021 3302 pulchritudo
1046 3229 1347 3301 sapientiam
1395 3227 1489 3284 Dei
1532 3229 1800 3299 praedicat.
1826 3259 1898 3270 —

311 3323 598 3391 Postquam
639 3319 706 3376 de
744 3320 1052 3380 necessario
1081 3319 1202 3375 cibo
1232 3318 1412 3386 dixit,
1443 3327 1499 3374 et
1525 3319 1766 3375 ostendit
1790 3335 1894 3376 non

309 3425 560 3483 Oportere
585 3413 650 3468 de
677 3413 766 3468 illo
787 3412 1044 3467 sollicitos
1072 3425 1209 3476 esse,
1238 3410 1305 3466 ad
1331 3411 1530 3467 leviora
1559 3411 1766 3466 transit.
1789 3410 1898 3467 Ne-

309 3520 413 3574 que
439 3504 581 3562 enim
609 3504 678 3560 ita
711 3504 1008 3559 necessaria
1036 3503 1316 3567 vestisest,
1345 3513 1404 3557 ut
1429 3502 1764 3559 alimentum.
1791 3503 1899 3560 Cur

309 3597 490 3668 itaque
516 3595 613 3652 hic-
632 3595 948 3660 noneodem
981 3593 1411 3666 utituresemplo
1440 3595 1718 3652 volucrum
1749 3635 1766 3661 ,
1796 3611 1896 3652 nee

308 3703 413 3758 qpe
441 3685 594 3742 affert
621 3686 776 3743 nobis
807 3700 1076 3755 pavonem
1098 3726 1114 3751 ,
1144 3695 1237 3741 aut
1261 3699 1488 3756 cycnum
1523 3725 1548 3750 ,
1572 3694 1664 3740 aut
1691 3700 1846 3743 ovem
1873 3686 1906 3740 ?'

311 3777 443 3833 Nam
488 3777 713 3846 plurima
769 3776 893 3832 hinc
941 3776 1189 3846 exempla
1234 3776 1462 3830 mutuari
1509 3775 1719 3832 licebat.
1763 3775 1897 3843 Quia

313 3872 560 3942 utrinque
581 3872 655 3926 rei
685 3870 1101 3942 magnitudinem
1131 3869 1242 3924 vult
1267 3869 1552 3926 ostendere
1576 3911 1591 3936 ,
1623 3879 1734 3924 tum
1759 3886 1790 3924 a
1820 3869 1905 3924 νίς

311 3963 459 4019 [tmte
487 3976 670 4016 eorum
700 3977 819 4032 qua:
851 3969 996 4016 tanto
1023 3963 1218 4016 decore
1241 3957 1462 4030 fulgent,
1495 3969 1603 4014 tum
1633 3959 1701 4015 ab
1723 3959 1900 4016 ex.cel-.

314 4053 475 4108 lentia
507 4059 727 4109 ornatus
758 4051 880 4106 liliis
909 4052 1113 4107 tributi.
1146 4050 1269 4106 Ideo
1314 4061 1592 4122 postquam
1632 4051 1771 4106 hanc
1796 4050 1895 4108 de-

314 4129 657 4215 scriptionem
685 4142 1044 4208 concinnavit,
1066 4157 1177 4197 non
1192 4143 1419 4212 amplius
1443 4142 1550 4200 lilia
1577 4153 1734 4198 vocat
1759 4143 1894 4214 ipsa,

312 4235 405 4291 sed
442 4234 530 4290 50.
564 4233 778 4290 anum
817 4234 948 4309 agri.
991 4233 1175 4304 Neque
1221 4233 1322 4289 hoc
1363 4235 1578 4292 nomine
1615 4243 1896 4290 contentus

313 4336 414 4390 cst,
442 4325 533 4380 sed
563 4325 718 4378 aliam
741 4325 922 4394 adjicit
938 4325 1214 4389 vilitatem,
1238 4325 1439 4392 dicens,
1464 4325 1614 4391 Quod
1637 4327 1786 4385 hodie
1801 4337 1892 4382 est.

311 4415 492 4485 Neque
521 4415 687 4482 addit,
719 4415 852 4470 Cras
877 4425 1101 4475 nonest.
1130 4417 1223 4474 sed
1251 4416 1388 4488 quod
1409 4417 1568 4488 longe
1595 4417 1750 4473 vilius
1782 4458 1798 4483 ,
1826 4417 1903 4473 In

309 4511 560 4566 clibanum
591 4510 823 4563 mittitur.
851 4507 1031 4581 Neque
1057 4509 1368 4580 simpliciter
1386 4511 1538 4577 dixit,
1565 4509 1760 4577 Vetuit,
1777 4511 1898 4579 sed,

314 4601 406 4656 Sic
423 4600 580 4654 vestit.
612 4599 772 4654 Vides
794 4599 991 4668 ubique
1016 4601 1210 4656 multos
1239 4599 1306 4654 ad
1330 4600 1582 4658 ulteriora
1608 4609 1662 4657 et
1690 4600 1891 4669 majora

314 4706 628 4764 progressus
656 4692 678 4744 ?
706 4690 760 4745 Id
792 4705 950 4761 porro
979 4691 1085 4761 agit
1126 4701 1186 4746 ut
1211 4693 1330 4748 illos
1356 4693 1674 4764 perstringat
1707 4711 1718 4746 :
1751 4693 1898 4748 idco-

312 4800 418 4856 que
447 4782 741 4853 sulijunxit,
773 4781 974 4850 Quanto
1005 4784 1164 4853 magis
1191 4799 1277 4836 vos
1308 4784 1341 4838 ?-
1379 4781 1511 4839 Illud
1541 4785 1736 4855 quippe
1781 4799 1890 4840 ma-

309 4893 466 4947 gnam
489 4874 784 4947 emphasim
816 4875 1070 4934 continet.
1088 4875 1372 4942 Nam,Vos,
1391 4877 1521 4933 nihil
1549 4877 1690 4934 aliud
1711 4878 1895 4934 subin-

319 4974 484 5040 licat,
516 4989 679 5042 quam
710 4973 882 5042 ipsum
909 4988 1079 5043 genus
1107 4973 1401 5028 humanum
1433 4991 1628 5046 magno
1657 4974 1862 5036 honore
1876 5016 1909 5048 ι

311 5077 504 5133 magna
541 5080 670 5119 cura
707 5064 986 5136 dignatum
1025 5063 1192 5120 fuisse
1227 5082 1239 5118 :
1278 5080 1342 5122 ac
1373 5065 1418 5120 si
1455 5067 1664 5124 diceret
1703 5085 1718 5123 :
1757 5066 1896 5136 Vos,

309 5157 508 5222 quibus
541 5157 776 5211 animam
809 5156 988 5224 dedit,
1017 5157 1214 5226 quibus
1245 5172 1442 5229 corpus
1473 5157 1814 5229 eilbrmavit,
1832 5163 1899 5217 ad

309 5262 538 5315 quorum
573 5262 731 5302 usum
765 5250 1000 5305 visibilia
1029 5253 1209 5307 omnia
1245 5252 1488 5321 creavit,
1514 5263 1734 5329 propter
1763 5269 1901 5327 quos

310 5338 602 5408 prophetas
640 5341 788 5396 misit
821 5351 876 5396 et
911 5342 1081 5412 legem
1116 5345 1292 5412 dedit,
1328 5346 1723 5416 inumneraque
1758 5348 1908 5404 bona

309 5432 582 5501 contulit;
601 5445 819 5502 propter
841 5451 980 5506 quos
1003 5439 1334 5508 unigenitum
1360 5427 1553 5496 Filﬂ’nn
1578 5440 1820 5506 tradidit,
1845 5450 1901 5495 et

310 5525 479 5579 millia
508 5541 606 5596 per
634 5526 808 5596 ipsum
839 5544 1062 5584 munera
1095 5531 1317 5602 largitus
1343 5540 1426 5587 est
1449 5531 1488 5586 ¹ι.
1521 5531 1590 5586 Et
1614 5539 1896 5601 postquam

373 5665 391 5696 ί
411 5663 510 5737 ilic
543 5664 786 5737 articulus
825 5667 1020 5737 phrasis
1029 5703 1054 5737 ,Α
1087 5671 1134 5720 et
1163 5666 1424 5720 Μηίων...
1469 5666 1675 5734 largitus
1709 5673 1784 5719 est
1845 5669 1896 5719 in

310 5726 504 5779 duobus
538 5735 729 5779 tantum
759 5726 899 5782 codd.
937 5726 1146 5793 legitur.

2007 2676 2121 2734 haec
2149 2676 2294 2733 clare
2322 2675 2632 2732 ostenderat
2653 2717 2673 2740 .
2715 2684 2840 2732 tunc
2882 2674 2998 2732 illos
3055 2674 3332 2743 increpat,
3361 2671 3548 2728 dicens
3581 2690 3598 2726 :

2009 2769 2230 2829 Modica!
2251 2769 2390 2839 ﬁdei.
2418 2769 2566 2825 Talis
2592 2769 2790 2839 quippe
2815 2777 2898 2824 est
2917 2768 3005 2839 qui
3036 2767 3259 2824 consilia
3289 2779 3384 2822 sua
3413 2765 3608 2825 oll'ert:

2007 2871 2284 2933 postquam
2308 2877 2420 2918 rem
2445 2862 2590 2917 clare
2606 2861 3007 2922 demonstravit,
3023 2875 3128 2916 non
3146 2857 3306 2914 modo
3327 2858 3599 2924 hortatur,

2005 2953 2098 3011 sed
2124 2954 2283 3009 etiam
2312 2954 2516 3024 pungit,
2545 2963 2602 3008 ut
2629 2953 2795 3022 magis
2836 2952 2902 3010 ad
2934 2951 3226 3023 parendum
3257 2951 3412 3007 dictis
3437 2950 3600 3008 exci-

2005 3055 2099 3104 tet.
2134 3046 2231 3104 His
2256 3057 2434 3103 autem
2467 3061 2564 3101 nos
2593 3046 2751 3102 docet
2777 3059 2884 3102 non
2909 3045 3071 3102 modo
3093 3055 3147 3100 ut
3175 3059 3246 3099 ne
3269 3043 3480 3100 solliciti
3508 3044 3596 3099 si-

2004 3154 2141 3203 mus,
2165 3139 2256 3194 sed
2286 3147 2342 3193 ut
2369 3153 2436 3194 ne
2461 3137 2814 3194 admiratione
2855 3137 3130 3206 capiamur
3157 3151 3278 3193 cum
3306 3133 3602 3205 magniﬁca

2007 3228 2322 3286 vestimenta
2362 3229 2743 3298 conspicimus.
2785 3226 2917 3282 Nam
2945 3226 3031 3281 hic
3057 3225 3219 3282 decor
3243 3225 3432 3281 ﬂorum
3460 3233 3552 3280 est
3579 3267 3602 3290 ,

2008 3319 2402 3391 herbarumque
2424 3318 2761 3390 pulchritudo
2788 3334 2805 3384 ;
2833 3320 2940 3374 imo
2975 3317 3260 3393 pretiosius
3288 3317 3484 3374 foenum
3505 3325 3599 3374 est

2007 3415 2109 3469 hoc
2137 3413 2479 3468 vestimento.
2498 3411 2637 3480 Quid
2671 3411 2833 3482 igitur
2855 3427 3104 3482 maguum
3131 3411 3278 3492 sapis
3304 3410 3373 3468 de
3399 3425 3458 3465 re
3481 3451 3497 3476 ,
3533 3409 3594 3465 in

2004 3519 2107 3574 qua
2132 3503 2200 3559 ab
2229 3502 2400 3560 herba.
2441 3501 2601 3573 longe
2634 3503 2954 3574 superaris?
2985 3503 3049 3560 Et
3089 3503 3209 3558 vide
3251 3501 3518 3574 quomodo
3561 3517 3600 3557 ι

2005 3597 2266 3668 principio
2295 3605 2620 3668 praeceptum
2668 3597 2787 3652 leve
2827 3595 3087 3667 facileque
3129 3609 3250 3652 esse
3293 3593 3541 3650 ostendat
3574 3636 3598 3662 ,

2003 3687 2130 3744 dum
2164 3689 2283 3744 illos
2311 3703 2525 3743 rursum
2561 3702 2592 3742 a
2618 3687 2902 3746 contrariis
2944 3696 3000 3744 et
3025 3686 3095 3742 ab
3122 3687 3190 3742 iis
3211 3701 3332 3757 qure
3357 3685 3600 3740 maxime

2009 3781 2218 3848 timent,
2243 3779 2476 3838 deducit.
2505 3781 2638 3836 Cum
2660 3780 2802 3836 enim
2831 3780 3055 3836 dixisset
3073 3821 3088 3847 ,
3127 3779 3451 3834 Considerate
3477 3777 3596 3832 litis

2003 3873 2115 3948 agri
2141 3913 2167 3940 ,_
2198 3872 2475 3942 subiunxit
2505 3890 2518 3927 :
2553 3871 2676 3927 Non
2707 3872 2960 3929 laborant.
2994 3872 3176 3942 Itaque
3205 3886 3301 3926 nos
3325 3885 3356 3924 a
3386 3869 3593 3925 labori-

2004 3963 2104 4020 bus
2121 3964 2332 4034 eripere
2373 3965 2594 4031 volens,
2625 3964 2740 4024 hate
2784 3964 3058 4034 praecepit.
3098 3962 3213 4018 l\'on
3253 3977 3382 4032 ergo
3437 3961 3597 4018 labor

2005 4054 2102 4112 has
2122 4070 2208 4111 res
2231 4072 2338 4111 non
2365 4071 2555 4112 curare
2579 4098 2596 4122 ,
2622 4055 2716 4114 sed
2745 4071 2934 4119 curare
2957 4065 3013 4114 et
3039 4055 3324 4116 Sollicitum
3349 4069 3488 4112 esse.
3509 4057 3604 4114 Ac

2003 4147 2450 4218 quemadmodum
2475 4163 2594 4203 cum
2616 4147 2770 4212 dixit,
2797 4147 2917 4202 Non
2945 4157 3136 4211 serunt,
3154 4161 3261 4204 non
3292 4155 3596 4204 sementem

2001 4239 2232 4306 sustulit,
2261 4238 2356 4295 sed
2382 4253 2566 4294 curam
2596 4239 2812 4294 nimiam
2845 4255 2859 4293 :
2888 4239 2963 4295 sic
2985 4254 3107 4294 cum
3153 4240 3261 4304 ait,
3296 4236 3417 4292 Non
3446 4237 3600 4294 labo-

2000 4342 2137 4395 rant,
2155 4347 2314 4402 neque
2337 4341 2476 4398 nent,
2495 4346 2601 4386 non
2627 4346 2760 4404 opus
2778 4332 3018 4399 sustulit,
3036 4330 3131 4388 sed
3152 4330 3595 4390 sollicitudinem.

2000 4422 2055 4482 Si
2083 4433 2270 4479 autem.
2292 4423 2554 4480 Salomon
2579 4423 2790 4486 illorum
2819 4424 3015 4480 decore
3040 4434 3325 4496 superatus
3344 4432 3429 4480 est
3448 4464 3464 4490 ,
3489 4439 3595 4480 ne-

2002 4531 2108 4588 que
2133 4515 2298 4576 semel
2329 4524 2421 4575 aut
2461 4514 2546 4574 bis
2571 4557 2587 4582 ,
2639 4516 2734 4571 sed
2769 4531 2865 4586 per
2897 4525 3066 4577 totum
3096 4516 3245 4586 regni
3267 4516 3350 4571 sui
3376 4526 3596 4593 tempus

2003 4607 2202 4681 (neque
2227 4609 2369 4662 enim
2396 4617 2571 4679 potest
2595 4609 2714 4679 quis
2737 4609 2914 4665 dicere
2943 4610 3116 4678 ipsum
3147 4623 3288 4664 nunc
3315 4609 3412 4676 sic,
3442 4623 3606 4667 nunc

2000 4697 2105 4755 alio
2141 4698 2301 4756 modo
2336 4699 2577 4754 indutum
2606 4700 2772 4756 fuisse
2801 4717 2816 4763 ;
2846 4699 2941 4755 sed
2981 4715 3156 4770 neque
3185 4715 3292 4756 uno
3319 4699 3408 4757 die
3437 4708 3602 4757 tanto.

2001 4792 2196 4850 decore
2219 4792 2366 4848 fulsit
2398 4812 2412 4848 :
2441 4793 2493 4847 id
2515 4795 2657 4849 enim
2693 4794 2944 4849 indicavit
2967 4793 3150 4849 dicens
3174 4835 3190 4861 ,
3209 4791 3276 4848 In
3301 4803 3404 4850 toto
3430 4811 3596 4865 regna

1999 4882 2140 4954 suo),
2171 4897 2342 4958 neque
2370 4883 2469 4940 uni
2486 4892 2690 4940 tantum
2713 4883 2829 4946 ﬂori
2853 4885 3047 4952 cessit,
3065 4883 3300 4948 alterum.
3311 4899 3440 4939 vero
3467 4883 3591 4942 imi.

2001 4983 2142 5032 tatus
2161 4985 2276 5042 est,
2295 4975 2391 5030 sed
2416 4977 2665 5034 onuiibus
2683 4977 2850 5032 simul
2871 4977 3032 5034 cessit
3055 4976 3400 5048 (quapropter
3427 4976 3590 5044 dixit.

2000 5066 2146 5120 Sicut
2171 5082 2328 5122 unum
2355 5082 2419 5122 ex
2456 5067 2567 5122 istis
2592 5083 2611 5121 :
2637 5075 2893 5138 quantum
2940 5069 3082 5128 enim
3118 5067 3282 5126 distat
3327 5069 3531 5123 veritas
3555 5085 3591 5123 ει

1997 5155 2295 5225 mendacio,
2325 5165 2525 5213 tantum
2545 5167 2628 5214 est
2652 5159 2792 5220 inter
2813 5147 3123 5221 vestimenta
3159 5158 3247 5214 illa
3282 5167 3338 5214 et
3361 5158 3462 5214 bos
3485 5157 3590 5212 llo~

1999 5263 2088 5308 res
2113 5249 2469 5320 intervaltum)
2494 5268 2508 5305 :
2527 5250 2574 5306 si
2599 5264 2728 5321 ergo
2754 5251 2846 5306 ille
2865 5264 2927 5307 se
2949 5251 3150 5309 victum
3173 5249 3450 5310 confessus
3474 5257 3588 5318 est,

1998 5340 2236 5398 omnium
2273 5341 2362 5409 qui
2394 5356 2644 5412 umquam
2668 5341 2820 5398 fuere
2846 5357 3032 5412 regum
3065 5341 3539 5412 splendidissimus
3565 5380 3586 5406 ,

1997 5433 2334 5504 quandonant
2363 5441 2417 5489 tu
2434 5433 2646 5490 vincere
2672 5433 2872 5504 poteris
2895 5473 2911 5500 ,
2940 5441 3033 5488 aut
3060 5433 3127 5488 ad
3157 5431 3306 5490 illum
3329 5431 3587 5488 decorem

2005 5522 2086 5575 vel
2113 5523 2376 5580 tantillum
2406 5525 2662 5584 accedere
2689 5526 2712 5578 ?
2741 5525 2876 5584 Hinc
2911 5541 3009 5581 nos
3049 5525 3277 5582 instituit
3302 5534 3358 5580 ut
3386 5541 3454 5580 ne
3485 5524 3590 5580 hu-

1995 5613 2228 5683 iusmodi
2271 5623 2524 5673 decorem
2561 5633 2810 5690 umquam
2838 5617 3159 5674 ambiamus.
3194 5616 3327 5676 Vide
3368 5609 3590 5688 «ει-ευθ-

1998 5720 2123 5764 neut
2145 5703 2261 5775 eius
2286 5720 2301 5758 ε
2331 5716 2457 5778 post
2470 5707 2769 5777 victoriam,
2794 5709 2846 5764 in
2870 5708 3146 5767 clibanum
3158 5707 3405 5766 mittitur.
3425 5706 3583 5778 Quod
