3868 6182
140 351 225 407 501

139 473 177 526 si
198 483 319 539 erga
344 466 537 523 istme
561 473 618 520 ct
644 462 710 518 ad
738 460 935 517 nullius
960 458 1216 513 momenti
1245 471 1396 510 usum
1441 456 1587 509 Deus
1607 463 1723 508 tan-

139 574 235 617 tam
261 560 487 617 exhibet
510 556 934 628 providentiam,
965 550 1237 622 quomodo
1268 560 1320 605 te
1350 550 1582 618 negliget
1606 562 1722 601 om-

138 657 270 709 nimu
316 651 559 706 maxime
588 648 950 703 necessarium
980 641 1221 698 animal?
1247 640 1423 708 Quare
1459 653 1588 707 ergo
1613 647 1719 691 tam

137 745 349 816 pulchra
378 742 506 797 fecit
530 741 617 796 illa
644 740 669 792 ἲ
691 738 759 795 Ut
784 752 936 791 suam
960 734 1270 789 ostenderet
1294 731 1633 802 sapientiam,
1666 737 1721 783 et

138 844 233 897 vim
259 837 520 909 polentia:
545 849 657 889 sua:
686 874 700 898 ,
730 847 836 902 quo
860 829 1095 898 undique
1120 827 1236 897 ejus
1261 826 1483 896 gloriam
1511 822 1720 878 edisca-

135 948 266 989 mus.
294 930 484 999 Neque
513 926 656 982 enim
685 923 808 978 ϐα»Ιὶ
854 930 1055 975 tantum
1093 928 1332 973 enarrem
1376 914 1593 987 gloriam
1622 913 1720 967 Dei

139 1029 154 1097 (
183 1025 325 1079 Psal.
359 1022 455 1077 18.
485 1020 581 1091 2),
628 1016 721 1072 sed
776 1016 937 1071 etiam
984 1023 1124 1067 terra
1158 1032 1170 1067 :
1201 1010 1359 1081 idque
1414 1007 1717 1077 signiﬁcans

139 1116 286 1173 David
314 1113 531 1168 dicebat
555 1129 567 1163 :
600 1108 830 1162 Landate
857 1104 1154 1167 Dominum,
1188 1103 1327 1172 ligna
1354 1099 1637 1169 fructifera,
1669 1106 1717 1150 et

137 1225 292 1265 eomes
317 1202 499 1275 cedri(
532 1201 677 1255 Psal.
707 1200 831 1255 M8.
862 1198 895 1253 9
925 1199 963 1265 ).
994 1194 1110 1250 Alia
1134 1194 1276 1248 enim
1324 1207 1416 1261 per
1445 1191 1670 1243 fructum
1697 1227 1712 1252 ,

137 1304 223 1357 alia
245 1316 342 1371 per
363 1294 808 1366 magnitudinem,
832 1289 932 1342 alia
958 1303 1052 1357 per
1082 1282 1527 1356 pulchritudinem
1554 1277 1715 1334 Crea-

140 1395 225 1448 tori
247 1368 467 1444 laudem
492 1384 765 1441 emittunt.
792 1380 993 1446 Magna:
1028 1392 1241 1446 quoque
1281 1372 1410 1429 illud
1438 1368 1714 1440 sapientiai

139 1494 207 1540 est
229 1492 280 1537 et
312 1476 595 1551 potestatis
620 1476 849 1544 signum,
881 1486 1002 1525 cum
1027 1470 1188 1524 etiam
1216 1482 1278 1521 ea
1308 1482 1428 1536 qua:
1458 1462 1713 1518 vilissima

140 1588 248 1634 sunt
276 1573 429 1645 (quid
460 1571 603 1627 enim
627 1569 785 1622 vilius
816 1565 906 1619 illo
925 1562 1065 1634 quod
1089 1561 1247 1618 hodie
1271 1573 1377 1624 est,
1409 1573 1530 1613 cras
1551 1556 1714 1610 mini-

142 1674 257 1730 ιιιιεῖ
283 1672 302 1741 )
332 1680 477 1723 tanta
500 1666 723 1721 decorat
768 1659 1177 1731 pulchritudine.
1230 1656 1285 1711 Si
1333 1654 1492 1725 igitur
1528 1651 1672 1706 freno
1695 1689 1713 1714 ,

142 1763 264 1834 quod
294 1760 497 1815 nullius
537 1770 666 1810 usus
694 1762 779 1807 est
803 1794 819 1815 ,
878 1750 929 1805 id
977 1747 1206 1812 dederit,
1238 1744 1386 1816 (quid
1415 1744 1560 1798 enim
1599 1741 1716 1811 pul-

142 1853 371 1911 tbritudu
393 1851 511 1919 ejus
538 1847 606 1901 ad
629 1846 764 1917 ignis
787 1843 1101 1897 alimentum
1122 1838 1336 1895 confert
1365 1837 1416 1906 ?)
1441 1834 1716 1905 quomodo

143 1944 351 2015 tibi,qui
380 1957 518 2011 opus
548 1938 737 2003 habes,
760 1950 865 1989 non
887 1933 1033 1988 dabit
1056 1934 1080 1986 ?
1104 1931 1159 1987 Si
1188 1929 1330 2000 quod
1358 1928 1597 1983 omnium
1630 1927 1709 1980 vi-

141 2039 388 2094 IISSIIIIIIIII
417 2042 501 2089 est
526 2028 861 2086 abundanter
886 2025 1129 2085 ornavit,
1176 2032 1229 2077 et
1255 2021 1358 2075 hoc
1383 2033 1489 2073 non
1518 2017 1584 2072 ad
1608 2017 1709 2070 ali-

140 2146 282 2201 quem
320 2143 477 2181 usuin
497 2166 514 2191 ,
540 2121 637 2178 sed
659 2120 725 2175 ad
753 2116 1199 2188 magniﬁcentiam
1230 2154 1245 2179 ,
1274 2111 1443 2166 ntullo
1469 2109 1637 2177 magis
1660 2118 1711 2162 te

141 2224 363 2279 omnium
390 2215 840 2291 pretiosissimum
871 2211 925 2265 in
952 2208 1017 2264 iis
1049 2247 1066 2275 ,
1097 2223 1214 2278 qua:
1254 2203 1319 2259 ad
1362 2217 1517 2257 usum
1550 2198 1713 2270 perti-

141 2327 274 2383 nent,
304 2311 615 2369 honorabit.

196 2412 248 2466 Ξ.
279 2408 547 2479 Quoniam
579 2402 743 2474 igitur
774 2398 995 2453 multam
1025 2391 1258 2449 ostendit
1292 2389 1387 2445 Dei
1424 2384 1713 2459 providen-

142 2506 272 2565 tiam,
298 2510 356 2555 et
380 2500 661 2565 increpare
706 2492 825 2546 illos
851 2495 1034 2559 postea
1066 2482 1351 2555 oportebat
1372 2522 1388 2548 ,
1418 2479 1504 2533 hic
1531 2486 1708 2532 tamen

137 2598 341 2651 lenitate
364 2594 534 2647 utitur
553 2630 569 2656 ,
604 2603 708 2642 non
737 2581 1162 2639 incredulitatem
1188 2619 1202 2641 ,
1234 2575 1328 2656 sed
1357 2573 1618 2629 modicam
1644 2570 1707 2624 Ii-

134 2692 241 2746 dem
259 2688 366 2742 illis
393 2688 687 2755 imputaus.
720 2679 783 2735 Si
807 2677 939 2732 enim
967 2675 1157 2745 [mttunt
1181 2670 1293 2741 agri
1304 2651 1329 2732 ’,
1358 2668 1545 2737 inquit,
1576 2664 1710 2717 Deus

132 2786 195 2838 sic
223 2780 387 2843 vestit,
428 2776 593 2831 multo
621 2773 780 2844 magis
832 2786 939 2835 vos,
983 2765 1193 2820 modica:
1239 2762 1377 2830 ﬁdei.
1405 2759 1563 2828 Atqui
1593 2757 1707 2811 huic

133 2876 291 2931 omnia
321 2876 439 2943 ipse
460 2876 729 2939 operatur;
752 2878 872 2917 nam
898 2859 1083 2914 Omnia
1108 2874 1196 2928 per
1219 2857 1385 2924 ipsum
1410 2857 1543 2923 [acta
1569 2859 1706 2911 sunt,

131 2980 170 3022 et
191 2969 295 3021 sine
319 2939 436 3035 ipso
464 2966 657 3033 factum
677 2953 896 3013 estnihil
917 2951 1099 3021 (Joan.
1129 2950 1179 3004 I.
1210 2949 1545 3013 5):attamen
1577 2939 1707 2994 nihil

131 3030 429 3133 usquam-de
445 3030 506 3110 se
516 3055 919 3109 commemorat.
940 3040 1244 3099 Sufﬂciebat
1259 3038 1398 3093 enim
1413 3033 1627 3089 interim
1640 3030 1708 3085 ad

130 3122 592 3208 demonstrandam
613 3140 984 3197 auctoritatem
1014 3148 1163 3190 suam
1189 3173 1205 3198 ,
1233 3129 1375 3199 quod
1398 3127 1610 3181 diceret
1637 3122 1706 3177 ad

129 3244 323 3314 singula
362 3247 631 3312 prmcepta
661 3252 675 3288 :
703 3230 928 3286 Audistis
965 3226 1082 3296 quia
1111 3224 1298 3277 dictum
1334 3226 1407 3273 est
1447 3214 1705 3286 antiquis;

129 3304 411 3409 ρςοναιιιεὶη
440 3304 557 3385 duo
585 3328 722 3382 vobis
766 3323 980 3394 (Matth.
1020 3313 1309 3376 5.21.21
1340 3311 1473 3381 sqq.)
1514 3304 1709 3409 Neita-

128 3398 219 3501 uite
240 3428 458 3483 mireris
478 3436 603 3482 cum
630 3421 685 3476 in
707 3414 1068 3484 sequentibus
1083 3428 1206 3471 sese
1227 3408 1585 3473 occultat,aut
1608 3398 1709 3455 hu-

129 3493 246 3577 mile
267 3523 550 3595 quidpiam
578 3519 645 3573 de
671 3531 729 3569 se
755 3511 1012 3581 loquitur.
1047 3504 1220 3561 Unum
1253 3501 1451 3571 quippe
1492 3493 1709 3550 interim

128 3621 361 3683 curabat,
395 3626 454 3671 ut
475 3618 726 3680 acceptus
750 3615 806 3661 et
824 3599 1111 3675 probabilis
1137 3597 1242 3653 illis
1267 3607 1447 3649 sermo
1466 3597 1630 3655 esset,
1645 3600 1711 3640 ac

131 3732 221 3786 per
246 3712 431 3769 omnia
459 3704 788 3766 ostenderet,
819 3713 879 3753 se
905 3711 1010 3750 non
1039 3706 1159 3749 esse
1182 3691 1291 3745 Deo
1319 3682 1707 3745 adversarium,

130 3770 215 3865 ξω
250 3822 377 3862 cum
425 3803 587 3858 Patre
622 3791 1048 3852 consentientem
1095 3794 1151 3839 et
1186 3778 1531 3837 concordem.
1558 3770 1710 3840 Quod

131 3902 280 3954 etiam
330 3896 422 3950 hic
466 3892 611 3945 facit.
642 3888 771 3943 Post
797 3890 873 3939 tot
900 3880 1042 3936 enim
1088 3886 1369 3931 sermones
1406 3868 1714 3936 frequenter

133 3994 270 4046 illum
297 3991 353 4043 in
378 3985 614 4041 medium
639 3976 878 4039 adducit,
905 3970 1174 4027 adnuimus
1202 3967 1319 4035 ejus
1344 3960 1658 4031 sapientiam
1691 3996 1707 4021 ,

135 4080 523 4155 providentiam
547 4078 599 4128 in
625 4069 875 4129 omnibus
899 4108 915 4132 ,
940 4065 992 4119 in
1014 4059 1306 4130 majoribus
1332 4064 1387 4111 et
1413 4054 1464 4108 in
1489 4050 1712 4105 minori-

136 4148 245 4233 illis.
274 4175 408 4231 Nam
430 4185 552 4226 cum
575 4168 643 4222 de
667 4161 1003 4232 Jerosolyma
1033 4155 1267 4216 diceret,
1309 4148 1578 4203 civitatem
1604 4155 1718 4195 ma-

135 4271 214 4341 gni
237 4266 562 4338 regisipsam
593 4255 797 4312 vocavit
828 4270 844 4307 :
874 4262 1071 4306 etcum
1099 4244 1287 4300 caelum
1324 4248 1714 4294 commemora-

137 4323 212 4417 ζει
234 4403 249 4426 ,
290 4323 485 4414 solium
532 4351 625 4406 Dei
652 4343 941 4418 appellavit
967 4358 982 4394 :
1014 4346 1215 4393 etcum
1246 4333 1313 4387 de
1339 4328 1521 4385 mundi
1550 4323 1718 4379 admi—

138 4453 447 4509 nistratione
469 4444 631 4501 verba
659 4442 875 4501 faceret,
903 4433 1002 4503 ipsi
1026 4443 1235 4485 rursum
1266 4424 1443 4478 omnia
1463 4417 1718 4474 adscribit

138 4548 313 4602 dicens
336 4562 349 4597 :
377 4541 479 4610 Qui
503 4538 659 4593 solem
678 4548 825 4588 suunt
843 4527 965 4583 oriri
989 4524 1107 4596 facit
1127 4535 1277 4589 super
1298 4516 1457 4571 malos
1477 4526 1522 4568 et
1538 4513 1715 4576 bonos,

141 4655 182 4698 ct
222 4644 350 4714 pluit
384 4606 544 4709 *ληρεῖ
561 4636 732 4705 justas
755 4638 802 4684 et
840 4628 1055 4697 injustas
1085 4620 1103 4692 (
1135 4617 1273 4673 Ibid.
1304 4631 1354 4667 υ.
1385 4613 1453 4666 45
1486 4609 1527 4680 ).
1566 4608 1633 4661 Et
1660 4606 1721 4659 iu

142 4706 374 4791 oratione
403 4706 482 4785 sic
505 4728 687 4782 dicere
723 4719 906 4776 docuit
934 4735 947 4771 :
985 4715 1117 4781 Quia
1142 4711 1251 4780 ejus
1287 4714 1359 4760 est
1390 4716 1597 4772 regnum
1626 4738 1641 4762 ,
1672 4706 1719 4750 et

145 4789 375 4897 potentia,
393 4832 441 4876 et
461 4818 647 4891 gloria.
668 4814 763 4869 Hic
779 4824 988 4881 quoque
1008 4805 1080 4861 de
1098 4804 1238 4858 illius
1262 4793 1591 4870 providentia
1613 4789 1724 4891 dis-

146 5014 288 5067 ﬂcem
308 5024 450 5072 esse,
468 5006 564 5070 ait,
589 5002 807 5058 Fanum
828 4997 938 5068 agri
961 4992 1122 5049 vestit.
1140 4993 1215 5044 Ac
1233 4997 1491 5055 nusquam
1515 4990 1720 5051 patrem

146 5121 289 5159 suum
301 5108 477 5161 vocat,
492 5098 585 5152 sed
601 5096 814 5150 illorum
833 5110 846 5146 :
871 5098 927 5144 ut
940 5097 995 5143 et
1012 5088 1113 5141 hoc
1139 5082 1341 5137 honore
1364 5081 1723 5148 permoveret,

144 5206 190 5249 et
225 5209 345 5249 cum
387 5200 595 5263 patrem
635 5199 789 5240 suum
830 5189 1015 5251 postea
1040 5177 1282 5237 diceret,
1330 5185 1437 5225 non
1480 5165 1724 5233 indigna-

146 5297 337 5342 rentur.
360 5260 419 5339 Si
447 5296 578 5337 vero
604 5278 672 5333 de
701 5275 893 5329 vilibus
913 5281 965 5326 et
986 5265 1301 5325 necessariis
1313 5260 1595 5318 sollicitum
1607 5271 1725 5310 esse

148 5394 243 5432 non
270 5384 533 5447 oporteat,
546 5385 648 5443 qua
665 5364 1007 5423 excusatione
1022 5360 1164 5429 digni
1182 5365 1306 5412 sunt
1326 5354 1416 5425 qui
1437 5352 1505 5407 de
1525 5346 1727 5418 magni-

150 5469 256 5524 ﬁcis
280 5438 462 5525 curam
499 5438 730 5518 habent?
760 5459 867 5512 imo
891 5456 1063 5525 potius
1085 5468 1187 5520 qua
1217 5444 1559 5505 excusatione
1582 5438 1727 5509 digni

150 5574 286 5632 sunt,
314 5562 402 5635 qui
427 5572 535 5612 non
572 5552 865 5612 dormiunt,
886 5558 947 5603 ut
963 5548 1134 5601 aliena
1175 5545 1312 5598 bona
1333 5539 1542 5610 rapiant
1575 5534 1598 5588 ?
1636 5533 1727 5588 51.

156 5628 313 5707 Noliie
325 5628 444 5724 ergo
467 5649 670 5706 solliciti
688 5662 816 5712 esse,
833 5643 1053 5697 dicentes
1076 5654 1095 5692 :
1116 5636 1253 5704 Quid
1279 5628 1691 5687 ntanducabimus
1710 5664 1725 5688 ,

147 5747 359 5812 antqutd
380 5722 626 5807 hibernus,
648 5749 735 5793 aut
754 5754 853 5808 quo
874 5732 1193 5804 aperientur?
1210 5728 1295 5784 52.
1326 5725 1376 5780 11
1380 5741 1450 5779 (ιέ
1473 5722 1603 5777 enim
1622 5735 1729 5773 ont-

145 5839 225 5894 κὶα
245 5840 413 5892 mundi
433 5848 604 5905 gentes
634 5832 908 5901 itquiruut.
932 5814 1390 5893 Viden‘quomodo
1409 5827 1598 5872 rursus
1612 5814 1731 5871 illos

1116 337 1182 397 IN
1220 333 1626 396 MATTIIEUM
1668 334 1880 395 HOMIL
1916 335 2084 394 XXII.
2128 338 2199 393 al.
2242 336 2429 394 XXIII.

3307 338 3416 400 302

1832 464 1885 511 et
1909 455 2077 525 magis
2105 454 2456 525 increpaverit
2480 498 2495 519 .
2545 466 2600 511 et
2625 456 3009 530 declaravcrit,
3041 477 3098 519 se
3119 463 3253 520 nihil
3277 480 3403 519 oue-

1828 562 2009 602 rosum
2034 547 2115 600 vel
2141 548 2331 602 durum
2364 549 2685 618 pnecepisse
2714 551 2738 604 ἲ
2761 551 2909 607 Sicut
2935 553 3093 624 igitur
3116 570 3236 609 cum
3265 555 3402 612 dice-

1826 647 1905 693 ret
1928 679 1944 703 ,
1968 637 2031 694 Si
2065 639 2276 710 diligitis
2315 640 2579 711 diligentes
2629 656 2733 708 vos,
2764 643 2896 699 nihil
2938 662 3177 717 magnum
3202 649 3407 717 facitis,

1825 749 1945 787 nam
1972 743 2018 787 et
2036 734 2219 788 ethnici
2245 735 2339 789 hoc
2358 738 2555 808 faciunt
2580 736 2792 810 (Matth.
2821 740 2870 797 5.
2896 741 2987 797 46.
3013 742 3130 811 47),
3150 743 3217 798 ab
3230 742 3409 799 ethni~

1823 839 2010 880 corum
2034 828 2548 884 commemoratione
2575 829 2719 897 ipsos
2749 830 2816 886 ad
2852 832 3076 888 meliora
3116 834 3406 891 excitavit:

1821 916 1899 971 sic
1941 925 1996 971 et
2025 933 2167 972 nunc
2205 919 2325 973 illos
2369 920 2420 974 in
2470 920 2705 976 medium
2752 923 3007 991 adducit,
3041 928 3407 998 perstringens

1821 1023 1915 1063 eos
1935 1050 1950 1073 ,
1984 1017 2033 1063 et
2062 1010 2351 1064 ostendens
2374 1051 2387 1074 ,
2438 1025 2497 1065 se
2526 1014 2884 1069 necessarium
2913 1031 2942 1070 a
2972 1017 3125 1072 nobis
3168 1018 3408 1075 debitum

1820 1101 2051 1170 exigere.
2082 1100 2137 1155 Si
2159 1101 2300 1155 enim
2331 1102 2447 1171 plus
2473 1119 2630 1172 quam
2659 1106 2864 1161 scribas
2891 1117 2945 1161 et
2981 1107 3276 1164 Pharisreos
3314 1125 3409 1165 ex-

1821 1193 2004 1249 hibere
2028 1203 2271 1263 oporteat
2300 1234 2315 1258 ,
2362 1210 2463 1265 qua
2498 1211 2653 1265 paena
2698 1198 2841 1268 digni
2887 1200 3087 1255 erimus
3118 1242 3133 1266 ,
3161 1202 3250 1272 qui
3298 1217 3408 1257 non

1820 1286 1980 1340 modo
2011 1286 2132 1341 illos
2160 1302 2265 1341 non
2296 1302 2632 1356 superamus,
2663 1291 2829 1346 sedet
2859 1292 2910 1345 in
2932 1292 3264 1349 ethnicorum
3289 1296 3408 1350 vili-

1820 1385 1928 1432 tate
1956 1393 2252 1441 manemus,
2276 1388 2330 1433 et
2357 1380 2566 1434 illorum
2583 1383 3068 1450 pusillanimitatem
3098 1387 3408 1442 imitamur?

1816 1466 1924 1524 Nec
1958 1469 2089 1523 satis
2118 1470 2303 1525 habuit
2330 1472 2637 1541 increpasse
2662 1516 2678 1539 ,
2724 1475 2818 1529 sed
2847 1491 2967 1531 cum
3000 1478 3405 1548 perstrinxissct

1819 1559 1957 1626 illos,
1975 1561 2259 1616 excitasset
2273 1576 2336 1615 ac
2367 1563 2567 1632 pudore
2595 1563 2855 1621 affecisset
2887 1582 3007 1623 cum
3037 1571 3398 1637 vehementia,

1818 1651 2033 1707 aliunde
2074 1652 2196 1706 illos
2224 1654 2533 1708 consolatur
2556 1654 2742 1710 dicens
2773 1676 2787 1712 :
2816 1658 2927 1711 Scit
2952 1660 3082 1712 enim
3127 1659 3284 1714 Pater
3310 1678 3398 1714 ve-

1817 1755 1917 1800 ster
1945 1748 2155 1801 ccclestis
2174 1789 2190 1813 ,
2217 1748 2336 1813 quia
2384 1748 2463 1802 his
2508 1749 2739 1802 omnibus
2766 1753 3018 1823 indigetis.
3067 1751 3181 1807 Non
3212 1754 3346 1808 dixit
3376 1800 3393 1818 ,

1816 1837 1928 1892 Scit
1952 1838 2111 1901 Deus,
2140 1838 2255 1901 sed,
2281 1838 2392 1893 Scit
2421 1836 2599 1904 Pater,
2633 1851 2684 1893 ut
2710 1841 2830 1895 illos
2859 1842 2924 1896 ad
2957 1843 3213 1913 majorem
3242 1860 3393 1915 spem

1816 1929 2005 1999 erigat.
2028 1928 2082 1984 Si
2104 1930 2248 1984 enim
2277 1939 2428 1999 pater
2452 1941 2537 1984 est
2564 1971 2580 1997 ,
2610 1942 2665 1985 et
2692 1942 2841 2001 pater
2870 1934 2992 1990 talis
3020 1977 3036 2001 ,
3069 1952 3172 1991 non
3201 1939 3402 2007 poterit

1816 2019 2098 2091 deSpicere
2129 2021 2265 2075 lilios
2288 2021 2339 2075 in
2373 2024 2630 2077 extremis
2658 2024 2811 2079 malis
2837 2036 3113 2084 versantes
3142 2047 3155 2082 :
3188 2030 3403 2099 quando

1817 2126 1886 2166 ue
1927 2112 2171 2165 homines
2213 2113 2428 2182 quidem
2469 2122 2646 2183 patres
2688 2115 2790 2171 hoc
2820 2118 3111 2186 patiantur.
3140 2121 3404 2192 Alindqne

1818 2214 1999 2273 postea
2029 2203 2232 2258 inducit
2263 2205 2619 2261 ratiocinium.
2651 2207 2926 2274 Quodnam
2958 2212 3084 2264 illud
3115 2211 3139 2265 ?
3168 2211 3299 2278 Quia
3323 2215 3403 2269 Itis

1817 2294 2048 2347 omnibus
2086 2295 2341 2365 indigetis.
2374 2294 2487 2351 IIoc
2530 2306 2708 2352 autem
2740 2299 2854 2353 vult
2898 2300 3219 2370 significare.
3263 2302 3402 2358 Num

1815 2386 2082 2456 superﬂua
2104 2395 2229 2440 sunt
2255 2386 2368 2440 haec
2398 2428 2412 2452 ,
2449 2397 2505 2441 ut
2528 2387 2826 2459 despiciat?
2853 2392 3015 2461 Atqui
3036 2408 3102 2446 ne
3128 2394 3180 2447 in
3207 2408 3399 2464 snper-

1814 2476 1935 2531 ﬂuis
1964 2478 2178 2547 quidem
2204 2479 2466 2548 despexit,
2497 2489 2553 2534 ut
2584 2480 2636 2534 in
2661 2482 2834 2536 freno:
2860 2499 3001 2538 nuuc
3025 2493 3201 2539 autem
3219 2495 3272 2540 et
3305 2503 3398 2543 ne-

1814 2571 2048 2625 cessaria
2080 2578 2223 2625 sunt.
2258 2570 2438 2642 Itaque
2463 2571 2604 2642 quod
2636 2584 2787 2642 putas
2814 2588 3028 2628 causam
3053 2590 3172 2630 esse
3201 2576 3400 2632 8011ξεὶ-

1817 2661 2035 2725 tudinis,
2062 2661 2111 2716 id
2135 2663 2254 2716 dico
2280 2662 2527 2717 idoneum
2555 2678 2673 2719 esse
2697 2665 2760 2718 ad
2788 2665 3103 2736 abigendam
3145 2667 3234 2720 tibi
3262 2667 3402 2723 hane

1813 2753 2241 2810 Sollicitudinem.
2271 2756 2422 2822 Quod
2443 2757 2485 2811 si
2512 2756 2679 2823 dicas,
2705 2756 2828 2813 Ideo
2856 2774 2943 2813 me
2969 2759 3251 2813 sollicitum
3278 2775 3401 2817 esse

1812 2858 2042 2916 Oportet,
2072 2849 2193 2917 quia
2222 2850 2527 2914 necessaria
2549 2860 2673 2904 sunt
2696 2868 2709 2904 :
2733 2865 2832 2921 ego
2856 2864 3040 2905 contra
3074 2852 3397 2921 respondeo:

1813 2938 1935 2994 ideo
1965 2955 2031 2993 ne
2057 2939 2318 2994 sollicitus
2345 2941 2440 3007 sis,
2469 2942 2591 3010 quia
2638 2942 2936 2997 necessaria
2969 2951 3111 2996 sunt.
3146 2941 3203 2998 Si
3249 2943 3399 2998 enim

1811 3030 2078 3100 superﬂua
2124 3042 2303 3088 essent
2322 3076 2336 3099 ,
2371 3049 2545 3103 neque
2572 3034 2650 3088 sic
2671 3034 3061 3103 desperandum
3091 3044 3271 3102 esset,
3300 3034 3397 3091 sed

1810 3122 2183 3177 confidendum
2214 3139 2275 3179 ea
2309 3125 2400 3179 tibi
2428 3125 2753 3194 suppeditari
2785 3140 2939 3193 posse
2964 3144 2976 3178 :
3000 3130 3121 3195 quia
3150 3141 3278 3179 vero
3308 3142 3399 3179 ne-

1809 3216 2042 3271 ccssaria
2075 3226 2218 3279 sunt,
2245 3232 2348 3274 non
2392 3214 2532 3268 ultra
2552 3213 2827 3283 ambigere
2850 3220 3084 3283 Oportet.
3102 3209 3239 3277 Quis
3257 3208 3408 3265 enim

1811 3318 1968 3382 pater
1982 3307 2217 3379 negligat
2238 3304 2365 3361 liliis
2393 3304 2507 3355 snis
2534 3301 2834 3355 necessaria
2860 3300 3096 3368 pra-bere
3121 3300 3145 3351 ἲ
3171 3298 3402 3366 Ideoque

1812 3400 2031 3453 eniniuo
2055 3400 2193 3451 Deus
2215 3397 2264 3450 id
2297 3395 2521 3450 daturus
2541 3402 2643 3447 est.
2668 3392 2800 3447 Nam
2831 3393 2943 3461 ipse
2965 3400 3168 3445 natura:
3189 3400 3403 3445 creator

1812 3505 1914 3555 ρει,
1933 3489 2128 3560 etquid
2155 3488 2254 3560 ipsi
2285 3486 2644 3543 necessarium
2666 3487 2737 3540 sit
2759 3494 3007 3539 accurate
3032 3485 3199 3538 novit.
3219 3483 3400 3552 Neque

1812 3583 1954 3638 enim
1980 3582 2162 3637 dicere
2189 3580 2365 3651 possis
2395 3620 2410 3645 ,
2440 3581 2616 3650 ipsum
2656 3576 2873 3647 quidem
2913 3590 3034 3632 esse
3061 3586 3263 3645 patrem
3297 3616 3312 3640 ,
3345 3583 3400 3629 et

1814 3674 2115 3731 necessaria
2162 3687 2283 3729 esse
2313 3687 2374 3727 ea
2418 3687 2538 3742 quae
2586 3669 2936 3740 requiruntur
2966 3710 2983 3736 ,
3022 3667 3114 3723 sed
3157 3668 3401 3737 ignorare

1815 3783 1937 3833 cum
1957 3766 2196 3836 uosipsis
2216 3780 2453 3836 egemus.
2477 3762 2607 3818 Nam
2637 3762 2727 3832 qui
2754 3769 3002 3816 naturam
3030 3760 3201 3829 ipsam
3229 3757 3399 3822 novit,

1816 3871 1870 3916 et
1890 3872 2099 3917 creator
2124 3859 2240 3929 ejus
2270 3866 2372 3922 cst,
2404 3857 2655 3926 illamque
2680 3854 2780 3909 hoc
2802 3853 2963 3908 modo
2985 3851 3229 3907 formavit
3256 3891 3271 3916 ,
3304 3864 3403 3904 ne-

1816 3954 2126 4010 cessitatem
2154 3951 2292 4021 ejus,
2322 3958 2382 4005 ut
2412 3950 2582 4020 palam
2606 3956 2712 4011 est,
2738 3946 2930 4001 melius
2958 3945 3107 4000 novit
3128 3958 3288 4014 quam
3316 3950 3398 4006 tu,

1818 4046 1908 4117 qui
1938 4044 1991 4099 in
2022 4043 2339 4099 necessitate
2359 4042 2680 4095 constitutus
2695 4053 2772 4093 es.
2793 4036 2927 4093 Nam
2953 4036 3052 4107 ipsi
3083 4034 3160 4089 sic
3188 4032 3404 4104 placuit,

1820 4146 1877 4193 ut
1920 4138 1972 4190 in
2012 4133 2317 4205 hujusmodi
2347 4133 2666 4188 necessitate
2691 4144 2859 4185 esses.
2885 4129 3001 4183 Non
3036 4142 3164 4197 ergo
3187 4133 3405 4180 contra-

1820 4234 1931 4289 rius
1955 4232 2058 4286 erit
2083 4232 2147 4285 iis
2176 4245 2295 4300 qua:
2328 4228 2536 4294 voluit,
2568 4226 2637 4280 ita
2667 4234 2726 4281 ut
2756 4234 2807 4280 te
2833 4225 2885 4279 in
2918 4223 3238 4279 neceSsitate
3270 4234 3406 4274 con-

1821 4326 2027 4388 Stituat,
2061 4331 2162 4377 eta
2196 4319 2514 4376 necessariis
2535 4317 2725 4388 privet.

1893 4421 1950 4473 ‘5.
2000 4416 2242 4471 Anxietas
2267 4412 2396 4467 nihil
2421 4412 2643 4483 prodest.
2691 4406 3034 4463 Providentiae
3062 4404 3177 4469 Dei,
3206 4403 3408 4460 Christo

1822 4521 2068 4576 monente,
2112 4507 2388 4579 ﬁdentium.
2423 4503 2515 4559 Dei
2541 4503 2735 4557 auxilio
2759 4504 2887 4555 bona
2924 4500 3123 4568 agimus
3150 4496 3409 4549 omnia.—~
3437 4480 3452 4497 ’

1823 4604 1901 4660 Ne
1942 4605 2118 4672 itaque
2160 4597 2370 4654 solliciti
2401 4596 2597 4658 simus;
2628 4608 2801 4663 neque
2847 4592 2991 4647 enim
3022 4588 3149 4659 quid
3186 4586 3413 4655 amplius

1825 4710 2255 4767 consequemur,
2302 4707 2462 4762 quam
2512 4688 2653 4760 quod
2705 4701 2805 4741 nos
2842 4685 2984 4741 curis
3025 4681 3413 4737 distendantus.

1826 4791 1960 4848 Cum
2011 4789 2155 4845 enim
2209 4785 2362 4841 nobis
2401 4784 2514 4839 sive
2552 4780 2817 4847 sollicitis,
2850 4778 2961 4833 sive
3002 4790 3106 4830 non
3148 4771 3412 4832 sollicitis,

1829 4886 1937 4941 imo
1968 4883 2141 4954 potius
2171 4895 2275 4935 non
2306 4876 2547 4933 sollicitis
2569 4914 2586 4942 ,
2624 4872 2674 4928 id
2701 4877 2937 4942 praestet,
2982 4865 3107 4937 quid
3153 4863 3244 4918 tibi
3283 4876 3413 4915 am-

1831 4978 1968 5049 plius
2002 4990 2067 5029 ex
2102 4970 2458 5028 sollicitudine
2483 4965 2743 5025 manebit,
2766 4976 2922 5032 quam
2971 4957 3112 5028 quod
3160 4968 3343 5024 poenas
3385 4966 3413 5004 a

1831 5044 2002 5139 teipse
2019 5063 2315 5135 superﬂuas
2329 5056 2599 5129 exegeris?
2618 5054 2801 5123 Neque
2821 5051 2961 5106 enim
2987 5048 3105 5117 quis
3123 5044 3190 5100 ad
3214 5045 3415 5097 lautum

1830 5159 2129 5217 convivium
2174 5166 2522 5216 accessurus,
2570 5149 2637 5203 de
2676 5146 2811 5200 cibis
2859 5154 3109 5211 umquam
3150 5136 3413 5192 sollicitus

1831 5254 1954 5319 erit;
1981 5265 2155 5321 neque
2175 5248 2221 5303 is
2244 5247 2337 5318 qui
2364 5244 2430 5300 ad
2462 5243 2659 5297 fontem
2689 5235 2914 5297 accedit,
2945 5233 3012 5287 de
3035 5239 3161 5301 potu
3190 5230 3290 5284 erit
3319 5243 3418 5281 an-

1832 5348 1973 5403 xius.
2003 5344 2081 5399 Ne
2110 5343 2286 5411 itaque
2323 5352 2440 5402 nos,
2468 5335 2661 5405 quibus
2686 5328 2985 5385 aﬂluentior
3036 5324 3189 5379 adest
3239 5336 3415 5376 rerum

1836 5440 1988 5509 c0pia
2009 5478 2025 5501 ,
2072 5450 2232 5506 quam
2259 5434 2313 5487 in
2340 5430 2485 5486 mille
2519 5425 2755 5481 fontibus
2790 5430 2844 5485 et
2871 5418 3135 5476 conviviis
3158 5457 3174 5483 ,
3226 5428 3419 5485 nempe

1845 5533 1942 5590 Dei
1972 5523 2500 5604 providenti‘a,quasi
2529 5533 2794 5593 pauperes
2823 5515 3199 5587 pusillanimes
3220 5510 3416 5565 simus.

1840 5600 1989 5683 Cum—
2009 5618 2338 5693 supradictis
2373 5617 2519 5671 enim
2538 5612 2684 5668 aliud
2732 5611 2784 5664 in
2810 5608 3021 5665 eunetis
3040 5605 3202 5660 rebus
3222 5600 3418 5655 ﬂdcndi

1838 5720 2217 5785 argumentum
2236 5701 2689 5777 suggerit,dicens
2706 5717 2718 5752 :
2736 5698 2825 5752 55.
2848 5695 3081 5761 Qumrite
3097 5706 3309 5760 regnum
3326 5702 3422 5778 cu:-

1837 5768 2031 5864 lmfum,
2054 5810 2101 5857 et
2119 5800 2227 5856 hwc
2237 5795 2416 5855 omnia
2432 5792 2748 5865 adjiciantur
2764 5786 2928 5844 vobis.
2958 5784 3254 5855 Postquam
3274 5768 3421 5824 enim
