  <div class='ocr_page' id='page_1' title='image "/cluster/home/n/w/nwhite01/storage/ocr_20150623/57-58/hvd.32044012465811/231.png"; bbox 0 0 3868 6182; ppageno 0'>
   <div class='ocr_carea' id='block_1_1' title="bbox 398 274 504 330">
    <p class='ocr_par' dir='ltr' id='par_1_1' title="bbox 398 274 504 330">
     <span class='ocr_line' id='line_1_1' title="bbox 398 274 504 330; baseline -0.019 0"><span class='ocrx_word' id='word_1_1' title='bbox 398 274 504 330; x_wconf 62' lang='grc' dir='ltr'><strong>δυδ</strong></span> 
     </span>
    </p>
   </div>
   <div class='ocr_carea' id='block_1_2' title="bbox 397 369 1982 444">
    <p class='ocr_par' dir='ltr' id='par_1_2' title="bbox 397 369 1982 444">
     <span class='ocr_line' id='line_1_2' title="bbox 397 369 1982 444; baseline -0.015 -5"><span class='ocrx_word' id='word_1_2' title='bbox 397 385 634 440; x_wconf 83' lang='lat' dir='ltr'><strong>animum</strong></span> <span class='ocrx_word' id='word_1_3' title='bbox 661 398 691 436; x_wconf 92' lang='lat' dir='ltr'><strong>a</strong></span> <span class='ocrx_word' id='word_1_4' title='bbox 717 379 862 437; x_wconf 89' lang='lat' dir='ltr'><strong>curis</strong></span> <span class='ocrx_word' id='word_1_5' title='bbox 887 376 1108 444; x_wconf 87' lang='lat' dir='ltr'><strong>levavit,</strong></span> <span class='ocrx_word' id='word_1_6' title='bbox 1138 382 1267 430; x_wconf 90' lang='lat' dir='ltr'><strong>tunc</strong></span> <span class='ocrx_word' id='word_1_7' title='bbox 1288 371 1450 427; x_wconf 73' lang='lat' dir='ltr'><strong>caelos</strong></span> <span class='ocrx_word' id='word_1_8' title='bbox 1475 369 1636 426; x_wconf 80' lang='lat' dir='ltr'><strong>etiam</strong></span> <span class='ocrx_word' id='word_1_9' title='bbox 1657 376 1982 421; x_wconf 86' lang='lat' dir='ltr'><strong>commemo—</strong></span> 
     </span>
    </p>
   </div>
   <div class='ocr_carea' id='block_1_3' title="bbox 398 457 1986 545">
    <p class='ocr_par' dir='ltr' id='par_1_3' title="bbox 398 457 1986 545">
     <span class='ocr_line' id='line_1_3' title="bbox 398 457 1986 545; baseline -0.015 -13"><span class='ocrx_word' id='word_1_10' title='bbox 398 477 554 532; x_wconf 79' lang='lat' dir='ltr'><strong>ravit.</strong></span> <span class='ocrx_word' id='word_1_11' title='bbox 585 475 743 532; x_wconf 82' lang='lat' dir='ltr'><strong>Venit</strong></span> <span class='ocrx_word' id='word_1_12' title='bbox 767 473 962 545; x_wconf 84' lang='lat' dir='ltr'><strong>quippe</strong></span> <span class='ocrx_word' id='word_1_13' title='bbox 999 479 1177 524; x_wconf 89' lang='lat' dir='ltr'><strong>vetera</strong></span> <span class='ocrx_word' id='word_1_14' title='bbox 1208 467 1502 524; x_wconf 89' lang='lat' dir='ltr'><strong>soluturus,</strong></span> <span class='ocrx_word' id='word_1_15' title='bbox 1534 469 1588 516; x_wconf 88' lang='lat' dir='ltr'><strong>et</strong></span> <span class='ocrx_word' id='word_1_16' title='bbox 1614 459 1680 514; x_wconf 89' lang='lat' dir='ltr'><strong>ad</strong></span> <span class='ocrx_word' id='word_1_17' title='bbox 1709 457 1986 512; x_wconf 82' lang='lat' dir='ltr'><strong>meliorem</strong></span> 
     </span>
    </p>
   </div>
   <div class='ocr_carea' id='block_1_4' title="bbox 400 551 1986 638">
    <p class='ocr_par' dir='ltr' id='par_1_4' title="bbox 400 551 1986 638">
     <span class='ocr_line' id='line_1_4' title="bbox 400 551 1986 638; baseline -0.013 -13"><span class='ocrx_word' id='word_1_18' title='bbox 400 580 685 628; x_wconf 69' lang='lat' dir='ltr'><strong>vocaturos</strong></span> <span class='ocrx_word' id='word_1_19' title='bbox 711 566 957 638; x_wconf 87' lang='lat' dir='ltr'><strong>patriam.</strong></span> <span class='ocrx_word' id='word_1_20' title='bbox 984 564 1276 632; x_wconf 73' lang='lat' dir='ltr'><strong>Propterea</strong></span> <span class='ocrx_word' id='word_1_21' title='bbox 1306 556 1434 613; x_wconf 81' lang='lat' dir='ltr'><strong>nihil</strong></span> <span class='ocrx_word' id='word_1_22' title='bbox 1459 570 1566 609; x_wconf 89' lang='lat' dir='ltr'><strong>non</strong></span> <span class='ocrx_word' id='word_1_23' title='bbox 1592 551 1699 622; x_wconf 89' lang='lat' dir='ltr'><strong>agit</strong></span> <span class='ocrx_word' id='word_1_24' title='bbox 1724 591 1740 614; x_wconf 94' lang='lat'><strong>,</strong></span> <span class='ocrx_word' id='word_1_25' title='bbox 1783 557 1843 604; x_wconf 91' lang='lat' dir='ltr'><strong>ut</strong></span> <span class='ocrx_word' id='word_1_26' title='bbox 1888 561 1986 604; x_wconf 89' lang='lat' dir='ltr'><strong>nos</strong></span> 
     </span>
    </p>
   </div>
   <div class='ocr_carea' id='block_1_5' title="bbox 399 641 1987 734">
    <p class='ocr_par' dir='ltr' id='par_1_5' title="bbox 399 641 1987 734">
     <span class='ocr_line' id='line_1_5' title="bbox 399 641 1987 734; baseline -0.014 -16"><span class='ocrx_word' id='word_1_27' title='bbox 399 679 431 718; x_wconf 88' lang='lat' dir='ltr'><strong>a</strong></span> <span class='ocrx_word' id='word_1_28' title='bbox 457 659 864 734; x_wconf 80' lang='lat' dir='ltr'><strong>supervacaneis</strong></span> <span class='ocrx_word' id='word_1_29' title='bbox 892 667 944 713; x_wconf 90' lang='lat' dir='ltr'><strong>et</strong></span> <span class='ocrx_word' id='word_1_30' title='bbox 973 673 1002 709; x_wconf 93' lang='lat' dir='ltr'><strong>a</strong></span> <span class='ocrx_word' id='word_1_31' title='bbox 1035 665 1365 710; x_wconf 68' lang='lat' dir='ltr'><strong>terrenarum</strong></span> <span class='ocrx_word' id='word_1_32' title='bbox 1410 661 1589 704; x_wconf 88' lang='lat' dir='ltr'><strong>rerum</strong></span> <span class='ocrx_word' id='word_1_33' title='bbox 1623 643 1815 697; x_wconf 75' lang='lat' dir='ltr'><strong>alfectu</strong></span> <span class='ocrx_word' id='word_1_34' title='bbox 1859 641 1987 696; x_wconf 78' lang='lat' dir='ltr'><strong>lihe-</strong></span> 
     </span>
    </p>
   </div>
   <div class='ocr_carea' id='block_1_6' title="bbox 403 737 1988 811">
    <p class='ocr_par' dir='ltr' id='par_1_6' title="bbox 403 737 1988 811">
     <span class='ocr_line' id='line_1_6' title="bbox 403 737 1988 811; baseline -0.015 0"><span class='ocrx_word' id='word_1_35' title='bbox 403 764 504 811; x_wconf 89' lang='lat' dir='ltr'><strong>ret.</strong></span> <span class='ocrx_word' id='word_1_36' title='bbox 543 753 744 810; x_wconf 85' lang='lat' dir='ltr'><strong>idcirco</strong></span> <span class='ocrx_word' id='word_1_37' title='bbox 769 750 1016 808; x_wconf 73' lang='lat' dir='ltr'><strong>ethnicos</strong></span> <span class='ocrx_word' id='word_1_38' title='bbox 1053 743 1368 800; x_wconf 81' lang='lat' dir='ltr'><strong>memoravit</strong></span> <span class='ocrx_word' id='word_1_39' title='bbox 1395 781 1412 807; x_wconf 92' lang='lat'><strong>,</strong></span> <span class='ocrx_word' id='word_1_40' title='bbox 1452 753 1574 793; x_wconf 88' lang='lat' dir='ltr'><strong>cum</strong></span> <span class='ocrx_word' id='word_1_41' title='bbox 1601 737 1675 790; x_wconf 87' lang='lat' dir='ltr'><strong>ait</strong></span> <span class='ocrx_word' id='word_1_42' title='bbox 1709 742 1899 804; x_wconf 89' lang='lat' dir='ltr'><strong>gentes</strong></span> <span class='ocrx_word' id='word_1_43' title='bbox 1924 747 1988 788; x_wconf 88' lang='lat' dir='ltr'><strong>ea</strong></span> 
     </span>
    </p>
   </div>
   <div class='ocr_carea' id='block_1_7' title="bbox 403 825 1990 916">
    <p class='ocr_par' dir='ltr' id='par_1_7' title="bbox 403 825 1990 916">
     <span class='ocr_line' id='line_1_7' title="bbox 403 825 1990 916; baseline -0.016 -16"><span class='ocrx_word' id='word_1_44' title='bbox 403 846 692 916; x_wconf 82' lang='lat' dir='ltr'><strong>inquirere,</strong></span> <span class='ocrx_word' id='word_1_45' title='bbox 723 856 946 912; x_wconf 87' lang='lat' dir='ltr'><strong>quarum</strong></span> <span class='ocrx_word' id='word_1_46' title='bbox 967 836 1141 893; x_wconf 89' lang='lat' dir='ltr'><strong>omnis</strong></span> <span class='ocrx_word' id='word_1_47' title='bbox 1159 833 1310 890; x_wconf 87' lang='lat' dir='ltr'><strong>labor</strong></span> <span class='ocrx_word' id='word_1_48' title='bbox 1333 841 1387 886; x_wconf 88' lang='lat' dir='ltr'><strong>et</strong></span> <span class='ocrx_word' id='word_1_49' title='bbox 1411 828 1643 884; x_wconf 90' lang='lat' dir='ltr'><strong>studium</strong></span> <span class='ocrx_word' id='word_1_50' title='bbox 1673 825 1813 881; x_wconf 88' lang='lat' dir='ltr'><strong>circa</strong></span> <span class='ocrx_word' id='word_1_51' title='bbox 1855 839 1990 893; x_wconf 68' lang='lat' dir='ltr'><strong>pra:-</strong></span> 
     </span>
    </p>
   </div>
   <div class='ocr_carea' id='block_1_8' title="bbox 403 914 1989 997">
    <p class='ocr_par' dir='ltr' id='par_1_8' title="bbox 403 914 1989 997">
     <span class='ocr_line' id='line_1_8' title="bbox 403 914 1989 997; baseline -0.015 -3"><span class='ocrx_word' id='word_1_52' title='bbox 403 914 611 994; x_wconf 83' lang='lat' dir='ltr'><strong>scnlem</strong></span> <span class='ocrx_word' id='word_1_53' title='bbox 657 936 819 994; x_wconf 77' lang='lat' dir='ltr'><strong>vitam</strong></span> <span class='ocrx_word' id='word_1_54' title='bbox 861 939 1126 995; x_wconf 85' lang='lat' dir='ltr'><strong>versatur,</strong></span> <span class='ocrx_word' id='word_1_55' title='bbox 1168 926 1360 997; x_wconf 86' lang='lat' dir='ltr'><strong>quibus</strong></span> <span class='ocrx_word' id='word_1_56' title='bbox 1404 922 1544 977; x_wconf 90' lang='lat' dir='ltr'><strong>nulla</strong></span> <span class='ocrx_word' id='word_1_57' title='bbox 1577 918 1874 974; x_wconf 89' lang='lat' dir='ltr'><strong>futurorum</strong></span> <span class='ocrx_word' id='word_1_58' title='bbox 1904 914 1989 970; x_wconf 79' lang='lat' dir='ltr'><strong>vel</strong></span> 
     </span>
    </p>
   </div>
   <div class='ocr_carea' id='block_1_9' title="bbox 400 1011 1985 1088">
    <p class='ocr_par' dir='ltr' id='par_1_9' title="bbox 400 1011 1985 1088">
     <span class='ocr_line' id='line_1_9' title="bbox 400 1011 1985 1088; baseline -0.016 -1"><span class='ocrx_word' id='word_1_59' title='bbox 400 1031 658 1088; x_wconf 65' lang='lat' dir='ltr'><strong>ctelorum</strong></span> <span class='ocrx_word' id='word_1_60' title='bbox 685 1029 842 1083; x_wconf 81' lang='lat' dir='ltr'><strong>ratio.</strong></span> <span class='ocrx_word' id='word_1_61' title='bbox 877 1025 1044 1081; x_wconf 82' lang='lat' dir='ltr'><strong>Vobis</strong></span> <span class='ocrx_word' id='word_1_62' title='bbox 1068 1031 1246 1078; x_wconf 88' lang='lat' dir='ltr'><strong>autem</strong></span> <span class='ocrx_word' id='word_1_63' title='bbox 1275 1033 1379 1072; x_wconf 89' lang='lat' dir='ltr'><strong>non</strong></span> <span class='ocrx_word' id='word_1_64' title='bbox 1403 1016 1520 1071; x_wconf 70' lang='lat' dir='ltr'><strong>haec</strong></span> <span class='ocrx_word' id='word_1_65' title='bbox 1547 1021 1671 1070; x_wconf 88' lang='lat' dir='ltr'><strong>sunt</strong></span> <span class='ocrx_word' id='word_1_66' title='bbox 1701 1011 1985 1081; x_wconf 73' lang='lat' dir='ltr'><strong>prmcipua,</strong></span> 
     </span>
    </p>
   </div>
   <div class='ocr_carea' id='block_1_10' title="bbox 401 1102 1992 1192">
    <p class='ocr_par' dir='ltr' id='par_1_10' title="bbox 401 1102 1992 1192">
     <span class='ocr_line' id='line_1_10' title="bbox 401 1102 1992 1192; baseline -0.016 -12"><span class='ocrx_word' id='word_1_67' title='bbox 401 1125 499 1180; x_wconf 86' lang='lat' dir='ltr'><strong>sed</strong></span> <span class='ocrx_word' id='word_1_68' title='bbox 525 1123 625 1178; x_wconf 88' lang='lat' dir='ltr'><strong>alia</strong></span> <span class='ocrx_word' id='word_1_69' title='bbox 657 1123 698 1175; x_wconf 79' lang='grc' dir='ltr'><strong>ί.</strong></span> <span class='ocrx_word' id='word_1_70' title='bbox 730 1121 914 1192; x_wconf 81' lang='lat' dir='ltr'><strong>Neque</strong></span> <span class='ocrx_word' id='word_1_71' title='bbox 942 1118 1084 1173; x_wconf 91' lang='lat' dir='ltr'><strong>enim</strong></span> <span class='ocrx_word' id='word_1_72' title='bbox 1113 1115 1234 1170; x_wconf 90' lang='lat' dir='ltr'><strong>ideo</strong></span> <span class='ocrx_word' id='word_1_73' title='bbox 1257 1111 1423 1168; x_wconf 85' lang='lat' dir='ltr'><strong>creati</strong></span> <span class='ocrx_word' id='word_1_74' title='bbox 1448 1121 1632 1165; x_wconf 90' lang='lat' dir='ltr'><strong>sumus</strong></span> <span class='ocrx_word' id='word_1_75' title='bbox 1659 1116 1719 1160; x_wconf 92' lang='lat' dir='ltr'><strong>ut</strong></span> <span class='ocrx_word' id='word_1_76' title='bbox 1743 1102 1992 1159; x_wconf 84' lang='lat' dir='ltr'><strong>comeda-</strong></span> 
     </span>
    </p>
   </div>
   <div class='ocr_carea' id='block_1_11' title="bbox 405 1199 1994 1286">
    <p class='ocr_par' dir='ltr' id='par_1_11' title="bbox 405 1199 1994 1286">
     <span class='ocr_line' id='line_1_11' title="bbox 405 1199 1994 1286; baseline -0.012 -16"><span class='ocrx_word' id='word_1_77' title='bbox 405 1233 548 1286; x_wconf 83' lang='lat' dir='ltr'><strong>mus,</strong></span> <span class='ocrx_word' id='word_1_78' title='bbox 571 1215 813 1272; x_wconf 83' lang='lat' dir='ltr'><strong>bibamus</strong></span> <span class='ocrx_word' id='word_1_79' title='bbox 828 1223 881 1269; x_wconf 90' lang='lat' dir='ltr'><strong>et</strong></span> <span class='ocrx_word' id='word_1_80' title='bbox 895 1211 1130 1267; x_wconf 89' lang='lat' dir='ltr'><strong>vestibus</strong></span> <span class='ocrx_word' id='word_1_81' title='bbox 1157 1207 1482 1277; x_wconf 86' lang='lat' dir='ltr'><strong>operiamur;</strong></span> <span class='ocrx_word' id='word_1_82' title='bbox 1501 1199 1594 1256; x_wconf 90' lang='lat' dir='ltr'><strong>sed</strong></span> <span class='ocrx_word' id='word_1_83' title='bbox 1613 1209 1670 1254; x_wconf 91' lang='lat' dir='ltr'><strong>ut</strong></span> <span class='ocrx_word' id='word_1_84' title='bbox 1690 1199 1994 1268; x_wconf 82' lang='lat' dir='ltr'><strong>placeamus</strong></span> 
     </span>
    </p>
   </div>
   <div class='ocr_carea' id='block_1_12' title="bbox 405 1287 1994 1374">
    <p class='ocr_par' dir='ltr' id='par_1_12' title="bbox 405 1287 1994 1374">
     <span class='ocr_line' id='line_1_12' title="bbox 405 1287 1994 1374; baseline -0.014 -10"><span class='ocrx_word' id='word_1_85' title='bbox 405 1309 538 1374; x_wconf 81' lang='lat' dir='ltr'><strong>Deo,</strong></span> <span class='ocrx_word' id='word_1_86' title='bbox 570 1317 623 1362; x_wconf 85' lang='lat' dir='ltr'><strong>et</strong></span> <span class='ocrx_word' id='word_1_87' title='bbox 650 1306 825 1362; x_wconf 88' lang='lat' dir='ltr'><strong>futura</strong></span> <span class='ocrx_word' id='word_1_88' title='bbox 871 1314 1267 1373; x_wconf 85' lang='lat' dir='ltr'><strong>consequamur</strong></span> <span class='ocrx_word' id='word_1_89' title='bbox 1314 1297 1474 1351; x_wconf 82' lang='lat' dir='ltr'><strong>bona.</strong></span> <span class='ocrx_word' id='word_1_90' title='bbox 1505 1292 1654 1348; x_wconf 89' lang='lat' dir='ltr'><strong>Sicut</strong></span> <span class='ocrx_word' id='word_1_91' title='bbox 1693 1290 1852 1360; x_wconf 83' lang='lat' dir='ltr'><strong>igitur</strong></span> <span class='ocrx_word' id='word_1_92' title='bbox 1877 1287 1994 1342; x_wconf 72' lang='lat' dir='ltr'><strong>bare</strong></span> 
     </span>
    </p>
   </div>
   <div class='ocr_carea' id='block_1_13' title="bbox 408 1378 1990 1468">
    <p class='ocr_par' dir='ltr' id='par_1_13' title="bbox 408 1378 1990 1468">
     <span class='ocr_line' id='line_1_13' title="bbox 408 1378 1990 1468; baseline -0.012 -17"><span class='ocrx_word' id='word_1_93' title='bbox 408 1398 767 1468; x_wconf 76' lang='lat' dir='ltr'><strong>perfunctorie</strong></span> <span class='ocrx_word' id='word_1_94' title='bbox 807 1393 1040 1451; x_wconf 85' lang='lat' dir='ltr'><strong>curanda</strong></span> <span class='ocrx_word' id='word_1_95' title='bbox 1069 1432 1085 1456; x_wconf 93' lang='lat'><strong>,</strong></span> <span class='ocrx_word' id='word_1_96' title='bbox 1138 1391 1210 1444; x_wconf 91' lang='lat' dir='ltr'><strong>ita</strong></span> <span class='ocrx_word' id='word_1_97' title='bbox 1249 1397 1302 1443; x_wconf 92' lang='lat' dir='ltr'><strong>et</strong></span> <span class='ocrx_word' id='word_1_98' title='bbox 1351 1382 1712 1457; x_wconf 75' lang='lat' dir='ltr'><strong>perfunctorie</strong></span> <span class='ocrx_word' id='word_1_99' title='bbox 1760 1378 1990 1449; x_wconf 79' lang='lat' dir='ltr'><strong>petenda</strong></span> 
     </span>
    </p>
   </div>
   <div class='ocr_carea' id='block_1_14' title="bbox 407 1474 1996 1560">
    <p class='ocr_par' dir='ltr' id='par_1_14' title="bbox 407 1474 1996 1560">
     <span class='ocr_line' id='line_1_14' title="bbox 407 1474 1996 1560; baseline -0.014 -14"><span class='ocrx_word' id='word_1_100' title='bbox 407 1500 550 1546; x_wconf 79' lang='lat' dir='ltr'><strong>Sunt.</strong></span> <span class='ocrx_word' id='word_1_101' title='bbox 581 1490 810 1560; x_wconf 84' lang='lat' dir='ltr'><strong>Ideoque</strong></span> <span class='ocrx_word' id='word_1_102' title='bbox 843 1487 1054 1542; x_wconf 85' lang='lat' dir='ltr'><strong>diccbat</strong></span> <span class='ocrx_word' id='word_1_103' title='bbox 1081 1503 1094 1539; x_wconf 90' lang='lat'><strong>:</strong></span> <span class='ocrx_word' id='word_1_104' title='bbox 1123 1482 1346 1550; x_wconf 64' lang='lat' dir='ltr'><strong>Queerite</strong></span> <span class='ocrx_word' id='word_1_105' title='bbox 1387 1493 1598 1550; x_wconf 77' lang='lat' dir='ltr'><strong>regnum</strong></span> <span class='ocrx_word' id='word_1_106' title='bbox 1623 1474 1860 1529; x_wconf 81' lang='lat' dir='ltr'><strong>ctelorum</strong></span> <span class='ocrx_word' id='word_1_107' title='bbox 1887 1513 1904 1539; x_wconf 89' lang='lat'><strong>,</strong></span> <span class='ocrx_word' id='word_1_108' title='bbox 1948 1482 1996 1525; x_wconf 87' lang='lat' dir='ltr'><strong>et</strong></span> 
     </span>
    </p>
   </div>
   <div class='ocr_carea' id='block_1_15' title="bbox 408 1562 1991 1648">
    <p class='ocr_par' dir='ltr' id='par_1_15' title="bbox 408 1562 1991 1648">
     <span class='ocr_line' id='line_1_15' title="bbox 408 1562 1991 1648; baseline -0.011 -15"><span class='ocrx_word' id='word_1_109' title='bbox 408 1581 514 1634; x_wconf 74' lang='lat' dir='ltr'><strong>[nec</strong></span> <span class='ocrx_word' id='word_1_110' title='bbox 533 1581 702 1634; x_wconf 81' lang='lat' dir='ltr'><strong>onmia</strong></span> <span class='ocrx_word' id='word_1_111' title='bbox 728 1579 1029 1648; x_wconf 74' lang='lat' dir='ltr'><strong>adjiciantur</strong></span> <span class='ocrx_word' id='word_1_112' title='bbox 1049 1573 1204 1629; x_wconf 80' lang='lat' dir='ltr'><strong>vobis.</strong></span> <span class='ocrx_word' id='word_1_113' title='bbox 1235 1569 1351 1626; x_wconf 83' lang='lat' dir='ltr'><strong>Non</strong></span> <span class='ocrx_word' id='word_1_114' title='bbox 1377 1569 1530 1635; x_wconf 77' lang='lat' dir='ltr'><strong>dixit,</strong></span> <span class='ocrx_word' id='word_1_115' title='bbox 1553 1566 1850 1632; x_wconf 84' lang='lat' dir='ltr'><strong>Dabuntur,</strong></span> <span class='ocrx_word' id='word_1_116' title='bbox 1873 1562 1991 1629; x_wconf 90' lang='lat' dir='ltr'><strong>sed,</strong></span> 
     </span>
    </p>
   </div>
   <div class='ocr_carea' id='block_1_16' title="bbox 405 1659 1988 1736">
    <p class='ocr_par' dir='ltr' id='par_1_16' title="bbox 405 1659 1988 1736">
     <span class='ocr_line' id='line_1_16' title="bbox 405 1659 1988 1736; baseline -0.008 -12"><span class='ocrx_word' id='word_1_117' title='bbox 405 1666 757 1736; x_wconf 78' lang='lat' dir='ltr'><strong>Adjicieutur,</strong></span> <span class='ocrx_word' id='word_1_118' title='bbox 775 1675 833 1719; x_wconf 88' lang='lat' dir='ltr'><strong>ut</strong></span> <span class='ocrx_word' id='word_1_119' title='bbox 845 1663 1045 1727; x_wconf 88' lang='lat' dir='ltr'><strong>discas,</strong></span> <span class='ocrx_word' id='word_1_120' title='bbox 1066 1663 1262 1717; x_wconf 92' lang='lat' dir='ltr'><strong>horum</strong></span> <span class='ocrx_word' id='word_1_121' title='bbox 1284 1677 1405 1731; x_wconf 76' lang='lat' dir='ltr'><strong>quae</strong></span> <span class='ocrx_word' id='word_1_122' title='bbox 1423 1661 1476 1715; x_wconf 90' lang='lat' dir='ltr'><strong>in</strong></span> <span class='ocrx_word' id='word_1_123' title='bbox 1520 1659 1772 1730; x_wconf 61' lang='lat' dir='ltr'><strong>praesenti</strong></span> <span class='ocrx_word' id='word_1_124' title='bbox 1789 1659 1988 1714; x_wconf 89' lang='lat' dir='ltr'><strong>dantur</strong></span> 
     </span>
    </p>
   </div>
   <div class='ocr_carea' id='block_1_17' title="bbox 406 1751 1993 1826">
    <p class='ocr_par' dir='ltr' id='par_1_17' title="bbox 406 1751 1993 1826">
     <span class='ocr_line' id='line_1_17' title="bbox 406 1751 1993 1826; baseline -0.006 -13"><span class='ocrx_word' id='word_1_125' title='bbox 406 1758 541 1814; x_wconf 87' lang='lat' dir='ltr'><strong>nihil</strong></span> <span class='ocrx_word' id='word_1_126' title='bbox 557 1773 677 1814; x_wconf 88' lang='lat' dir='ltr'><strong>esse</strong></span> <span class='ocrx_word' id='word_1_127' title='bbox 690 1756 915 1813; x_wconf 83' lang='lat' dir='ltr'><strong>omnino</strong></span> <span class='ocrx_word' id='word_1_128' title='bbox 929 1770 1185 1826; x_wconf 89' lang='lat' dir='ltr'><strong>magnum</strong></span> <span class='ocrx_word' id='word_1_129' title='bbox 1204 1754 1248 1808; x_wconf 89' lang='lat' dir='ltr'><strong>si</strong></span> <span class='ocrx_word' id='word_1_130' title='bbox 1262 1768 1385 1808; x_wconf 92' lang='lat' dir='ltr'><strong>cum</strong></span> <span class='ocrx_word' id='word_1_131' title='bbox 1400 1752 1770 1823; x_wconf 83' lang='lat' dir='ltr'><strong>magnitudine</strong></span> <span class='ocrx_word' id='word_1_132' title='bbox 1786 1751 1993 1806; x_wconf 83' lang='lat' dir='ltr'><strong>fututo-</strong></span> 
     </span>
    </p>
   </div>
   <div class='ocr_carea' id='block_1_18' title="bbox 407 1843 1992 1918">
    <p class='ocr_par' dir='ltr' id='par_1_18' title="bbox 407 1843 1992 1918">
     <span class='ocr_line' id='line_1_18' title="bbox 407 1843 1992 1918; baseline -0.006 -13"><span class='ocrx_word' id='word_1_133' title='bbox 407 1865 531 1905; x_wconf 86' lang='lat' dir='ltr'><strong>rum</strong></span> <span class='ocrx_word' id='word_1_134' title='bbox 549 1857 954 1918; x_wconf 85' lang='lat' dir='ltr'><strong>comparentur.</strong></span> <span class='ocrx_word' id='word_1_135' title='bbox 978 1847 1101 1900; x_wconf 85' lang='lat' dir='ltr'><strong>Ideo</strong></span> <span class='ocrx_word' id='word_1_136' title='bbox 1121 1862 1226 1899; x_wconf 91' lang='lat' dir='ltr'><strong>non</strong></span> <span class='ocrx_word' id='word_1_137' title='bbox 1242 1845 1332 1898; x_wconf 88' lang='lat' dir='ltr'><strong>illa</strong></span> <span class='ocrx_word' id='word_1_138' title='bbox 1344 1854 1545 1914; x_wconf 82' lang='lat' dir='ltr'><strong>petere,</strong></span> <span class='ocrx_word' id='word_1_139' title='bbox 1571 1844 1667 1900; x_wconf 87' lang='lat' dir='ltr'><strong>sed</strong></span> <span class='ocrx_word' id='word_1_140' title='bbox 1683 1843 1788 1900; x_wconf 86' lang='lat' dir='ltr'><strong>alia</strong></span> <span class='ocrx_word' id='word_1_141' title='bbox 1803 1851 1992 1912; x_wconf 91' lang='lat' dir='ltr'><strong>postu-</strong></span> 
     </span>
    </p>
   </div>
   <div class='ocr_carea' id='block_1_19' title="bbox 411 1934 1990 2012">
    <p class='ocr_par' dir='ltr' id='par_1_19' title="bbox 411 1934 1990 2012">
     <span class='ocr_line' id='line_1_19' title="bbox 411 1934 1990 2012; baseline -0.005 -16"><span class='ocrx_word' id='word_1_142' title='bbox 411 1942 524 1998; x_wconf 90' lang='lat' dir='ltr'><strong>lare</strong></span> <span class='ocrx_word' id='word_1_143' title='bbox 548 1941 726 2012; x_wconf 81' lang='lat' dir='ltr'><strong>jubet,</strong></span> <span class='ocrx_word' id='word_1_144' title='bbox 755 1939 1096 1995; x_wconf 86' lang='lat' dir='ltr'><strong>etconlidcre</strong></span> <span class='ocrx_word' id='word_1_145' title='bbox 1130 1937 1245 1991; x_wconf 67' lang='lat' dir='ltr'><strong>haec</strong></span> <span class='ocrx_word' id='word_1_146' title='bbox 1280 1935 1552 2005; x_wconf 81' lang='lat' dir='ltr'><strong>prioribus</strong></span> <span class='ocrx_word' id='word_1_147' title='bbox 1581 1949 1705 1990; x_wconf 89' lang='lat' dir='ltr'><strong>esse</strong></span> <span class='ocrx_word' id='word_1_148' title='bbox 1724 1934 1990 1989; x_wconf 87' lang='lat' dir='ltr'><strong>addenda.</strong></span> 
     </span>
    </p>
   </div>
   <div class='ocr_carea' id='block_1_20' title="bbox 393 2027 1994 2103">
    <p class='ocr_par' dir='ltr' id='par_1_20' title="bbox 393 2027 1994 2103">
     <span class='ocr_line' id='line_1_20' title="bbox 393 2027 1994 2103; baseline -0.003 -18"><span class='ocrx_word' id='word_1_149' title='bbox 393 2033 609 2102; x_wconf 65' lang='lat' dir='ltr'><strong>Quaere</strong></span> <span class='ocrx_word' id='word_1_150' title='bbox 623 2032 785 2103; x_wconf 82' lang='lat' dir='ltr'><strong>igitur</strong></span> <span class='ocrx_word' id='word_1_151' title='bbox 798 2032 1007 2096; x_wconf 87' lang='lat' dir='ltr'><strong>futura,</strong></span> <span class='ocrx_word' id='word_1_152' title='bbox 1025 2038 1080 2084; x_wconf 91' lang='lat' dir='ltr'><strong>et</strong></span> <span class='ocrx_word' id='word_1_153' title='bbox 1093 2028 1384 2098; x_wconf 67' lang='lat' dir='ltr'><strong>praasetttia</strong></span> <span class='ocrx_word' id='word_1_154' title='bbox 1401 2027 1638 2097; x_wconf 89' lang='lat' dir='ltr'><strong>accipies</strong></span> <span class='ocrx_word' id='word_1_155' title='bbox 1661 2043 1677 2093; x_wconf 89' lang='lat'><strong>;</strong></span> <span class='ocrx_word' id='word_1_156' title='bbox 1701 2042 1769 2080; x_wconf 91' lang='lat' dir='ltr'><strong>ne</strong></span> <span class='ocrx_word' id='word_1_157' title='bbox 1779 2039 1994 2094; x_wconf 54' lang='lat' dir='ltr'><strong>quaeras</strong></span> 
     </span>
    </p>
   </div>
   <div class='ocr_carea' id='block_1_21' title="bbox 414 2117 1993 2193">
    <p class='ocr_par' dir='ltr' id='par_1_21' title="bbox 414 2117 1993 2193">
     <span class='ocr_line' id='line_1_21' title="bbox 414 2117 1993 2193; baseline -0.006 -13"><span class='ocrx_word' id='word_1_158' title='bbox 414 2125 672 2189; x_wconf 77' lang='lat' dir='ltr'><strong>visibilia,</strong></span> <span class='ocrx_word' id='word_1_159' title='bbox 694 2134 748 2180; x_wconf 89' lang='lat' dir='ltr'><strong>et</strong></span> <span class='ocrx_word' id='word_1_160' title='bbox 770 2137 997 2193; x_wconf 77' lang='lat' dir='ltr'><strong>prorsus</strong></span> <span class='ocrx_word' id='word_1_161' title='bbox 1025 2121 1116 2175; x_wconf 90' lang='lat' dir='ltr'><strong>illa</strong></span> <span class='ocrx_word' id='word_1_162' title='bbox 1147 2119 1526 2188; x_wconf 84' lang='lat' dir='ltr'><strong>consequeris.</strong></span> <span class='ocrx_word' id='word_1_163' title='bbox 1555 2117 1690 2174; x_wconf 83' lang='lat' dir='ltr'><strong>Nam</strong></span> <span class='ocrx_word' id='word_1_164' title='bbox 1709 2117 1993 2188; x_wconf 89' lang='lat' dir='ltr'><strong>indignum</strong></span> 
     </span>
    </p>
   </div>
   <div class='ocr_carea' id='block_1_22' title="bbox 428 2214 1995 2288">
    <p class='ocr_par' dir='ltr' id='par_1_22' title="bbox 428 2214 1995 2288">
     <span class='ocr_line' id='line_1_22' title="bbox 428 2214 1995 2288; baseline -0.008 -10"><span class='ocrx_word' id='word_1_165' title='bbox 428 2232 486 2278; x_wconf 87' lang='lat' dir='ltr'><strong>te</strong></span> <span class='ocrx_word' id='word_1_166' title='bbox 504 2231 591 2278; x_wconf 88' lang='lat' dir='ltr'><strong>est</strong></span> <span class='ocrx_word' id='word_1_167' title='bbox 612 2220 905 2276; x_wconf 88' lang='lat' dir='ltr'><strong>Dominum</strong></span> <span class='ocrx_word' id='word_1_168' title='bbox 924 2219 1076 2274; x_wconf 87' lang='lat' dir='ltr'><strong>adire</strong></span> <span class='ocrx_word' id='word_1_169' title='bbox 1107 2235 1205 2288; x_wconf 90' lang='lat' dir='ltr'><strong>pro</strong></span> <span class='ocrx_word' id='word_1_170' title='bbox 1221 2218 1382 2273; x_wconf 81' lang='lat' dir='ltr'><strong>rebus</strong></span> <span class='ocrx_word' id='word_1_171' title='bbox 1413 2215 1749 2285; x_wconf 82' lang='lat' dir='ltr'><strong>ltujusmodi.</strong></span> <span class='ocrx_word' id='word_1_172' title='bbox 1783 2214 1995 2269; x_wconf 85' lang='lat' dir='ltr'><strong>Etenim</strong></span> 
     </span>
    </p>
   </div>
   <div class='ocr_carea' id='block_1_23' title="bbox 415 2306 1994 2384">
    <p class='ocr_par' dir='ltr' id='par_1_23' title="bbox 415 2306 1994 2384">
     <span class='ocr_line' id='line_1_23' title="bbox 415 2306 1994 2384; baseline -0.006 -16"><span class='ocrx_word' id='word_1_173' title='bbox 415 2315 512 2384; x_wconf 93' lang='lat' dir='ltr'><strong>qui</strong></span> <span class='ocrx_word' id='word_1_174' title='bbox 530 2329 692 2370; x_wconf 85' lang='lat' dir='ltr'><strong>omne</strong></span> <span class='ocrx_word' id='word_1_175' title='bbox 708 2313 973 2375; x_wconf 86' lang='lat' dir='ltr'><strong>studium,</strong></span> <span class='ocrx_word' id='word_1_176' title='bbox 992 2326 1210 2365; x_wconf 89' lang='lat' dir='ltr'><strong>omnem</strong></span> <span class='ocrx_word' id='word_1_177' title='bbox 1226 2325 1409 2365; x_wconf 86' lang='lat' dir='ltr'><strong>curam</strong></span> <span class='ocrx_word' id='word_1_178' title='bbox 1432 2307 1692 2364; x_wconf 86' lang='lat' dir='ltr'><strong>adbibere</strong></span> <span class='ocrx_word' id='word_1_179' title='bbox 1713 2306 1880 2361; x_wconf 75' lang='lat' dir='ltr'><strong>debes</strong></span> <span class='ocrx_word' id='word_1_180' title='bbox 1897 2321 1994 2376; x_wconf 89' lang='lat' dir='ltr'><strong>pro</strong></span> 
     </span>
    </p>
   </div>
   <div class='ocr_carea' id='block_1_24' title="bbox 417 2397 2001 2470">
    <p class='ocr_par' dir='ltr' id='par_1_24' title="bbox 417 2397 2001 2470">
     <span class='ocr_line' id='line_1_24' title="bbox 417 2397 2001 2470; baseline -0.004 -12"><span class='ocrx_word' id='word_1_181' title='bbox 417 2403 782 2460; x_wconf 76' lang='lat' dir='ltr'><strong>inell’abilibus</strong></span> <span class='ocrx_word' id='word_1_182' title='bbox 803 2403 910 2456; x_wconf 85' lang='lat' dir='ltr'><strong>illis</strong></span> <span class='ocrx_word' id='word_1_183' title='bbox 931 2401 1353 2470; x_wconf 86' lang='lat' dir='ltr'><strong>bouis,teipsum</strong></span> <span class='ocrx_word' id='word_1_184' title='bbox 1369 2398 1822 2463; x_wconf 85' lang='lat' dir='ltr'><strong>dedecoras,dum</strong></span> <span class='ocrx_word' id='word_1_185' title='bbox 1843 2397 1894 2452; x_wconf 92' lang='lat' dir='ltr'><strong>in</strong></span> <span class='ocrx_word' id='word_1_186' title='bbox 1907 2412 2001 2451; x_wconf 82' lang='lat' dir='ltr'><strong>cu-</strong></span> 
     </span>
    </p>
   </div>
   <div class='ocr_carea' id='block_1_25' title="bbox 421 2488 1996 2564">
    <p class='ocr_par' dir='ltr' id='par_1_25' title="bbox 421 2488 1996 2564">
     <span class='ocr_line' id='line_1_25' title="bbox 421 2488 1996 2564; baseline -0.003 -18"><span class='ocrx_word' id='word_1_187' title='bbox 421 2494 645 2564; x_wconf 88' lang='lat' dir='ltr'><strong>piditate</strong></span> <span class='ocrx_word' id='word_1_188' title='bbox 674 2493 942 2549; x_wconf 75' lang='lat' dir='ltr'><strong>[laxat-um</strong></span> <span class='ocrx_word' id='word_1_189' title='bbox 976 2508 1155 2549; x_wconf 86' lang='lat' dir='ltr'><strong>rerum</strong></span> <span class='ocrx_word' id='word_1_190' title='bbox 1186 2491 1337 2548; x_wconf 86' lang='lat' dir='ltr'><strong>illam</strong></span> <span class='ocrx_word' id='word_1_191' title='bbox 1373 2490 1664 2559; x_wconf 88' lang='lat' dir='ltr'><strong>impendis.</strong></span> <span class='ocrx_word' id='word_1_192' title='bbox 1695 2488 1808 2546; x_wconf 87' lang='lat' dir='ltr'><strong>Cur</strong></span> <span class='ocrx_word' id='word_1_193' title='bbox 1844 2503 1996 2554; x_wconf 73' lang='lat' dir='ltr'><strong>ergo,</strong></span> 
     </span>
    </p>
   </div>
   <div class='ocr_carea' id='block_1_26' title="bbox 425 2580 2001 2660">
    <p class='ocr_par' dir='ltr' id='par_1_26' title="bbox 425 2580 2001 2660">
     <span class='ocr_line' id='line_1_26' title="bbox 425 2580 2001 2660; baseline -0.007 -16"><span class='ocrx_word' id='word_1_194' title='bbox 425 2590 666 2660; x_wconf 84' lang='lat' dir='ltr'><strong>inquies,</strong></span> <span class='ocrx_word' id='word_1_195' title='bbox 682 2588 848 2656; x_wconf 64' lang='lat' dir='ltr'><strong>jllSail</strong></span> <span class='ocrx_word' id='word_1_196' title='bbox 882 2601 1076 2655; x_wconf 88' lang='lat' dir='ltr'><strong>panem</strong></span> <span class='ocrx_word' id='word_1_197' title='bbox 1099 2585 1322 2654; x_wconf 80' lang='lat' dir='ltr'><strong>petere?</strong></span> <span class='ocrx_word' id='word_1_198' title='bbox 1347 2582 1450 2638; x_wconf 88' lang='lat' dir='ltr'><strong>Sed</strong></span> <span class='ocrx_word' id='word_1_199' title='bbox 1469 2582 1696 2642; x_wconf 89' lang='lat' dir='ltr'><strong>addidit,</strong></span> <span class='ocrx_word' id='word_1_200' title='bbox 1716 2580 2001 2646; x_wconf 83' lang='lat' dir='ltr'><strong>Quotidia-</strong></span> 
     </span>
    </p>
   </div>
   <div class='ocr_carea' id='block_1_27' title="bbox 416 2670 1998 2742">
    <p class='ocr_par' dir='ltr' id='par_1_27' title="bbox 416 2670 1998 2742">
     <span class='ocr_line' id='line_1_27' title="bbox 416 2670 1998 2742; baseline -0.003 -13"><span class='ocrx_word' id='word_1_201' title='bbox 416 2674 556 2741; x_wconf 80' lang='lat' dir='ltr'><strong>mtm,</strong></span> <span class='ocrx_word' id='word_1_202' title='bbox 585 2685 641 2731; x_wconf 91' lang='lat' dir='ltr'><strong>et</strong></span> <span class='ocrx_word' id='word_1_203' title='bbox 667 2675 770 2730; x_wconf 84' lang='lat' dir='ltr'><strong>hoc</strong></span> <span class='ocrx_word' id='word_1_204' title='bbox 797 2689 1007 2730; x_wconf 86' lang='lat' dir='ltr'><strong>rursum</strong></span> <span class='ocrx_word' id='word_1_205' title='bbox 1033 2674 1202 2742; x_wconf 87' lang='lat' dir='ltr'><strong>addit,</strong></span> <span class='ocrx_word' id='word_1_206' title='bbox 1244 2672 1409 2727; x_wconf 79' lang='lat' dir='ltr'><strong>Hodie</strong></span> <span class='ocrx_word' id='word_1_207' title='bbox 1437 2670 1584 2742; x_wconf 87' lang='lat' dir='ltr'><strong>(Luc.</strong></span> <span class='ocrx_word' id='word_1_208' title='bbox 1620 2672 1705 2726; x_wconf 82' lang='lat' dir='ltr'><strong>ll.</strong></span> <span class='ocrx_word' id='word_1_209' title='bbox 1735 2672 1825 2741; x_wconf 74' lang='lat'><strong>5):</strong></span> <span class='ocrx_word' id='word_1_210' title='bbox 1857 2671 1998 2741; x_wconf 91' lang='lat' dir='ltr'><strong>quod</strong></span> 
     </span>
    </p>
   </div>
   <div class='ocr_carea' id='block_1_28' title="bbox 413 2765 2004 2833">
    <p class='ocr_par' dir='ltr' id='par_1_28' title="bbox 413 2765 2004 2833">
     <span class='ocr_line' id='line_1_28' title="bbox 413 2765 2004 2833; baseline -0.003 -9"><span class='ocrx_word' id='word_1_211' title='bbox 413 2771 588 2833; x_wconf 80' lang='lat' dir='ltr'><strong>i,-sum</strong></span> <span class='ocrx_word' id='word_1_212' title='bbox 615 2772 700 2824; x_wconf 91' lang='lat' dir='ltr'><strong>hic</strong></span> <span class='ocrx_word' id='word_1_213' title='bbox 715 2771 873 2826; x_wconf 89' lang='lat' dir='ltr'><strong>etiam</strong></span> <span class='ocrx_word' id='word_1_214' title='bbox 891 2769 1156 2826; x_wconf 83' lang='lat' dir='ltr'><strong>observat.</strong></span> <span class='ocrx_word' id='word_1_215' title='bbox 1179 2767 1292 2822; x_wconf 89' lang='lat' dir='ltr'><strong>Non</strong></span> <span class='ocrx_word' id='word_1_216' title='bbox 1313 2767 1456 2822; x_wconf 87' lang='lat' dir='ltr'><strong>enim</strong></span> <span class='ocrx_word' id='word_1_217' title='bbox 1483 2766 1655 2820; x_wconf 87' lang='lat' dir='ltr'><strong>solum</strong></span> <span class='ocrx_word' id='word_1_218' title='bbox 1672 2765 1826 2831; x_wconf 75' lang='lat' dir='ltr'><strong>dixit,</strong></span> <span class='ocrx_word' id='word_1_219' title='bbox 1859 2765 2004 2820; x_wconf 82' lang='lat' dir='ltr'><strong>Noli-</strong></span> 
     </span>
    </p>
   </div>
   <div class='ocr_carea' id='block_1_29' title="bbox 416 2855 2000 2926">
    <p class='ocr_par' dir='ltr' id='par_1_29' title="bbox 416 2855 2000 2926">
     <span class='ocr_line' id='line_1_29' title="bbox 416 2855 2000 2926; baseline -0.004 -12"><span class='ocrx_word' id='word_1_220' title='bbox 416 2870 470 2915; x_wconf 80' lang='lat' dir='ltr'><strong>te</strong></span> <span class='ocrx_word' id='word_1_221' title='bbox 498 2860 708 2915; x_wconf 89' lang='lat' dir='ltr'><strong>solliciti</strong></span> <span class='ocrx_word' id='word_1_222' title='bbox 744 2874 900 2926; x_wconf 88' lang='lat' dir='ltr'><strong>esse;</strong></span> <span class='ocrx_word' id='word_1_223' title='bbox 934 2859 1026 2914; x_wconf 91' lang='lat' dir='ltr'><strong>sed</strong></span> <span class='ocrx_word' id='word_1_224' title='bbox 1048 2901 1062 2925; x_wconf 96' lang='lat'><strong>,</strong></span> <span class='ocrx_word' id='word_1_225' title='bbox 1093 2859 1184 2914; x_wconf 64' lang='grc'><strong>54.</strong></span> <span class='ocrx_word' id='word_1_226' title='bbox 1232 2856 1407 2912; x_wconf 79' lang='lat' dir='ltr'><strong>Nolite</strong></span> <span class='ocrx_word' id='word_1_227' title='bbox 1431 2855 1635 2912; x_wconf 74' lang='lat' dir='ltr'><strong>solliciti</strong></span> <span class='ocrx_word' id='word_1_228' title='bbox 1661 2873 1768 2910; x_wconf 83' lang='lat' dir='ltr'><strong>esse</strong></span> <span class='ocrx_word' id='word_1_229' title='bbox 1802 2856 1854 2909; x_wconf 82' lang='lat' dir='ltr'><strong>in</strong></span> <span class='ocrx_word' id='word_1_230' title='bbox 1883 2873 2000 2909; x_wconf 82' lang='lat' dir='ltr'><strong>cra-</strong></span> 
     </span>
    </p>
   </div>
   <div class='ocr_carea' id='block_1_30' title="bbox 414 2947 2002 3014">
    <p class='ocr_par' dir='ltr' id='par_1_30' title="bbox 414 2947 2002 3014">
     <span class='ocr_line' id='line_1_30' title="bbox 414 2947 2002 3014; baseline -0.001 -10"><span class='ocrx_word' id='word_1_231' title='bbox 414 2952 604 3004; x_wconf 68' lang='lat' dir='ltr'><strong>stinum</strong></span> <span class='ocrx_word' id='word_1_232' title='bbox 636 2967 654 3004; x_wconf 90' lang='lat'><strong><em>:</em></strong></span> <span class='ocrx_word' id='word_1_233' title='bbox 683 2951 842 3006; x_wconf 87' lang='lat' dir='ltr'><strong>simul</strong></span> <span class='ocrx_word' id='word_1_234' title='bbox 870 2949 1022 3004; x_wconf 91' lang='lat' dir='ltr'><strong>nobis</strong></span> <span class='ocrx_word' id='word_1_235' title='bbox 1062 2948 1360 3005; x_wconf 85' lang='lat' dir='ltr'><strong>libertatem</strong></span> <span class='ocrx_word' id='word_1_236' title='bbox 1404 2947 1632 3014; x_wconf 88' lang='lat' dir='ltr'><strong>donans,</strong></span> <span class='ocrx_word' id='word_1_237' title='bbox 1668 2955 1721 3003; x_wconf 89' lang='lat' dir='ltr'><strong>et</strong></span> <span class='ocrx_word' id='word_1_238' title='bbox 1770 2947 2002 3002; x_wconf 87' lang='lat' dir='ltr'><strong>animam</strong></span> 
     </span>
    </p>
   </div>
   <div class='ocr_carea' id='block_1_31' title="bbox 413 3040 2004 3112">
    <p class='ocr_par' dir='ltr' id='par_1_31' title="bbox 413 3040 2004 3112">
     <span class='ocr_line' id='line_1_31' title="bbox 413 3040 2004 3112; baseline 0.001 -17"><span class='ocrx_word' id='word_1_239' title='bbox 413 3052 656 3099; x_wconf 78' lang='lat' dir='ltr'><strong>nostram</strong></span> <span class='ocrx_word' id='word_1_240' title='bbox 683 3043 844 3100; x_wconf 90' lang='lat' dir='ltr'><strong>rebus</strong></span> <span class='ocrx_word' id='word_1_241' title='bbox 883 3043 1052 3112; x_wconf 87' lang='lat' dir='ltr'><strong>magis</strong></span> <span class='ocrx_word' id='word_1_242' title='bbox 1077 3040 1392 3098; x_wconf 82' lang='lat' dir='ltr'><strong>necessariis</strong></span> <span class='ocrx_word' id='word_1_243' title='bbox 1425 3040 1695 3095; x_wconf 85' lang='lat' dir='ltr'><strong>addiceus.</strong></span> <span class='ocrx_word' id='word_1_244' title='bbox 1749 3040 1883 3096; x_wconf 90' lang='lat' dir='ltr'><strong>Nam</strong></span> <span class='ocrx_word' id='word_1_245' title='bbox 1915 3041 2004 3097; x_wconf 88' lang='lat' dir='ltr'><strong>illa</strong></span> 
     </span>
    </p>
   </div>
   <div class='ocr_carea' id='block_1_32' title="bbox 421 3131 2000 3204">
    <p class='ocr_par' dir='ltr' id='par_1_32' title="bbox 421 3131 2000 3204">
     <span class='ocr_line' id='line_1_32' title="bbox 421 3131 2000 3204; baseline -0.002 -15"><span class='ocrx_word' id='word_1_246' title='bbox 421 3142 603 3202; x_wconf 86' lang='lat' dir='ltr'><strong>petere</strong></span> <span class='ocrx_word' id='word_1_247' title='bbox 632 3133 752 3190; x_wconf 90' lang='lat' dir='ltr'><strong>ideo</strong></span> <span class='ocrx_word' id='word_1_248' title='bbox 771 3133 950 3203; x_wconf 84' lang='lat' dir='ltr'><strong>jussit,</strong></span> <span class='ocrx_word' id='word_1_249' title='bbox 972 3149 1076 3188; x_wconf 90' lang='lat' dir='ltr'><strong>non</strong></span> <span class='ocrx_word' id='word_1_250' title='bbox 1101 3131 1242 3202; x_wconf 87' lang='lat' dir='ltr'><strong>quod</strong></span> <span class='ocrx_word' id='word_1_251' title='bbox 1270 3133 1412 3189; x_wconf 84' lang='lat' dir='ltr'><strong>Deus</strong></span> <span class='ocrx_word' id='word_1_252' title='bbox 1425 3131 1700 3186; x_wconf 91' lang='lat' dir='ltr'><strong>admonitu</strong></span> <span class='ocrx_word' id='word_1_253' title='bbox 1716 3132 2000 3204; x_wconf 87' lang='lat' dir='ltr'><strong>indigeret,</strong></span> 
     </span>
    </p>
   </div>
   <div class='ocr_carea' id='block_1_33' title="bbox 417 3222 2004 3294">
    <p class='ocr_par' dir='ltr' id='par_1_33' title="bbox 417 3222 2004 3294">
     <span class='ocr_line' id='line_1_33' title="bbox 417 3222 2004 3294; baseline 0 -17"><span class='ocrx_word' id='word_1_254' title='bbox 417 3224 512 3279; x_wconf 90' lang='lat' dir='ltr'><strong>sed</strong></span> <span class='ocrx_word' id='word_1_255' title='bbox 543 3232 599 3278; x_wconf 88' lang='lat' dir='ltr'><strong>ut</strong></span> <span class='ocrx_word' id='word_1_256' title='bbox 626 3223 912 3288; x_wconf 88' lang='lat' dir='ltr'><strong>discamus,</strong></span> <span class='ocrx_word' id='word_1_257' title='bbox 938 3239 1036 3280; x_wconf 89' lang='lat' dir='ltr'><strong>nos</strong></span> <span class='ocrx_word' id='word_1_258' title='bbox 1061 3223 1177 3294; x_wconf 90' lang='lat' dir='ltr'><strong>ejus</strong></span> <span class='ocrx_word' id='word_1_259' title='bbox 1205 3222 1403 3278; x_wconf 81' lang='lat' dir='ltr'><strong>auxilio</strong></span> <span class='ocrx_word' id='word_1_260' title='bbox 1431 3223 1568 3278; x_wconf 89' lang='lat' dir='ltr'><strong>bona</strong></span> <span class='ocrx_word' id='word_1_261' title='bbox 1598 3239 1759 3294; x_wconf 86' lang='lat' dir='ltr'><strong>agere</strong></span> <span class='ocrx_word' id='word_1_262' title='bbox 1785 3224 1962 3278; x_wconf 81' lang='lat' dir='ltr'><strong>omnia</strong></span> <span class='ocrx_word' id='word_1_263' title='bbox 1987 3264 2004 3289; x_wconf 94' lang='lat'><strong>,</strong></span> 
     </span>
    </p>
   </div>
   <div class='ocr_carea' id='block_1_34' title="bbox 417 3314 2002 3384">
    <p class='ocr_par' dir='ltr' id='par_1_34' title="bbox 417 3314 2002 3384">
     <span class='ocr_line' id='line_1_34' title="bbox 417 3314 2002 3384; baseline 0 -15"><span class='ocrx_word' id='word_1_264' title='bbox 417 3325 473 3369; x_wconf 90' lang='lat' dir='ltr'><strong>et</strong></span> <span class='ocrx_word' id='word_1_265' title='bbox 505 3324 562 3370; x_wconf 92' lang='lat' dir='ltr'><strong>ut</strong></span> <span class='ocrx_word' id='word_1_266' title='bbox 589 3315 905 3372; x_wconf 87' lang='lat' dir='ltr'><strong>assiduitate</strong></span> <span class='ocrx_word' id='word_1_267' title='bbox 928 3315 1138 3384; x_wconf 85' lang='lat' dir='ltr'><strong>petendi</strong></span> <span class='ocrx_word' id='word_1_268' title='bbox 1181 3330 1278 3370; x_wconf 91' lang='lat' dir='ltr'><strong>nos</strong></span> <span class='ocrx_word' id='word_1_269' title='bbox 1305 3315 1354 3370; x_wconf 91' lang='lat' dir='ltr'><strong>ei</strong></span> <span class='ocrx_word' id='word_1_270' title='bbox 1386 3314 1673 3371; x_wconf 78' lang='lat' dir='ltr'><strong>familiares</strong></span> <span class='ocrx_word' id='word_1_271' title='bbox 1694 3314 2002 3371; x_wconf 87' lang='lat' dir='ltr'><strong>reddamus.</strong></span> 
     </span>
    </p>
   </div>
   <div class='ocr_carea' id='block_1_35' title="bbox 418 3405 2006 3478">
    <p class='ocr_par' dir='ltr' id='par_1_35' title="bbox 418 3405 2006 3478">
     <span class='ocr_line' id='line_1_35' title="bbox 418 3405 2006 3478; baseline 0.002 -17"><span class='ocrx_word' id='word_1_272' title='bbox 418 3407 608 3464; x_wconf 71' lang='lat' dir='ltr'><strong>Viden&#39;</strong></span> <span class='ocrx_word' id='word_1_273' title='bbox 633 3405 900 3478; x_wconf 88' lang='lat' dir='ltr'><strong>quomodo</strong></span> <span class='ocrx_word' id='word_1_274' title='bbox 944 3422 1040 3477; x_wconf 89' lang='lat' dir='ltr'><strong>per</strong></span> <span class='ocrx_word' id='word_1_275' title='bbox 1069 3406 1184 3463; x_wconf 82' lang='lat' dir='ltr'><strong>haec</strong></span> <span class='ocrx_word' id='word_1_276' title='bbox 1207 3405 1470 3474; x_wconf 90' lang='lat' dir='ltr'><strong>suadeat,</strong></span> <span class='ocrx_word' id='word_1_277' title='bbox 1525 3406 1821 3478; x_wconf 87' lang='lat' dir='ltr'><strong>doceatque</strong></span> <span class='ocrx_word' id='word_1_278' title='bbox 1861 3407 2006 3477; x_wconf 88' lang='lat' dir='ltr'><strong>ipsos</strong></span> 
     </span>
    </p>
   </div>
   <div class='ocr_carea' id='block_1_36' title="bbox 417 3498 2003 3570">
    <p class='ocr_par' dir='ltr' id='par_1_36' title="bbox 417 3498 2003 3570">
     <span class='ocr_line' id='line_1_36' title="bbox 417 3498 2003 3570; baseline 0.001 -16"><span class='ocrx_word' id='word_1_279' title='bbox 417 3501 704 3570; x_wconf 67' lang='lat' dir='ltr'><strong>praesentia</strong></span> <span class='ocrx_word' id='word_1_280' title='bbox 733 3515 946 3570; x_wconf 89' lang='lat' dir='ltr'><strong>quoque</strong></span> <span class='ocrx_word' id='word_1_281' title='bbox 977 3510 1288 3569; x_wconf 86' lang='lat' dir='ltr'><strong>accepturos</strong></span> <span class='ocrx_word' id='word_1_282' title='bbox 1309 3499 1471 3554; x_wconf 87' lang='lat' dir='ltr'><strong>esse?</strong></span> <span class='ocrx_word' id='word_1_283' title='bbox 1499 3498 1600 3566; x_wconf 87' lang='lat' dir='ltr'><strong>Qui</strong></span> <span class='ocrx_word' id='word_1_284' title='bbox 1623 3499 1765 3554; x_wconf 91' lang='lat' dir='ltr'><strong>enim</strong></span> <span class='ocrx_word' id='word_1_285' title='bbox 1799 3500 2003 3570; x_wconf 83' lang='lat' dir='ltr'><strong>majora</strong></span> 
     </span>
    </p>
   </div>
   <div class='ocr_carea' id='block_1_37' title="bbox 360 3590 2005 3661">
    <p class='ocr_par' dir='ltr' id='par_1_37' title="bbox 360 3590 2005 3661">
     <span class='ocr_line' id='line_1_37' title="bbox 360 3590 2005 3661; baseline -0.002 -13"><span class='ocrx_word' id='word_1_286' title='bbox 360 3620 366 3625; x_wconf 86' lang='grc'><strong>·</strong></span> <span class='ocrx_word' id='word_1_287' title='bbox 419 3593 659 3661; x_wconf 76' lang='lat' dir='ltr'><strong>praebet,</strong></span> <span class='ocrx_word' id='word_1_288' title='bbox 707 3592 876 3647; x_wconf 90' lang='lat' dir='ltr'><strong>multo</strong></span> <span class='ocrx_word' id='word_1_289' title='bbox 900 3592 1069 3661; x_wconf 88' lang='lat' dir='ltr'><strong>magis</strong></span> <span class='ocrx_word' id='word_1_290' title='bbox 1093 3592 1296 3646; x_wconf 87' lang='lat' dir='ltr'><strong>minora</strong></span> <span class='ocrx_word' id='word_1_291' title='bbox 1321 3590 1490 3646; x_wconf 83' lang='lat' dir='ltr'><strong>dabit.</strong></span> <span class='ocrx_word' id='word_1_292' title='bbox 1515 3590 1630 3645; x_wconf 88' lang='lat' dir='ltr'><strong>Non</strong></span> <span class='ocrx_word' id='word_1_293' title='bbox 1663 3591 1781 3648; x_wconf 90' lang='lat' dir='ltr'><strong>ideo</strong></span> <span class='ocrx_word' id='word_1_294' title='bbox 1820 3592 1962 3647; x_wconf 88' lang='lat' dir='ltr'><strong>enim</strong></span> <span class='ocrx_word' id='word_1_295' title='bbox 1985 3631 2005 3656; x_wconf 90' lang='lat'><strong>,</strong></span> 
     </span>
    </p>
   </div>
   <div class='ocr_carea' id='block_1_38' title="bbox 423 3684 2010 3758">
    <p class='ocr_par' dir='ltr' id='par_1_38' title="bbox 423 3684 2010 3758">
     <span class='ocr_line' id='line_1_38' title="bbox 423 3684 2010 3758; baseline -0.003 -16"><span class='ocrx_word' id='word_1_296' title='bbox 423 3687 628 3758; x_wconf 89' lang='lat' dir='ltr'><strong>inquit,</strong></span> <span class='ocrx_word' id='word_1_297' title='bbox 661 3686 890 3755; x_wconf 71' lang='lat' dir='ltr'><strong>praecepi</strong></span> <span class='ocrx_word' id='word_1_298' title='bbox 923 3701 992 3740; x_wconf 89' lang='lat' dir='ltr'><strong>ne</strong></span> <span class='ocrx_word' id='word_1_299' title='bbox 1034 3685 1245 3739; x_wconf 87' lang='lat' dir='ltr'><strong>solliciti</strong></span> <span class='ocrx_word' id='word_1_300' title='bbox 1271 3684 1424 3750; x_wconf 90' lang='lat' dir='ltr'><strong>sitis,</strong></span> <span class='ocrx_word' id='word_1_301' title='bbox 1464 3684 1546 3738; x_wconf 83' lang='lat' dir='ltr'><strong>vel</strong></span> <span class='ocrx_word' id='word_1_302' title='bbox 1577 3699 1645 3739; x_wconf 92' lang='lat' dir='ltr'><strong>ne</strong></span> <span class='ocrx_word' id='word_1_303' title='bbox 1691 3685 1883 3754; x_wconf 89' lang='lat' dir='ltr'><strong>petatis</strong></span> <span class='ocrx_word' id='word_1_304' title='bbox 1906 3725 1922 3751; x_wconf 94' lang='lat'><strong>,</strong></span> <span class='ocrx_word' id='word_1_305' title='bbox 1952 3693 2010 3738; x_wconf 93' lang='lat' dir='ltr'><strong>ut</strong></span> 
     </span>
    </p>
   </div>
   <div class='ocr_carea' id='block_1_39' title="bbox 425 3773 2009 3845">
    <p class='ocr_par' dir='ltr' id='par_1_39' title="bbox 425 3773 2009 3845">
     <span class='ocr_line' id='line_1_39' title="bbox 425 3773 2009 3845; baseline 0 -14"><span class='ocrx_word' id='word_1_306' title='bbox 425 3778 605 3833; x_wconf 81' lang='lat' dir='ltr'><strong>miseri</strong></span> <span class='ocrx_word' id='word_1_307' title='bbox 652 3778 770 3832; x_wconf 80' lang='lat' dir='ltr'><strong>suis</strong></span> <span class='ocrx_word' id='word_1_308' title='bbox 796 3785 853 3832; x_wconf 88' lang='lat' dir='ltr'><strong>et</strong></span> <span class='ocrx_word' id='word_1_309' title='bbox 881 3775 1007 3830; x_wconf 84' lang='lat' dir='ltr'><strong>nudi</strong></span> <span class='ocrx_word' id='word_1_310' title='bbox 1035 3775 1320 3830; x_wconf 85' lang='lat' dir='ltr'><strong>ambuletis</strong></span> <span class='ocrx_word' id='word_1_311' title='bbox 1343 3814 1359 3840; x_wconf 93' lang='lat'><strong>,</strong></span> <span class='ocrx_word' id='word_1_312' title='bbox 1410 3774 1504 3828; x_wconf 90' lang='lat' dir='ltr'><strong>scd</strong></span> <span class='ocrx_word' id='word_1_313' title='bbox 1549 3783 1606 3828; x_wconf 85' lang='grc' dir='ltr'><strong>ιιι</strong></span> <span class='ocrx_word' id='word_1_314' title='bbox 1655 3773 1768 3829; x_wconf 69' lang='lat' dir='ltr'><strong>lucc</strong></span> <span class='ocrx_word' id='word_1_315' title='bbox 1797 3790 2009 3845; x_wconf 87' lang='lat' dir='ltr'><strong>quoque</strong></span> 
     </span>
    </p>
   </div>
   <div class='ocr_carea' id='block_1_40' title="bbox 424 3865 2011 3938">
    <p class='ocr_par' dir='ltr' id='par_1_40' title="bbox 424 3865 2011 3938">
     <span class='ocr_line' id='line_1_40' title="bbox 424 3865 2011 3938; baseline -0.001 -16"><span class='ocrx_word' id='word_1_316' title='bbox 424 3869 760 3924; x_wconf 83' lang='lat' dir='ltr'><strong>abundanter</strong></span> <span class='ocrx_word' id='word_1_317' title='bbox 782 3877 1069 3938; x_wconf 85' lang='lat' dir='ltr'><strong>suppetant</strong></span> <span class='ocrx_word' id='word_1_318' title='bbox 1091 3885 1106 3920; x_wconf 88' lang='lat'><strong>:</strong></span> <span class='ocrx_word' id='word_1_319' title='bbox 1131 3866 1181 3922; x_wconf 92' lang='lat' dir='ltr'><strong>id</strong></span> <span class='ocrx_word' id='word_1_320' title='bbox 1202 3865 1344 3936; x_wconf 88' lang='lat' dir='ltr'><strong>quod</strong></span> <span class='ocrx_word' id='word_1_321' title='bbox 1367 3874 1516 3922; x_wconf 89' lang='lat' dir='ltr'><strong>certe</strong></span> <span class='ocrx_word' id='word_1_322' title='bbox 1541 3867 1770 3921; x_wconf 78' lang='lat' dir='ltr'><strong>maxime</strong></span> <span class='ocrx_word' id='word_1_323' title='bbox 1791 3866 1911 3920; x_wconf 87' lang='lat' dir='ltr'><strong>illos</strong></span> <span class='ocrx_word' id='word_1_324' title='bbox 1932 3876 2011 3922; x_wconf 80' lang='lat' dir='ltr'><strong>at-</strong></span> 
     </span>
    </p>
   </div>
   <div class='ocr_carea' id='block_1_41' title="bbox 423 3958 2008 4033">
    <p class='ocr_par' dir='ltr' id='par_1_41' title="bbox 423 3958 2008 4033">
     <span class='ocr_line' id='line_1_41' title="bbox 423 3958 2008 4033; baseline -0.001 -19"><span class='ocrx_word' id='word_1_325' title='bbox 423 3961 642 4017; x_wconf 79' lang='lat' dir='ltr'><strong>trahere</strong></span> <span class='ocrx_word' id='word_1_326' title='bbox 671 3968 896 4033; x_wconf 82' lang='lat' dir='ltr'><strong>poterat.</strong></span> <span class='ocrx_word' id='word_1_327' title='bbox 929 3959 1076 4014; x_wconf 87' lang='lat' dir='ltr'><strong>Sicut</strong></span> <span class='ocrx_word' id='word_1_328' title='bbox 1107 3973 1236 4028; x_wconf 85' lang='lat' dir='ltr'><strong>ergo</strong></span> <span class='ocrx_word' id='word_1_329' title='bbox 1261 3959 1313 4012; x_wconf 94' lang='lat' dir='ltr'><strong>in</strong></span> <span class='ocrx_word' id='word_1_330' title='bbox 1339 3958 1680 4029; x_wconf 83' lang='lat' dir='ltr'><strong>eleemosyna</strong></span> <span class='ocrx_word' id='word_1_331' title='bbox 1704 3958 1966 4030; x_wconf 85' lang='lat' dir='ltr'><strong>eroganda</strong></span> <span class='ocrx_word' id='word_1_332' title='bbox 1991 4001 2008 4026; x_wconf 93' lang='lat'><strong>,</strong></span> 
     </span>
    </p>
   </div>
   <div class='ocr_carea' id='block_1_42' title="bbox 427 4049 2007 4115">
    <p class='ocr_par' dir='ltr' id='par_1_42' title="bbox 427 4049 2007 4115">
     <span class='ocr_line' id='line_1_42' title="bbox 427 4049 2007 4115; baseline 0 -11"><span class='ocrx_word' id='word_1_333' title='bbox 427 4066 615 4110; x_wconf 61' lang='lat' dir='ltr'><strong>vetans</strong></span> <span class='ocrx_word' id='word_1_334' title='bbox 637 4068 758 4108; x_wconf 89' lang='lat' dir='ltr'><strong>sese</strong></span> <span class='ocrx_word' id='word_1_335' title='bbox 790 4051 1092 4107; x_wconf 57' lang='lat' dir='ltr'><strong>hominibus</strong></span> <span class='ocrx_word' id='word_1_336' title='bbox 1118 4059 1392 4106; x_wconf 85' lang='lat' dir='ltr'><strong>ostentare</strong></span> <span class='ocrx_word' id='word_1_337' title='bbox 1415 4091 1430 4115; x_wconf 91' lang='lat'><strong>,</strong></span> <span class='ocrx_word' id='word_1_338' title='bbox 1465 4050 1564 4105; x_wconf 89' lang='lat' dir='ltr'><strong>hac</strong></span> <span class='ocrx_word' id='word_1_339' title='bbox 1590 4049 1798 4106; x_wconf 85' lang='lat' dir='ltr'><strong>ratione</strong></span> <span class='ocrx_word' id='word_1_340' title='bbox 1837 4050 2007 4106; x_wconf 83' lang='lat' dir='ltr'><strong>maxi-</strong></span> 
     </span>
    </p>
   </div>
   <div class='ocr_carea' id='block_1_43' title="bbox 424 4141 2011 4210">
    <p class='ocr_par' dir='ltr' id='par_1_43' title="bbox 424 4141 2011 4210">
     <span class='ocr_line' id='line_1_43' title="bbox 424 4141 2011 4210; baseline -0.004 -8"><span class='ocrx_word' id='word_1_341' title='bbox 424 4162 515 4203; x_wconf 86' lang='lat' dir='ltr'><strong>tue</strong></span> <span class='ocrx_word' id='word_1_342' title='bbox 537 4145 792 4200; x_wconf 85' lang='lat' dir='ltr'><strong>suadebat</strong></span> <span class='ocrx_word' id='word_1_343' title='bbox 812 4144 919 4198; x_wconf 90' lang='lat' dir='ltr'><strong>illis</strong></span> <span class='ocrx_word' id='word_1_344' title='bbox 942 4184 958 4208; x_wconf 93' lang='lat'><strong>,</strong></span> <span class='ocrx_word' id='word_1_345' title='bbox 999 4142 1113 4198; x_wconf 71' lang='lat' dir='ltr'><strong>lucc</strong></span> <span class='ocrx_word' id='word_1_346' title='bbox 1138 4142 1238 4197; x_wconf 89' lang='lat' dir='ltr'><strong>sibi</strong></span> <span class='ocrx_word' id='word_1_347' title='bbox 1270 4158 1391 4197; x_wconf 90' lang='lat' dir='ltr'><strong>cum</strong></span> <span class='ocrx_word' id='word_1_348' title='bbox 1425 4141 1613 4210; x_wconf 84' lang='lat' dir='ltr'><strong>majori</strong></span> <span class='ocrx_word' id='word_1_349' title='bbox 1631 4141 1787 4210; x_wconf 85' lang='lat' dir='ltr'><strong>copia</strong></span> <span class='ocrx_word' id='word_1_350' title='bbox 1817 4149 1872 4197; x_wconf 88' lang='lat' dir='ltr'><strong>et</strong></span> <span class='ocrx_word' id='word_1_351' title='bbox 1893 4157 2011 4196; x_wconf 88' lang='lat' dir='ltr'><strong>ma-</strong></span> 
     </span>
    </p>
   </div>
   <div class='ocr_carea' id='block_1_44' title="bbox 423 4233 2014 4307">
    <p class='ocr_par' dir='ltr' id='par_1_44' title="bbox 423 4233 2014 4307">
     <span class='ocr_line' id='line_1_44' title="bbox 423 4233 2014 4307; baseline -0.001 -17"><span class='ocrx_word' id='word_1_352' title='bbox 423 4236 729 4307; x_wconf 82' lang='lat' dir='ltr'><strong>gniﬁcentia</strong></span> <span class='ocrx_word' id='word_1_353' title='bbox 748 4235 1017 4291; x_wconf 88' lang='lat' dir='ltr'><strong>reddenda</strong></span> <span class='ocrx_word' id='word_1_354' title='bbox 1039 4250 1158 4289; x_wconf 71' lang='lat' dir='ltr'><strong>esse</strong></span> <span class='ocrx_word' id='word_1_355' title='bbox 1185 4235 1333 4303; x_wconf 89' lang='lat' dir='ltr'><strong>(nam</strong></span> <span class='ocrx_word' id='word_1_356' title='bbox 1361 4234 1454 4299; x_wconf 86' lang='lat' dir='ltr'><strong>ait,</strong></span> <span class='ocrx_word' id='word_1_357' title='bbox 1485 4233 1642 4288; x_wconf 81' lang='lat' dir='ltr'><strong>Pater</strong></span> <span class='ocrx_word' id='word_1_358' title='bbox 1669 4243 1802 4300; x_wconf 81' lang='lat' dir='ltr'><strong>tuus,</strong></span> <span class='ocrx_word' id='word_1_359' title='bbox 1829 4235 1916 4302; x_wconf 86' lang='lat' dir='ltr'><strong>qui</strong></span> <span class='ocrx_word' id='word_1_360' title='bbox 1938 4235 2014 4288; x_wconf 82' lang='lat' dir='ltr'><strong>vi-</strong></span> 
     </span>
    </p>
   </div>
   <div class='ocr_carea' id='block_1_45' title="bbox 424 4327 2016 4398">
    <p class='ocr_par' dir='ltr' id='par_1_45' title="bbox 424 4327 2016 4398">
     <span class='ocr_line' id='line_1_45' title="bbox 424 4327 2016 4398; baseline -0.001 -14"><span class='ocrx_word' id='word_1_361' title='bbox 424 4331 512 4390; x_wconf 77' lang='lat' dir='ltr'><strong>det</strong></span> <span class='ocrx_word' id='word_1_362' title='bbox 535 4331 588 4384; x_wconf 84' lang='lat' dir='ltr'><strong>in</strong></span> <span class='ocrx_word' id='word_1_363' title='bbox 612 4328 903 4384; x_wconf 77' lang='lat' dir='ltr'><strong>abscondito</strong></span> <span class='ocrx_word' id='word_1_364' title='bbox 931 4368 946 4393; x_wconf 96' lang='lat'><strong>,</strong></span> <span class='ocrx_word' id='word_1_365' title='bbox 975 4327 1148 4381; x_wconf 84' lang='lat' dir='ltr'><strong>reddet</strong></span> <span class='ocrx_word' id='word_1_366' title='bbox 1173 4327 1261 4382; x_wconf 79' lang='lat' dir='ltr'><strong>tibi</strong></span> <span class='ocrx_word' id='word_1_367' title='bbox 1281 4327 1334 4381; x_wconf 78' lang='lat' dir='ltr'><strong>in</strong></span> <span class='ocrx_word' id='word_1_368' title='bbox 1365 4327 1654 4398; x_wconf 70' lang='lat' dir='ltr'><strong>manifesto)</strong></span> <span class='ocrx_word' id='word_1_369' title='bbox 1691 4345 1704 4381; x_wconf 87' lang='lat'><strong><em>:</em></strong></span> <span class='ocrx_word' id='word_1_370' title='bbox 1735 4327 1811 4382; x_wconf 88' lang='lat' dir='ltr'><strong>sic</strong></span> <span class='ocrx_word' id='word_1_371' title='bbox 1832 4337 1889 4384; x_wconf 89' lang='lat' dir='ltr'><strong>et</strong></span> <span class='ocrx_word' id='word_1_372' title='bbox 1914 4327 2016 4383; x_wconf 86' lang='lat' dir='ltr'><strong>hoc</strong></span> 
     </span>
    </p>
   </div>
   <div class='ocr_carea' id='block_1_46' title="bbox 430 4421 2012 4492">
    <p class='ocr_par' dir='ltr' id='par_1_46' title="bbox 430 4421 2012 4492">
     <span class='ocr_line' id='line_1_46' title="bbox 430 4421 2012 4492; baseline -0.001 -14"><span class='ocrx_word' id='word_1_373' title='bbox 430 4422 554 4478; x_wconf 76' lang='lat' dir='ltr'><strong>loco</strong></span> <span class='ocrx_word' id='word_1_374' title='bbox 611 4421 931 4477; x_wconf 86' lang='lat' dir='ltr'><strong>abstrabeus</strong></span> <span class='ocrx_word' id='word_1_375' title='bbox 975 4435 1070 4477; x_wconf 87' lang='lat' dir='ltr'><strong>eos</strong></span> <span class='ocrx_word' id='word_1_376' title='bbox 1113 4435 1148 4474; x_wconf 84' lang='lat' dir='ltr'><strong>a</strong></span> <span class='ocrx_word' id='word_1_377' title='bbox 1204 4421 1583 4490; x_wconf 76' lang='lat' dir='ltr'><strong>pert&#39;ptisitione</strong></span> <span class='ocrx_word' id='word_1_378' title='bbox 1633 4423 2012 4492; x_wconf 73' lang='lat' dir='ltr'><strong>praesentium,</strong></span> 
     </span>
    </p>
   </div>
   <div class='ocr_carea' id='block_1_47' title="bbox 429 4511 2018 4582">
    <p class='ocr_par' dir='ltr' id='par_1_47' title="bbox 429 4511 2018 4582">
     <span class='ocr_line' id='line_1_47' title="bbox 429 4511 2018 4582; baseline -0.001 -12"><span class='ocrx_word' id='word_1_379' title='bbox 429 4513 565 4578; x_wconf 82' lang='lat' dir='ltr'><strong>illud</strong></span> <span class='ocrx_word' id='word_1_380' title='bbox 595 4513 826 4568; x_wconf 83' lang='lat' dir='ltr'><strong>maxime</strong></span> <span class='ocrx_word' id='word_1_381' title='bbox 854 4512 1062 4578; x_wconf 86' lang='lat' dir='ltr'><strong>suadet,</strong></span> <span class='ocrx_word' id='word_1_382' title='bbox 1098 4511 1213 4568; x_wconf 68' lang='lat' dir='ltr'><strong>hsce</strong></span> <span class='ocrx_word' id='word_1_383' title='bbox 1239 4527 1344 4567; x_wconf 88' lang='lat' dir='ltr'><strong>non</strong></span> <span class='ocrx_word' id='word_1_384' title='bbox 1371 4514 1734 4582; x_wconf 82' lang='lat' dir='ltr'><strong>quaerentibus</strong></span> <span class='ocrx_word' id='word_1_385' title='bbox 1754 4529 1874 4568; x_wconf 92' lang='lat' dir='ltr'><strong>cum</strong></span> <span class='ocrx_word' id='word_1_386' title='bbox 1905 4530 2018 4569; x_wconf 84' lang='lat' dir='ltr'><strong>ma-</strong></span> 
     </span>
    </p>
   </div>
   <div class='ocr_carea' id='block_1_48' title="bbox 430 4603 2016 4678">
    <p class='ocr_par' dir='ltr' id='par_1_48' title="bbox 430 4603 2016 4678">
     <span class='ocr_line' id='line_1_48' title="bbox 430 4603 2016 4678; baseline 0.004 -23"><span class='ocrx_word' id='word_1_387' title='bbox 430 4607 552 4678; x_wconf 73' lang='lat' dir='ltr'><strong>jore</strong></span> <span class='ocrx_word' id='word_1_388' title='bbox 590 4603 911 4667; x_wconf 80' lang='lat' dir='ltr'><strong>abundantia</strong></span> <span class='ocrx_word' id='word_1_389' title='bbox 959 4605 1214 4674; x_wconf 81' lang='lat' dir='ltr'><strong>promitti.</strong></span> <span class='ocrx_word' id='word_1_390' title='bbox 1245 4603 1406 4668; x_wconf 90' lang='lat' dir='ltr'><strong>Ideo,</strong></span> <span class='ocrx_word' id='word_1_391' title='bbox 1453 4605 1624 4675; x_wconf 88' lang='lat' dir='ltr'><strong>inquit</strong></span> <span class='ocrx_word' id='word_1_392' title='bbox 1651 4645 1668 4668; x_wconf 89' lang='lat'><strong>,</strong></span> <span class='ocrx_word' id='word_1_393' title='bbox 1717 4608 1880 4674; x_wconf 86' lang='lat' dir='ltr'><strong>jubeo</strong></span> <span class='ocrx_word' id='word_1_394' title='bbox 1910 4622 2016 4662; x_wconf 89' lang='lat' dir='ltr'><strong>non</strong></span> 
     </span>
    </p>
   </div>
   <div class='ocr_carea' id='block_1_49' title="bbox 429 4694 2020 4771">
    <p class='ocr_par' dir='ltr' id='par_1_49' title="bbox 429 4694 2020 4771">
     <span class='ocr_line' id='line_1_49' title="bbox 429 4694 2020 4771; baseline 0.003 -21"><span class='ocrx_word' id='word_1_395' title='bbox 429 4711 700 4771; x_wconf 75' lang='lat' dir='ltr'><strong>quzerere,</strong></span> <span class='ocrx_word' id='word_1_396' title='bbox 732 4709 838 4752; x_wconf 83' lang='lat' dir='ltr'><strong>non</strong></span> <span class='ocrx_word' id='word_1_397' title='bbox 873 4709 944 4750; x_wconf 85' lang='lat' dir='ltr'><strong>ne</strong></span> <span class='ocrx_word' id='word_1_398' title='bbox 973 4695 1205 4765; x_wconf 86' lang='lat' dir='ltr'><strong>accipias</strong></span> <span class='ocrx_word' id='word_1_399' title='bbox 1229 4736 1244 4762; x_wconf 95' lang='lat'><strong>,</strong></span> <span class='ocrx_word' id='word_1_400' title='bbox 1293 4694 1386 4749; x_wconf 87' lang='lat' dir='ltr'><strong>sed</strong></span> <span class='ocrx_word' id='word_1_401' title='bbox 1429 4705 1483 4750; x_wconf 92' lang='lat' dir='ltr'><strong>ut</strong></span> <span class='ocrx_word' id='word_1_402' title='bbox 1519 4696 1857 4754; x_wconf 81' lang='lat' dir='ltr'><strong>abundanter</strong></span> <span class='ocrx_word' id='word_1_403' title='bbox 1881 4699 2020 4754; x_wconf 91' lang='lat' dir='ltr'><strong>acci-</strong></span> 
     </span>
    </p>
   </div>
   <div class='ocr_carea' id='block_1_50' title="bbox 434 4787 2019 4862">
    <p class='ocr_par' dir='ltr' id='par_1_50' title="bbox 434 4787 2019 4862">
     <span class='ocr_line' id='line_1_50' title="bbox 434 4787 2019 4862; baseline 0 -15"><span class='ocrx_word' id='word_1_404' title='bbox 434 4794 595 4862; x_wconf 78' lang='lat' dir='ltr'><strong>pias;</strong></span> <span class='ocrx_word' id='word_1_405' title='bbox 665 4801 722 4847; x_wconf 91' lang='lat' dir='ltr'><strong>ut</strong></span> <span class='ocrx_word' id='word_1_406' title='bbox 770 4788 1003 4857; x_wconf 88' lang='lat' dir='ltr'><strong>accipias</strong></span> <span class='ocrx_word' id='word_1_407' title='bbox 1068 4787 1229 4844; x_wconf 92' lang='lat' dir='ltr'><strong>modo</strong></span> <span class='ocrx_word' id='word_1_408' title='bbox 1287 4789 1379 4844; x_wconf 91' lang='lat' dir='ltr'><strong>tibi</strong></span> <span class='ocrx_word' id='word_1_409' title='bbox 1451 4790 1823 4858; x_wconf 89' lang='lat' dir='ltr'><strong>competenti,</strong></span> <span class='ocrx_word' id='word_1_410' title='bbox 1896 4806 2019 4847; x_wconf 92' lang='lat' dir='ltr'><strong>cum</strong></span> 
     </span>
    </p>
   </div>
   <div class='ocr_carea' id='block_1_51' title="bbox 433 4881 2020 4954">
    <p class='ocr_par' dir='ltr' id='par_1_51' title="bbox 433 4881 2020 4954">
     <span class='ocr_line' id='line_1_51' title="bbox 433 4881 2020 4954; baseline -0.001 -14"><span class='ocrx_word' id='word_1_411' title='bbox 433 4885 665 4941; x_wconf 75' lang='lat' dir='ltr'><strong>utilitate</strong></span> <span class='ocrx_word' id='word_1_412' title='bbox 715 4881 1027 4954; x_wconf 79' lang='lat' dir='ltr'><strong>cengruenti</strong></span> <span class='ocrx_word' id='word_1_413' title='bbox 1049 4898 1074 4954; x_wconf 64' lang='grc' dir='ltr'><strong><em>ε</em></strong></span> <span class='ocrx_word' id='word_1_414' title='bbox 1104 4897 1171 4937; x_wconf 91' lang='lat' dir='ltr'><strong>ne</strong></span> <span class='ocrx_word' id='word_1_415' title='bbox 1212 4881 1471 4940; x_wconf 89' lang='lat' dir='ltr'><strong>sollicitus</strong></span> <span class='ocrx_word' id='word_1_416' title='bbox 1522 4890 1576 4937; x_wconf 88' lang='lat' dir='ltr'><strong>et</strong></span> <span class='ocrx_word' id='word_1_417' title='bbox 1613 4881 1868 4938; x_wconf 86' lang='lat' dir='ltr'><strong>discissus</strong></span> <span class='ocrx_word' id='word_1_418' title='bbox 1921 4885 2020 4938; x_wconf 91' lang='lat' dir='ltr'><strong>ha-</strong></span> 
     </span>
    </p>
   </div>
   <div class='ocr_carea' id='block_1_52' title="bbox 434 4975 2023 5045">
    <p class='ocr_par' dir='ltr' id='par_1_52' title="bbox 434 4975 2023 5045">
     <span class='ocr_line' id='line_1_52' title="bbox 434 4975 2023 5045; baseline -0.001 -12"><span class='ocrx_word' id='word_1_419' title='bbox 434 4994 623 5040; x_wconf 75' lang='lat' dir='ltr'><strong>rumce</strong></span> <span class='ocrx_word' id='word_1_420' title='bbox 643 4993 824 5035; x_wconf 90' lang='lat' dir='ltr'><strong>rerum</strong></span> <span class='ocrx_word' id='word_1_421' title='bbox 851 4976 1013 5041; x_wconf 88' lang='lat' dir='ltr'><strong>curis,</strong></span> <span class='ocrx_word' id='word_1_422' title='bbox 1042 4984 1098 5031; x_wconf 89' lang='lat' dir='ltr'><strong>ot</strong></span> <span class='ocrx_word' id='word_1_423' title='bbox 1121 4976 1185 5030; x_wconf 86' lang='lat' dir='ltr'><strong>iis</strong></span> <span class='ocrx_word' id='word_1_424' title='bbox 1211 4975 1340 5045; x_wconf 89' lang='lat' dir='ltr'><strong>ipsis</strong></span> <span class='ocrx_word' id='word_1_425' title='bbox 1367 4975 1526 5029; x_wconf 82' lang='lat' dir='ltr'><strong>rebus</strong></span> <span class='ocrx_word' id='word_1_426' title='bbox 1562 4985 1617 5030; x_wconf 89' lang='lat' dir='ltr'><strong>et</strong></span> <span class='ocrx_word' id='word_1_427' title='bbox 1659 4976 2023 5045; x_wconf 85' lang='lat' dir='ltr'><strong>spiritualibus</strong></span> 
     </span>
    </p>
   </div>
   <div class='ocr_carea' id='block_1_53' title="bbox 437 5067 2024 5143">
    <p class='ocr_par' dir='ltr' id='par_1_53' title="bbox 437 5067 2024 5143">
     <span class='ocr_line' id='line_1_53' title="bbox 437 5067 2024 5143; baseline -0.001 -17"><span class='ocrx_word' id='word_1_428' title='bbox 437 5083 492 5128; x_wconf 85' lang='lat' dir='ltr'><strong>te</strong></span> <span class='ocrx_word' id='word_1_429' title='bbox 519 5071 788 5143; x_wconf 88' lang='lat' dir='ltr'><strong>indignum</strong></span> <span class='ocrx_word' id='word_1_430' title='bbox 810 5070 1124 5134; x_wconf 87' lang='lat' dir='ltr'><strong>constituas;</strong></span> <span class='ocrx_word' id='word_1_431' title='bbox 1152 5084 1218 5123; x_wconf 90' lang='lat' dir='ltr'><strong>ne</strong></span> <span class='ocrx_word' id='word_1_432' title='bbox 1243 5067 1566 5137; x_wconf 84' lang='lat' dir='ltr'><strong>superﬂuam</strong></span> <span class='ocrx_word' id='word_1_433' title='bbox 1584 5069 1805 5138; x_wconf 89' lang='lat' dir='ltr'><strong>patiaris</strong></span> <span class='ocrx_word' id='word_1_434' title='bbox 1823 5085 2024 5124; x_wconf 63' lang='lat' dir='ltr'><strong>terum-</strong></span> 
     </span>
    </p>
   </div>
   <div class='ocr_carea' id='block_1_54' title="bbox 439 5157 2026 5232">
    <p class='ocr_par' dir='ltr' id='par_1_54' title="bbox 439 5157 2026 5232">
     <span class='ocr_line' id='line_1_54' title="bbox 439 5157 2026 5232; baseline -0.001 -15"><span class='ocrx_word' id='word_1_435' title='bbox 439 5179 562 5218; x_wconf 87' lang='lat' dir='ltr'><strong>nam</strong></span> <span class='ocrx_word' id='word_1_436' title='bbox 592 5204 610 5230; x_wconf 89' lang='lat'><strong>,</strong></span> <span class='ocrx_word' id='word_1_437' title='bbox 652 5172 708 5218; x_wconf 92' lang='lat' dir='ltr'><strong>et</strong></span> <span class='ocrx_word' id='word_1_438' title='bbox 731 5178 761 5216; x_wconf 88' lang='lat' dir='ltr'><strong>a</strong></span> <span class='ocrx_word' id='word_1_439' title='bbox 791 5177 850 5218; x_wconf 89' lang='lat' dir='ltr'><strong>re</strong></span> <span class='ocrx_word' id='word_1_440' title='bbox 877 5165 1148 5232; x_wconf 82' lang='lat' dir='ltr'><strong>proposita</strong></span> <span class='ocrx_word' id='word_1_441' title='bbox 1185 5158 1421 5215; x_wconf 84' lang='lat' dir='ltr'><strong>excidas.</strong></span> <span class='ocrx_word' id='word_1_442' title='bbox 1471 5157 1646 5214; x_wconf 87' lang='lat' dir='ltr'><strong>Nolite</strong></span> <span class='ocrx_word' id='word_1_443' title='bbox 1670 5177 1791 5230; x_wconf 84' lang='lat' dir='ltr'><strong>ergo</strong></span> <span class='ocrx_word' id='word_1_444' title='bbox 1825 5161 2026 5215; x_wconf 78' lang='lat' dir='ltr'><strong>solliciti</strong></span> 
     </span>
    </p>
   </div>
   <div class='ocr_carea' id='block_1_55' title="bbox 439 5249 2024 5322">
    <p class='ocr_par' dir='ltr' id='par_1_55' title="bbox 439 5249 2024 5322">
     <span class='ocr_line' id='line_1_55' title="bbox 439 5249 2024 5322; baseline -0.003 -15"><span class='ocrx_word' id='word_1_445' title='bbox 439 5253 622 5312; x_wconf 76' lang='lat' dir='ltr'><strong>essein</strong></span> <span class='ocrx_word' id='word_1_446' title='bbox 656 5254 946 5309; x_wconf 74' lang='lat' dir='ltr'><strong>crastinum.</strong></span> <span class='ocrx_word' id='word_1_447' title='bbox 979 5250 1174 5322; x_wconf 69' lang='lat' dir='ltr'><strong>Sulﬁcit</strong></span> <span class='ocrx_word' id='word_1_448' title='bbox 1201 5250 1335 5308; x_wconf 82' lang='lat' dir='ltr'><strong>enim</strong></span> <span class='ocrx_word' id='word_1_449' title='bbox 1375 5250 1474 5304; x_wconf 88' lang='lat' dir='ltr'><strong>diei</strong></span> <span class='ocrx_word' id='word_1_450' title='bbox 1500 5251 1694 5304; x_wconf 79' lang='lat' dir='ltr'><strong>ntalitia</strong></span> <span class='ocrx_word' id='word_1_451' title='bbox 1719 5252 1828 5320; x_wconf 79' lang='lat' dir='ltr'><strong>ejus</strong></span> <span class='ocrx_word' id='word_1_452' title='bbox 1868 5249 2024 5321; x_wconf 80' lang='lat' dir='ltr'><strong>(Gen.</strong></span> 
     </span>
    </p>
   </div>
   <div class='ocr_carea' id='block_1_56' title="bbox 443 5340 2029 5412">
    <p class='ocr_par' dir='ltr' id='par_1_56' title="bbox 443 5340 2029 5412">
     <span class='ocr_line' id='line_1_56' title="bbox 443 5340 2029 5412; baseline -0.002 -13"><span class='ocrx_word' id='word_1_453' title='bbox 443 5343 499 5399; x_wconf 71' lang='grc' dir='ltr'><strong>ὅ.</strong></span> <span class='ocrx_word' id='word_1_454' title='bbox 536 5343 648 5410; x_wconf 82' lang='lat' dir='ltr'><strong>l9),</strong></span> <span class='ocrx_word' id='word_1_455' title='bbox 674 5343 725 5396; x_wconf 93' lang='lat' dir='ltr'><strong>id</strong></span> <span class='ocrx_word' id='word_1_456' title='bbox 755 5351 875 5408; x_wconf 86' lang='lat' dir='ltr'><strong>est,</strong></span> <span class='ocrx_word' id='word_1_457' title='bbox 927 5342 1142 5400; x_wconf 85' lang='lat' dir='ltr'><strong>miseria</strong></span> <span class='ocrx_word' id='word_1_458' title='bbox 1183 5350 1345 5412; x_wconf 88' lang='lat' dir='ltr'><strong>atque</strong></span> <span class='ocrx_word' id='word_1_459' title='bbox 1364 5341 1636 5396; x_wconf 87' lang='lat' dir='ltr'><strong>contritio.</strong></span> <span class='ocrx_word' id='word_1_460' title='bbox 1681 5340 1795 5396; x_wconf 86' lang='lat' dir='ltr'><strong>Non</strong></span> <span class='ocrx_word' id='word_1_461' title='bbox 1831 5341 2029 5397; x_wconf 90' lang='lat' dir='ltr'><strong>sufﬁcit</strong></span> 
     </span>
    </p>
   </div>
   <div class='ocr_carea' id='block_1_57' title="bbox 445 5433 2029 5505">
    <p class='ocr_par' dir='ltr' id='par_1_57' title="bbox 445 5433 2029 5505">
     <span class='ocr_line' id='line_1_57' title="bbox 445 5433 2029 5505; baseline 0.001 -16"><span class='ocrx_word' id='word_1_462' title='bbox 445 5437 538 5490; x_wconf 81' lang='lat' dir='ltr'><strong>tibi</strong></span> <span class='ocrx_word' id='word_1_463' title='bbox 570 5435 622 5490; x_wconf 91' lang='lat' dir='ltr'><strong>in</strong></span> <span class='ocrx_word' id='word_1_464' title='bbox 649 5435 846 5490; x_wconf 87' lang='lat' dir='ltr'><strong>sudore</strong></span> <span class='ocrx_word' id='word_1_465' title='bbox 870 5435 1048 5490; x_wconf 82' lang='lat' dir='ltr'><strong>vultus</strong></span> <span class='ocrx_word' id='word_1_466' title='bbox 1075 5435 1149 5489; x_wconf 92' lang='lat' dir='ltr'><strong>tui</strong></span> <span class='ocrx_word' id='word_1_467' title='bbox 1175 5433 1462 5491; x_wconf 87' lang='lat' dir='ltr'><strong>comedere</strong></span> <span class='ocrx_word' id='word_1_468' title='bbox 1487 5448 1680 5505; x_wconf 90' lang='lat' dir='ltr'><strong>panem</strong></span> <span class='ocrx_word' id='word_1_469' title='bbox 1711 5434 1903 5488; x_wconf 88' lang='lat' dir='ltr'><strong>tuum?</strong></span> <span class='ocrx_word' id='word_1_470' title='bbox 1933 5449 2029 5490; x_wconf 91' lang='lat' dir='ltr'><strong>cur</strong></span> 
     </span>
    </p>
   </div>
   <div class='ocr_carea' id='block_1_58' title="bbox 444 5525 2032 5598">
    <p class='ocr_par' dir='ltr' id='par_1_58' title="bbox 444 5525 2032 5598">
     <span class='ocr_line' id='line_1_58' title="bbox 444 5525 2032 5598; baseline 0.003 -19"><span class='ocrx_word' id='word_1_471' title='bbox 444 5527 602 5581; x_wconf 84' lang='lat' dir='ltr'><strong>aliam</strong></span> <span class='ocrx_word' id='word_1_472' title='bbox 631 5525 821 5596; x_wconf 87' lang='lat' dir='ltr'><strong>adjicis</strong></span> <span class='ocrx_word' id='word_1_473' title='bbox 849 5541 918 5582; x_wconf 83' lang='lat' dir='ltr'><strong>ex</strong></span> <span class='ocrx_word' id='word_1_474' title='bbox 947 5526 1306 5583; x_wconf 88' lang='lat' dir='ltr'><strong>sollicitudine</strong></span> <span class='ocrx_word' id='word_1_475' title='bbox 1333 5527 1637 5596; x_wconf 86' lang='lat' dir='ltr'><strong>miseriam,</strong></span> <span class='ocrx_word' id='word_1_476' title='bbox 1665 5525 1756 5598; x_wconf 88' lang='lat' dir='ltr'><strong>qui</strong></span> <span class='ocrx_word' id='word_1_477' title='bbox 1783 5540 1814 5582; x_wconf 88' lang='lat' dir='ltr'><strong>a</strong></span> <span class='ocrx_word' id='word_1_478' title='bbox 1836 5525 2032 5598; x_wconf 85' lang='lat' dir='ltr'><strong>priori-</strong></span> 
     </span>
    </p>
   </div>
   <div class='ocr_carea' id='block_1_59' title="bbox 442 5617 1290 5674">
    <p class='ocr_par' dir='ltr' id='par_1_59' title="bbox 442 5617 1290 5674">
     <span class='ocr_line' id='line_1_59' title="bbox 442 5617 1290 5674; baseline 0 -1"><span class='ocrx_word' id='word_1_479' title='bbox 442 5618 548 5674; x_wconf 86' lang='lat' dir='ltr'><strong>bus</strong></span> <span class='ocrx_word' id='word_1_480' title='bbox 567 5633 627 5673; x_wconf 88' lang='lat' dir='ltr'><strong>es</strong></span> <span class='ocrx_word' id='word_1_481' title='bbox 648 5617 917 5674; x_wconf 87' lang='lat' dir='ltr'><strong>laboribus</strong></span> <span class='ocrx_word' id='word_1_482' title='bbox 941 5617 1290 5674; x_wconf 79' lang='lat' dir='ltr'><strong>liberandus?</strong></span> 
     </span>
    </p>
   </div>
   <div class='ocr_carea' id='block_1_60' title="bbox 499 5747 1539 5817">
    <p class='ocr_par' dir='ltr' id='par_1_60' title="bbox 499 5747 1539 5817">
     <span class='ocr_line' id='line_1_60' title="bbox 499 5747 1539 5817; baseline -0.002 -10"><span class='ocrx_word' id='word_1_483' title='bbox 499 5753 512 5784; x_wconf 83' lang='lat'>‘</span> <span class='ocrx_word' id='word_1_484' title='bbox 550 5747 644 5807; x_wconf 58' lang='lat' dir='ltr'><strong>llic</strong></span> <span class='ocrx_word' id='word_1_485' title='bbox 671 5763 832 5817; x_wconf 79' lang='lat' dir='ltr'><strong>voces,</strong></span> <span class='ocrx_word' id='word_1_486' title='bbox 856 5751 941 5806; x_wconf 74' lang='lat' dir='ltr'><strong>sed</strong></span> <span class='ocrx_word' id='word_1_487' title='bbox 958 5752 1073 5817; x_wconf 84' lang='lat' dir='ltr'><strong>alia,</strong></span> <span class='ocrx_word' id='word_1_488' title='bbox 1099 5752 1277 5806; x_wconf 84' lang='lat' dir='ltr'><strong>desunt</strong></span> <span class='ocrx_word' id='word_1_489' title='bbox 1297 5754 1346 5806; x_wconf 83' lang='lat' dir='ltr'><strong>in</strong></span> <span class='ocrx_word' id='word_1_490' title='bbox 1369 5754 1539 5805; x_wconf 77' lang='lat' dir='ltr'><strong>Morel.</strong></span> 
     </span>
    </p>
   </div>
   <div class='ocr_carea' id='block_1_61' title="bbox 1070 239 2871 318">
    <p class='ocr_par' dir='ltr' id='par_1_61' title="bbox 1070 239 2871 318">
     <span class='ocr_line' id='line_1_61' title="bbox 1070 239 2871 318; baseline -0.013 0"><span class='ocrx_word' id='word_1_491' title='bbox 1070 262 1130 318; x_wconf 91' lang='lat' dir='ltr'><strong>S.</strong></span> <span class='ocrx_word' id='word_1_492' title='bbox 1167 256 1444 318; x_wconf 74' lang='lat' dir='ltr'><strong>JOANNIS</strong></span> <span class='ocrx_word' id='word_1_493' title='bbox 1469 244 1945 312; x_wconf 68' lang='lat' dir='ltr'><strong>CHRYSOSTOMI</strong></span> <span class='ocrx_word' id='word_1_494' title='bbox 1985 240 2298 300; x_wconf 75' lang='lat' dir='ltr'><strong>AliCHlEP.</strong></span> <span class='ocrx_word' id='word_1_495' title='bbox 2340 239 2871 298; x_wconf 79' lang='lat' dir='ltr'><strong>CONSTANTINOP.</strong></span> 
     </span>
    </p>
   </div>
   <div class='ocr_carea' id='block_1_62' title="bbox 3574 248 3688 306">
    <p class='ocr_par' dir='ltr' id='par_1_62' title="bbox 3574 248 3688 306">
     <span class='ocr_line' id='line_1_62' title="bbox 3574 248 3688 306; baseline 0 0"><span class='ocrx_word' id='word_1_496' title='bbox 3574 248 3688 306; x_wconf 70' lang='lat' dir='ltr'><strong>3M</strong></span> 
     </span>
    </p>
   </div>
   <div class='ocr_carea' id='block_1_63' title="bbox 2167 358 3689 433">
    <p class='ocr_par' dir='ltr' id='par_1_63' title="bbox 2167 358 3689 433">
     <span class='ocr_line' id='line_1_63' title="bbox 2167 358 3689 433; baseline 0.004 -18"><span class='ocrx_word' id='word_1_497' title='bbox 2167 360 2222 415; x_wconf 74' lang='grc'><strong>4.</strong></span> <span class='ocrx_word' id='word_1_498' title='bbox 2255 358 2457 417; x_wconf 78' lang='lat' dir='ltr'><strong>Malitia</strong></span> <span class='ocrx_word' id='word_1_499' title='bbox 2478 361 2751 431; x_wconf 77' lang='lat' dir='ltr'><strong>aliquando</strong></span> <span class='ocrx_word' id='word_1_500' title='bbox 2777 376 2870 429; x_wconf 81' lang='lat' dir='ltr'><strong>pro</strong></span> <span class='ocrx_word' id='word_1_501' title='bbox 2901 374 3129 416; x_wconf 69' lang='lat' dir='ltr'><strong>aerumna</strong></span> <span class='ocrx_word' id='word_1_502' title='bbox 3170 362 3436 433; x_wconf 74' lang='lat' dir='ltr'><strong>accipitur.</strong></span> <span class='ocrx_word' id='word_1_503' title='bbox 3464 394 3540 406; x_wconf 92' lang='lat'><strong>-—</strong></span> <span class='ocrx_word' id='word_1_504' title='bbox 3562 367 3689 420; x_wconf 71' lang='lat' dir='ltr'><strong>Ma-</strong></span> 
     </span>
    </p>
   </div>
   <div class='ocr_carea' id='block_1_64' title="bbox 2091 450 3692 526">
    <p class='ocr_par' dir='ltr' id='par_1_64' title="bbox 2091 450 3692 526">
     <span class='ocr_line' id='line_1_64' title="bbox 2091 450 3692 526; baseline 0.004 -20"><span class='ocrx_word' id='word_1_505' title='bbox 2091 450 2262 506; x_wconf 88' lang='lat' dir='ltr'><strong>litiam</strong></span> <span class='ocrx_word' id='word_1_506' title='bbox 2292 459 2468 506; x_wconf 90' lang='lat' dir='ltr'><strong>autem</strong></span> <span class='ocrx_word' id='word_1_507' title='bbox 2491 451 2580 506; x_wconf 89' lang='lat' dir='ltr'><strong>bic</strong></span> <span class='ocrx_word' id='word_1_508' title='bbox 2605 458 2760 510; x_wconf 83' lang='lat' dir='ltr'><strong>vocat</strong></span> <span class='ocrx_word' id='word_1_509' title='bbox 2800 466 2908 506; x_wconf 90' lang='lat' dir='ltr'><strong>non</strong></span> <span class='ocrx_word' id='word_1_510' title='bbox 2934 452 3352 522; x_wconf 85' lang='lat' dir='ltr'><strong>improbitatem,</strong></span> <span class='ocrx_word' id='word_1_511' title='bbox 3379 455 3539 526; x_wconf 89' lang='lat' dir='ltr'><strong>absit,</strong></span> <span class='ocrx_word' id='word_1_512' title='bbox 3580 459 3692 513; x_wconf 81' lang='lat' dir='ltr'><strong>sed</strong></span> 
     </span>
    </p>
   </div>
   <div class='ocr_carea' id='block_1_65' title="bbox 2093 542 3693 608">
    <p class='ocr_par' dir='ltr' id='par_1_65' title="bbox 2093 542 3693 608">
     <span class='ocr_line' id='line_1_65' title="bbox 2093 542 3693 608; baseline 0.004 -8"><span class='ocrx_word' id='word_1_513' title='bbox 2093 542 2384 607; x_wconf 86' lang='lat' dir='ltr'><strong>miseriam,</strong></span> <span class='ocrx_word' id='word_1_514' title='bbox 2433 542 2693 607; x_wconf 87' lang='lat' dir='ltr'><strong>laborem,</strong></span> <span class='ocrx_word' id='word_1_515' title='bbox 2735 559 3040 608; x_wconf 77' lang='lat' dir='ltr'><strong>aerumnas;</strong></span> <span class='ocrx_word' id='word_1_516' title='bbox 3069 545 3208 602; x_wconf 82' lang='lat' dir='ltr'><strong>sicut</strong></span> <span class='ocrx_word' id='word_1_517' title='bbox 3234 556 3290 603; x_wconf 91' lang='lat' dir='ltr'><strong>et</strong></span> <span class='ocrx_word' id='word_1_518' title='bbox 3316 548 3444 603; x_wconf 87' lang='lat' dir='ltr'><strong>alibi</strong></span> <span class='ocrx_word' id='word_1_519' title='bbox 3469 547 3544 602; x_wconf 89' lang='lat' dir='ltr'><strong>ait</strong></span> <span class='ocrx_word' id='word_1_520' title='bbox 3572 568 3586 603; x_wconf 89' lang='lat'><strong>:</strong></span> <span class='ocrx_word' id='word_1_521' title='bbox 3616 551 3693 606; x_wconf 80' lang='lat' dir='ltr'><strong>Si</strong></span> 
     </span>
    </p>
   </div>
   <div class='ocr_carea' id='block_1_66' title="bbox 2095 634 3694 712">
    <p class='ocr_par' dir='ltr' id='par_1_66' title="bbox 2095 634 3694 712">
     <span class='ocr_line' id='line_1_66' title="bbox 2095 634 3694 712; baseline 0.004 -23"><span class='ocrx_word' id='word_1_522' title='bbox 2095 643 2166 689; x_wconf 83' lang='lat' dir='ltr'><strong>est</strong></span> <span class='ocrx_word' id='word_1_523' title='bbox 2192 634 2387 688; x_wconf 86' lang='lat' dir='ltr'><strong>malitia</strong></span> <span class='ocrx_word' id='word_1_524' title='bbox 2412 635 2465 688; x_wconf 83' lang='lat' dir='ltr'><strong>in</strong></span> <span class='ocrx_word' id='word_1_525' title='bbox 2493 635 2709 698; x_wconf 76' lang='lat' dir='ltr'><strong>civitate,</strong></span> <span class='ocrx_word' id='word_1_526' title='bbox 2730 651 2882 704; x_wconf 82' lang='lat' dir='ltr'><strong>quant</strong></span> <span class='ocrx_word' id='word_1_527' title='bbox 2908 634 3159 692; x_wconf 81' lang='lat' dir='ltr'><strong>Dominus</strong></span> <span class='ocrx_word' id='word_1_528' title='bbox 3182 653 3282 693; x_wconf 83' lang='lat' dir='ltr'><strong>non</strong></span> <span class='ocrx_word' id='word_1_529' title='bbox 3308 639 3482 708; x_wconf 69' lang='lat' dir='ltr'><strong>fecerit</strong></span> <span class='ocrx_word' id='word_1_530' title='bbox 3501 640 3694 712; x_wconf 74' lang='lat' dir='ltr'><strong>(Amos</strong></span> 
     </span>
    </p>
   </div>
   <div class='ocr_carea' id='block_1_67' title="bbox 2095 727 3698 809">
    <p class='ocr_par' dir='ltr' id='par_1_67' title="bbox 2095 727 3698 809">
     <span class='ocr_line' id='line_1_67' title="bbox 2095 727 3698 809; baseline 0.007 -27"><span class='ocrx_word' id='word_1_531' title='bbox 2095 727 2148 782; x_wconf 78' lang='lat'><strong>5.</strong></span> <span class='ocrx_word' id='word_1_532' title='bbox 2181 727 2236 798; x_wconf 79' lang='lat'><strong>6)</strong></span> <span class='ocrx_word' id='word_1_533' title='bbox 2265 745 2276 780; x_wconf 93' lang='lat'><strong>:</strong></span> <span class='ocrx_word' id='word_1_534' title='bbox 2303 743 2409 782; x_wconf 84' lang='lat' dir='ltr'><strong>non</strong></span> <span class='ocrx_word' id='word_1_535' title='bbox 2437 728 2650 798; x_wconf 87' lang='lat' dir='ltr'><strong>rapinas</strong></span> <span class='ocrx_word' id='word_1_536' title='bbox 2681 730 2963 800; x_wconf 86' lang='lat' dir='ltr'><strong>signiﬁcat,</strong></span> <span class='ocrx_word' id='word_1_537' title='bbox 2996 747 3102 786; x_wconf 90' lang='lat' dir='ltr'><strong>non</strong></span> <span class='ocrx_word' id='word_1_538' title='bbox 3133 734 3408 790; x_wconf 81' lang='lat' dir='ltr'><strong>avaritiam</strong></span> <span class='ocrx_word' id='word_1_539' title='bbox 3436 737 3476 801; x_wconf 76' lang='grc' dir='ltr'><strong>ί,</strong></span> <span class='ocrx_word' id='word_1_540' title='bbox 3505 753 3698 809; x_wconf 80' lang='lat' dir='ltr'><strong>neque</strong></span> 
     </span>
    </p>
   </div>
   <div class='ocr_carea' id='block_1_68' title="bbox 2096 821 3698 893">
    <p class='ocr_par' dir='ltr' id='par_1_68' title="bbox 2096 821 3698 893">
     <span class='ocr_line' id='line_1_68' title="bbox 2096 821 3698 893; baseline 0.011 -22"><span class='ocrx_word' id='word_1_541' title='bbox 2096 821 2366 890; x_wconf 85' lang='lat' dir='ltr'><strong>quidpiam</strong></span> <span class='ocrx_word' id='word_1_542' title='bbox 2398 823 2592 887; x_wconf 88' lang='lat' dir='ltr'><strong>simile,</strong></span> <span class='ocrx_word' id='word_1_543' title='bbox 2617 823 2717 878; x_wconf 87' lang='lat' dir='ltr'><strong>sed</strong></span> <span class='ocrx_word' id='word_1_544' title='bbox 2764 824 2944 893; x_wconf 77' lang='lat' dir='ltr'><strong>plagas</strong></span> <span class='ocrx_word' id='word_1_545' title='bbox 2984 824 3242 882; x_wconf 82' lang='lat' dir='ltr'><strong>divinitus</strong></span> <span class='ocrx_word' id='word_1_546' title='bbox 3288 829 3572 886; x_wconf 87' lang='lat' dir='ltr'><strong>immissas.</strong></span> <span class='ocrx_word' id='word_1_547' title='bbox 3605 834 3698 888; x_wconf 79' lang='lat' dir='ltr'><strong>Ac</strong></span> 
     </span>
    </p>
   </div>
   <div class='ocr_carea' id='block_1_69' title="bbox 2097 915 3700 990">
    <p class='ocr_par' dir='ltr' id='par_1_69' title="bbox 2097 915 3700 990">
     <span class='ocr_line' id='line_1_69' title="bbox 2097 915 3700 990; baseline 0.006 -22"><span class='ocrx_word' id='word_1_548' title='bbox 2097 929 2329 981; x_wconf 87' lang='lat' dir='ltr'><strong>rursum,</strong></span> <span class='ocrx_word' id='word_1_549' title='bbox 2360 915 2491 986; x_wconf 84' lang='lat' dir='ltr'><strong>Ego,</strong></span> <span class='ocrx_word' id='word_1_550' title='bbox 2525 917 2712 987; x_wconf 85' lang='lat' dir='ltr'><strong>inquit,</strong></span> <span class='ocrx_word' id='word_1_551' title='bbox 2741 919 2932 988; x_wconf 77' lang='lat' dir='ltr'><strong>faciens</strong></span> <span class='ocrx_word' id='word_1_552' title='bbox 2978 935 3170 990; x_wconf 84' lang='lat' dir='ltr'><strong>pacem,</strong></span> <span class='ocrx_word' id='word_1_553' title='bbox 3217 931 3266 975; x_wconf 83' lang='lat' dir='ltr'><strong>et</strong></span> <span class='ocrx_word' id='word_1_554' title='bbox 3289 938 3464 977; x_wconf 75' lang='lat' dir='ltr'><strong>orem</strong></span> <span class='ocrx_word' id='word_1_555' title='bbox 3489 924 3700 978; x_wconf 82' lang='lat' dir='ltr'><strong>malum</strong></span> 
     </span>
    </p>
   </div>
   <div class='ocr_carea' id='block_1_70' title="bbox 2101 1006 3700 1080">
    <p class='ocr_par' dir='ltr' id='par_1_70' title="bbox 2101 1006 3700 1080">
     <span class='ocr_line' id='line_1_70' title="bbox 2101 1006 3700 1080; baseline 0.008 -21"><span class='ocrx_word' id='word_1_556' title='bbox 2101 1006 2251 1077; x_wconf 83' lang='lat' dir='ltr'><strong>(lsai.</strong></span> <span class='ocrx_word' id='word_1_557' title='bbox 2275 1009 2363 1062; x_wconf 79' lang='grc'><strong>45.</strong></span> <span class='ocrx_word' id='word_1_558' title='bbox 2395 1009 2468 1074; x_wconf 89' lang='grc'><strong>7).</strong></span> <span class='ocrx_word' id='word_1_559' title='bbox 2517 1008 2704 1080; x_wconf 83' lang='lat' dir='ltr'><strong>Neque</strong></span> <span class='ocrx_word' id='word_1_560' title='bbox 2726 1011 2870 1065; x_wconf 92' lang='lat' dir='ltr'><strong>enim</strong></span> <span class='ocrx_word' id='word_1_561' title='bbox 2902 1011 2988 1065; x_wconf 88' lang='lat' dir='ltr'><strong>hic</strong></span> <span class='ocrx_word' id='word_1_562' title='bbox 3014 1013 3266 1067; x_wconf 88' lang='lat' dir='ltr'><strong>malitiam</strong></span> <span class='ocrx_word' id='word_1_563' title='bbox 3294 1014 3444 1080; x_wconf 90' lang='lat' dir='ltr'><strong>dicit,</strong></span> <span class='ocrx_word' id='word_1_564' title='bbox 3475 1016 3570 1071; x_wconf 83' lang='lat' dir='ltr'><strong>sed</strong></span> <span class='ocrx_word' id='word_1_565' title='bbox 3602 1015 3700 1070; x_wconf 70' lang='lat' dir='ltr'><strong>fa—</strong></span> 
     </span>
    </p>
   </div>
   <div class='ocr_carea' id='block_1_71' title="bbox 2099 1103 3697 1175">
    <p class='ocr_par' dir='ltr' id='par_1_71' title="bbox 2099 1103 3697 1175">
     <span class='ocr_line' id='line_1_71' title="bbox 2099 1103 3697 1175; baseline 0.003 -15"><span class='ocrx_word' id='word_1_566' title='bbox 2099 1119 2238 1160; x_wconf 89' lang='lat' dir='ltr'><strong>mem</strong></span> <span class='ocrx_word' id='word_1_567' title='bbox 2270 1145 2285 1168; x_wconf 93' lang='lat'><strong>,</strong></span> <span class='ocrx_word' id='word_1_568' title='bbox 2336 1103 2664 1173; x_wconf 81' lang='lat' dir='ltr'><strong>pestilentias</strong></span> <span class='ocrx_word' id='word_1_569' title='bbox 2689 1146 2704 1170; x_wconf 93' lang='lat'><strong>,</strong></span> <span class='ocrx_word' id='word_1_570' title='bbox 2746 1120 2864 1175; x_wconf 73' lang='lat' dir='ltr'><strong>qua:</strong></span> <span class='ocrx_word' id='word_1_571' title='bbox 2904 1105 3044 1158; x_wconf 87' lang='lat' dir='ltr'><strong>mala</strong></span> <span class='ocrx_word' id='word_1_572' title='bbox 3085 1121 3206 1162; x_wconf 88' lang='lat' dir='ltr'><strong>esse</strong></span> <span class='ocrx_word' id='word_1_573' title='bbox 3251 1107 3630 1164; x_wconf 81' lang='lat' dir='ltr'><strong>existimantur</strong></span> <span class='ocrx_word' id='word_1_574' title='bbox 3657 1124 3697 1164; x_wconf 81' lang='lat' dir='ltr'><strong>a</strong></span> 
     </span>
    </p>
   </div>
   <div class='ocr_carea' id='block_1_72' title="bbox 2097 1195 3695 1267">
    <p class='ocr_par' dir='ltr' id='par_1_72' title="bbox 2097 1195 3695 1267">
     <span class='ocr_line' id='line_1_72' title="bbox 2097 1195 3695 1267; baseline 0.004 -18"><span class='ocrx_word' id='word_1_575' title='bbox 2097 1198 2275 1266; x_wconf 85' lang='lat' dir='ltr'><strong>vulgo.</strong></span> <span class='ocrx_word' id='word_1_576' title='bbox 2307 1195 2418 1250; x_wconf 83' lang='lat' dir='ltr'><strong>Mos</strong></span> <span class='ocrx_word' id='word_1_577' title='bbox 2442 1197 2642 1267; x_wconf 89' lang='lat' dir='ltr'><strong>quippe</strong></span> <span class='ocrx_word' id='word_1_578' title='bbox 2665 1204 2749 1252; x_wconf 87' lang='lat' dir='ltr'><strong>est</strong></span> <span class='ocrx_word' id='word_1_579' title='bbox 2770 1237 2786 1259; x_wconf 91' lang='lat'><strong>,</strong></span> <span class='ocrx_word' id='word_1_580' title='bbox 2815 1206 2872 1252; x_wconf 89' lang='lat' dir='ltr'><strong>ut</strong></span> <span class='ocrx_word' id='word_1_581' title='bbox 2902 1197 3054 1252; x_wconf 89' lang='lat' dir='ltr'><strong>ntulti</strong></span> <span class='ocrx_word' id='word_1_582' title='bbox 3077 1213 3140 1252; x_wconf 90' lang='lat' dir='ltr'><strong>ea</strong></span> <span class='ocrx_word' id='word_1_583' title='bbox 3169 1213 3290 1254; x_wconf 88' lang='lat' dir='ltr'><strong>esse</strong></span> <span class='ocrx_word' id='word_1_584' title='bbox 3308 1199 3491 1255; x_wconf 86' lang='lat' dir='ltr'><strong>dicant</strong></span> <span class='ocrx_word' id='word_1_585' title='bbox 3519 1201 3695 1256; x_wconf 74' lang='lat' dir='ltr'><strong>illata.</strong></span> 
     </span>
    </p>
   </div>
   <div class='ocr_carea' id='block_1_73' title="bbox 2095 1287 3693 1361">
    <p class='ocr_par' dir='ltr' id='par_1_73' title="bbox 2095 1287 3693 1361">
     <span class='ocr_line' id='line_1_73' title="bbox 2095 1287 3693 1361; baseline 0.001 -15"><span class='ocrx_word' id='word_1_586' title='bbox 2095 1287 2186 1346; x_wconf 89' lang='lat' dir='ltr'><strong>Sic</strong></span> <span class='ocrx_word' id='word_1_587' title='bbox 2205 1291 2346 1344; x_wconf 83' lang='lat' dir='ltr'><strong>enim</strong></span> <span class='ocrx_word' id='word_1_588' title='bbox 2370 1289 2703 1361; x_wconf 78' lang='lat' dir='ltr'><strong>illiquinque</strong></span> <span class='ocrx_word' id='word_1_589' title='bbox 2727 1289 3089 1359; x_wconf 85' lang='lat' dir='ltr'><strong>Satrapiarum</strong></span> <span class='ocrx_word' id='word_1_590' title='bbox 3105 1290 3415 1347; x_wconf 87' lang='lat' dir='ltr'><strong>sacerdotes</strong></span> <span class='ocrx_word' id='word_1_591' title='bbox 3435 1302 3488 1346; x_wconf 88' lang='lat' dir='ltr'><strong>et</strong></span> <span class='ocrx_word' id='word_1_592' title='bbox 3510 1302 3693 1358; x_wconf 81' lang='lat' dir='ltr'><strong>vates,</strong></span> 
     </span>
    </p>
   </div>
   <div class='ocr_carea' id='block_1_74' title="bbox 2097 1383 3702 1453">
    <p class='ocr_par' dir='ltr' id='par_1_74' title="bbox 2097 1383 3702 1453">
     <span class='ocr_line' id='line_1_74' title="bbox 2097 1383 3702 1453; baseline 0.002 -14"><span class='ocrx_word' id='word_1_593' title='bbox 2097 1399 2222 1439; x_wconf 90' lang='lat' dir='ltr'><strong>cum</strong></span> <span class='ocrx_word' id='word_1_594' title='bbox 2252 1397 2442 1439; x_wconf 82' lang='lat' dir='ltr'><strong>vaccas</strong></span> <span class='ocrx_word' id='word_1_595' title='bbox 2479 1397 2618 1438; x_wconf 67' lang='lat' dir='ltr'><strong>arcm</strong></span> <span class='ocrx_word' id='word_1_596' title='bbox 2639 1383 2854 1452; x_wconf 87' lang='lat' dir='ltr'><strong>junctas</strong></span> <span class='ocrx_word' id='word_1_597' title='bbox 2896 1383 3015 1438; x_wconf 89' lang='lat' dir='ltr'><strong>sine</strong></span> <span class='ocrx_word' id='word_1_598' title='bbox 3043 1383 3223 1437; x_wconf 89' lang='lat' dir='ltr'><strong>vitulis</strong></span> <span class='ocrx_word' id='word_1_599' title='bbox 3249 1397 3356 1453; x_wconf 90' lang='lat' dir='ltr'><strong>quo</strong></span> <span class='ocrx_word' id='word_1_600' title='bbox 3380 1384 3580 1440; x_wconf 86' lang='lat' dir='ltr'><strong>vellent</strong></span> <span class='ocrx_word' id='word_1_601' title='bbox 3606 1385 3702 1442; x_wconf 75' lang='lat' dir='ltr'><strong>ire</strong></span> 
     </span>
    </p>
   </div>
   <div class='ocr_carea' id='block_1_75' title="bbox 2101 1475 3700 1548">
    <p class='ocr_par' dir='ltr' id='par_1_75' title="bbox 2101 1475 3700 1548">
     <span class='ocr_line' id='line_1_75' title="bbox 2101 1475 3700 1548; baseline -0.001 -15"><span class='ocrx_word' id='word_1_602' title='bbox 2101 1479 2477 1548; x_wconf 79' lang='lat' dir='ltr'><strong>permiserunt,</strong></span> <span class='ocrx_word' id='word_1_603' title='bbox 2509 1477 2765 1530; x_wconf 78' lang='lat' dir='ltr'><strong>divinitus</strong></span> <span class='ocrx_word' id='word_1_604' title='bbox 2796 1475 3064 1530; x_wconf 87' lang='lat' dir='ltr'><strong>immissas</strong></span> <span class='ocrx_word' id='word_1_605' title='bbox 3107 1476 3288 1546; x_wconf 85' lang='lat' dir='ltr'><strong>plagas</strong></span> <span class='ocrx_word' id='word_1_606' title='bbox 3333 1475 3454 1530; x_wconf 88' lang='lat' dir='ltr'><strong>illas</strong></span> <span class='ocrx_word' id='word_1_607' title='bbox 3478 1492 3700 1534; x_wconf 67' lang='lat' dir='ltr'><strong>matro-</strong></span> 
     </span>
    </p>
   </div>
   <div class='ocr_carea' id='block_1_76' title="bbox 2099 1566 3694 1640">
    <p class='ocr_par' dir='ltr' id='par_1_76' title="bbox 2099 1566 3694 1640">
     <span class='ocr_line' id='line_1_76' title="bbox 2099 1566 3694 1640; baseline 0 -15"><span class='ocrx_word' id='word_1_608' title='bbox 2099 1585 2320 1640; x_wconf 88' lang='lat' dir='ltr'><strong>remque</strong></span> <span class='ocrx_word' id='word_1_609' title='bbox 2347 1584 2411 1624; x_wconf 89' lang='lat' dir='ltr'><strong>ac</strong></span> <span class='ocrx_word' id='word_1_610' title='bbox 2438 1569 2680 1626; x_wconf 90' lang='lat' dir='ltr'><strong>dolorem</strong></span> <span class='ocrx_word' id='word_1_611' title='bbox 2711 1566 2837 1622; x_wconf 87' lang='lat' dir='ltr'><strong>inde</strong></span> <span class='ocrx_word' id='word_1_612' title='bbox 2863 1576 3070 1636; x_wconf 86' lang='lat' dir='ltr'><strong>partum</strong></span> <span class='ocrx_word' id='word_1_613' title='bbox 3099 1566 3357 1622; x_wconf 86' lang='lat' dir='ltr'><strong>malitiam</strong></span> <span class='ocrx_word' id='word_1_614' title='bbox 3396 1569 3694 1625; x_wconf 73' lang='lat' dir='ltr'><strong>vocabant.</strong></span> 
     </span>
    </p>
   </div>
   <div class='ocr_carea' id='block_1_77' title="bbox 2099 1660 3702 1736">
    <p class='ocr_par' dir='ltr' id='par_1_77' title="bbox 2099 1660 3702 1736">
     <span class='ocr_line' id='line_1_77' title="bbox 2099 1660 3702 1736; baseline -0.002 -16"><span class='ocrx_word' id='word_1_615' title='bbox 2099 1665 2332 1736; x_wconf 71' lang='lat' dir='ltr'><strong>“ipsum</strong></span> <span class='ocrx_word' id='word_1_616' title='bbox 2363 1666 2540 1734; x_wconf 81' lang='lat' dir='ltr'><strong>itaque</strong></span> <span class='ocrx_word' id='word_1_617' title='bbox 2569 1662 2836 1732; x_wconf 81' lang='lat' dir='ltr'><strong>signiﬁcat</strong></span> <span class='ocrx_word' id='word_1_618' title='bbox 2859 1660 3046 1716; x_wconf 87' lang='lat' dir='ltr'><strong>dicens</strong></span> <span class='ocrx_word' id='word_1_619' title='bbox 3076 1660 3309 1730; x_wconf 61' lang='lat' dir='ltr'><strong>:Suﬁicit</strong></span> <span class='ocrx_word' id='word_1_620' title='bbox 3337 1660 3440 1716; x_wconf 81' lang='lat' dir='ltr'><strong>diei</strong></span> <span class='ocrx_word' id='word_1_621' title='bbox 3486 1662 3702 1717; x_wconf 69' lang='lat' dir='ltr'><strong>malitia</strong></span> 
     </span>
    </p>
   </div>
   <div class='ocr_carea' id='block_1_78' title="bbox 2099 1752 3702 1825">
    <p class='ocr_par' dir='ltr' id='par_1_78' title="bbox 2099 1752 3702 1825">
     <span class='ocr_line' id='line_1_78' title="bbox 2099 1752 3702 1825; baseline -0.002 -13"><span class='ocrx_word' id='word_1_622' title='bbox 2099 1773 2214 1812; x_wconf 82' lang='lat' dir='ltr'><strong>sua.</strong></span> <span class='ocrx_word' id='word_1_623' title='bbox 2265 1755 2405 1810; x_wconf 86' lang='lat' dir='ltr'><strong>Nihil</strong></span> <span class='ocrx_word' id='word_1_624' title='bbox 2430 1756 2572 1810; x_wconf 87' lang='lat' dir='ltr'><strong>enim</strong></span> <span class='ocrx_word' id='word_1_625' title='bbox 2600 1754 2820 1825; x_wconf 86' lang='lat' dir='ltr'><strong>perinde</strong></span> <span class='ocrx_word' id='word_1_626' title='bbox 2845 1753 3080 1808; x_wconf 83' lang='lat' dir='ltr'><strong>animum</strong></span> <span class='ocrx_word' id='word_1_627' title='bbox 3105 1752 3338 1819; x_wconf 85' lang='lat' dir='ltr'><strong>cruciat,</strong></span> <span class='ocrx_word' id='word_1_628' title='bbox 3365 1761 3528 1821; x_wconf 79' lang='lat' dir='ltr'><strong>atque</strong></span> <span class='ocrx_word' id='word_1_629' title='bbox 3554 1767 3702 1808; x_wconf 81' lang='lat' dir='ltr'><strong>cura</strong></span> 
     </span>
    </p>
   </div>
   <div class='ocr_carea' id='block_1_79' title="bbox 2099 1842 3701 1913">
    <p class='ocr_par' dir='ltr' id='par_1_79' title="bbox 2099 1842 3701 1913">
     <span class='ocr_line' id='line_1_79' title="bbox 2099 1842 3701 1913; baseline -0.002 -10"><span class='ocrx_word' id='word_1_630' title='bbox 2099 1857 2158 1903; x_wconf 90' lang='lat' dir='ltr'><strong>et</strong></span> <span class='ocrx_word' id='word_1_631' title='bbox 2180 1845 2507 1902; x_wconf 87' lang='lat' dir='ltr'><strong>sollicitudo.</strong></span> <span class='ocrx_word' id='word_1_632' title='bbox 2539 1845 2629 1901; x_wconf 92' lang='lat' dir='ltr'><strong>Sic</strong></span> <span class='ocrx_word' id='word_1_633' title='bbox 2659 1853 2713 1898; x_wconf 88' lang='lat' dir='ltr'><strong>et</strong></span> <span class='ocrx_word' id='word_1_634' title='bbox 2740 1844 2936 1904; x_wconf 77' lang='lat' dir='ltr'><strong>Paulus</strong></span> <span class='ocrx_word' id='word_1_635' title='bbox 2959 1843 3026 1897; x_wconf 88' lang='lat' dir='ltr'><strong>ad</strong></span> <span class='ocrx_word' id='word_1_636' title='bbox 3055 1842 3410 1913; x_wconf 78' lang='lat' dir='ltr'><strong>virginitatem</strong></span> <span class='ocrx_word' id='word_1_637' title='bbox 3440 1842 3701 1912; x_wconf 80' lang='lat' dir='ltr'><strong>hortans,</strong></span> 
     </span>
    </p>
   </div>
   <div class='ocr_carea' id='block_1_80' title="bbox 2101 1934 3703 1996">
    <p class='ocr_par' dir='ltr' id='par_1_80' title="bbox 2101 1934 3703 1996">
     <span class='ocr_line' id='line_1_80' title="bbox 2101 1934 3703 1996; baseline -0.003 -2"><span class='ocrx_word' id='word_1_638' title='bbox 2101 1941 2386 1996; x_wconf 87' lang='lat' dir='ltr'><strong>consilium</strong></span> <span class='ocrx_word' id='word_1_639' title='bbox 2419 1939 2489 1992; x_wconf 89' lang='lat' dir='ltr'><strong>ita</strong></span> <span class='ocrx_word' id='word_1_640' title='bbox 2512 1936 2774 1992; x_wconf 77' lang='lat' dir='ltr'><strong>eﬁercbat</strong></span> <span class='ocrx_word' id='word_1_641' title='bbox 2802 1954 2814 1989; x_wconf 88' lang='lat'><strong>:</strong></span> <span class='ocrx_word' id='word_1_642' title='bbox 2862 1935 2986 1990; x_wconf 81' lang='lat' dir='ltr'><strong>Volo</strong></span> <span class='ocrx_word' id='word_1_643' title='bbox 3009 1947 3175 1988; x_wconf 74' lang='lat' dir='ltr'><strong>nauem</strong></span> <span class='ocrx_word' id='word_1_644' title='bbox 3198 1951 3284 1988; x_wconf 77' lang='lat' dir='ltr'><strong>vos</strong></span> <span class='ocrx_word' id='word_1_645' title='bbox 3304 1936 3414 1989; x_wconf 82' lang='lat' dir='ltr'><strong>siue</strong></span> <span class='ocrx_word' id='word_1_646' title='bbox 3436 1934 3703 1990; x_wconf 81' lang='lat' dir='ltr'><strong>sollicitu-</strong></span> 
     </span>
    </p>
   </div>
   <div class='ocr_carea' id='block_1_81' title="bbox 2098 2029 3703 2103">
    <p class='ocr_par' dir='ltr' id='par_1_81' title="bbox 2098 2029 3703 2103">
     <span class='ocr_line' id='line_1_81' title="bbox 2098 2029 3703 2103; baseline -0.002 -15"><span class='ocrx_word' id='word_1_647' title='bbox 2098 2036 2218 2088; x_wconf 85' lang='lat' dir='ltr'><strong>dine</strong></span> <span class='ocrx_word' id='word_1_648' title='bbox 2256 2050 2361 2088; x_wconf 71' lang='lat' dir='ltr'><strong>esse</strong></span> <span class='ocrx_word' id='word_1_649' title='bbox 2386 2035 2404 2103; x_wconf 91' lang='lat'>(</span> <span class='ocrx_word' id='word_1_650' title='bbox 2433 2035 2484 2088; x_wconf 84' lang='lat' dir='ltr'><strong>l.</strong></span> <span class='ocrx_word' id='word_1_651' title='bbox 2510 2032 2630 2089; x_wconf 86' lang='lat' dir='ltr'><strong>Cor.</strong></span> <span class='ocrx_word' id='word_1_652' title='bbox 2662 2033 2715 2087; x_wconf 91' lang='lat'><strong>7.</strong></span> <span class='ocrx_word' id='word_1_653' title='bbox 2744 2031 2857 2099; x_wconf 72' lang='lat'><strong>52).</strong></span> <span class='ocrx_word' id='word_1_654' title='bbox 2886 2031 3018 2086; x_wconf 90' lang='lat' dir='ltr'><strong>Cum</strong></span> <span class='ocrx_word' id='word_1_655' title='bbox 3049 2045 3206 2100; x_wconf 90' lang='lat' dir='ltr'><strong>porro</strong></span> <span class='ocrx_word' id='word_1_656' title='bbox 3234 2029 3364 2084; x_wconf 85' lang='lat' dir='ltr'><strong>dicit</strong></span> <span class='ocrx_word' id='word_1_657' title='bbox 3390 2030 3532 2085; x_wconf 88' lang='lat' dir='ltr'><strong>diem</strong></span> <span class='ocrx_word' id='word_1_658' title='bbox 3563 2044 3703 2085; x_wconf 82' lang='lat' dir='ltr'><strong>cra-</strong></span> 
     </span>
    </p>
   </div>
   <div class='ocr_carea' id='block_1_82' title="bbox 2104 2125 3703 2196">
    <p class='ocr_par' dir='ltr' id='par_1_82' title="bbox 2104 2125 3703 2196">
     <span class='ocr_line' id='line_1_82' title="bbox 2104 2125 3703 2196; baseline -0.001 -14"><span class='ocrx_word' id='word_1_659' title='bbox 2104 2129 2296 2183; x_wconf 79' lang='lat' dir='ltr'><strong>Stinam</strong></span> <span class='ocrx_word' id='word_1_660' title='bbox 2328 2128 2426 2183; x_wconf 91' lang='lat' dir='ltr'><strong>sibi</strong></span> <span class='ocrx_word' id='word_1_661' title='bbox 2458 2129 2739 2183; x_wconf 84' lang='lat' dir='ltr'><strong>sollicitam</strong></span> <span class='ocrx_word' id='word_1_662' title='bbox 2765 2126 2903 2193; x_wconf 82' lang='lat' dir='ltr'><strong>fore,</strong></span> <span class='ocrx_word' id='word_1_663' title='bbox 2936 2141 3042 2182; x_wconf 88' lang='lat' dir='ltr'><strong>non</strong></span> <span class='ocrx_word' id='word_1_664' title='bbox 3073 2126 3124 2180; x_wconf 89' lang='lat' dir='ltr'><strong>id</strong></span> <span class='ocrx_word' id='word_1_665' title='bbox 3155 2126 3246 2188; x_wconf 87' lang='lat' dir='ltr'><strong>ait,</strong></span> <span class='ocrx_word' id='word_1_666' title='bbox 3269 2126 3412 2196; x_wconf 90' lang='lat' dir='ltr'><strong>quod</strong></span> <span class='ocrx_word' id='word_1_667' title='bbox 3434 2125 3554 2182; x_wconf 86' lang='lat' dir='ltr'><strong>dies</strong></span> <span class='ocrx_word' id='word_1_668' title='bbox 3576 2128 3703 2196; x_wconf 76' lang='lat' dir='ltr'><strong>ipsa</strong></span> 
     </span>
    </p>
   </div>
   <div class='ocr_carea' id='block_1_83' title="bbox 2103 2218 3699 2289">
    <p class='ocr_par' dir='ltr' id='par_1_83' title="bbox 2103 2218 3699 2289">
     <span class='ocr_line' id='line_1_83' title="bbox 2103 2218 3699 2289; baseline -0.001 -15"><span class='ocrx_word' id='word_1_669' title='bbox 2103 2220 2171 2276; x_wconf 92' lang='lat' dir='ltr'><strong>de</strong></span> <span class='ocrx_word' id='word_1_670' title='bbox 2191 2235 2248 2276; x_wconf 91' lang='lat' dir='ltr'><strong>se</strong></span> <span class='ocrx_word' id='word_1_671' title='bbox 2273 2220 2498 2275; x_wconf 87' lang='lat' dir='ltr'><strong>sollicita</strong></span> <span class='ocrx_word' id='word_1_672' title='bbox 2523 2221 2612 2286; x_wconf 88' lang='lat' dir='ltr'><strong>sit,</strong></span> <span class='ocrx_word' id='word_1_673' title='bbox 2641 2219 2734 2274; x_wconf 88' lang='lat' dir='ltr'><strong>sed</strong></span> <span class='ocrx_word' id='word_1_674' title='bbox 2765 2219 2886 2289; x_wconf 88' lang='lat' dir='ltr'><strong>quia</strong></span> <span class='ocrx_word' id='word_1_675' title='bbox 2907 2218 2973 2273; x_wconf 89' lang='lat' dir='ltr'><strong>ad</strong></span> <span class='ocrx_word' id='word_1_676' title='bbox 3002 2219 3298 2288; x_wconf 88' lang='lat' dir='ltr'><strong>imperitam</strong></span> <span class='ocrx_word' id='word_1_677' title='bbox 3328 2218 3536 2287; x_wconf 89' lang='lat' dir='ltr'><strong>plebem</strong></span> <span class='ocrx_word' id='word_1_678' title='bbox 3564 2232 3699 2273; x_wconf 85' lang='lat' dir='ltr'><strong>ser-</strong></span> 
     </span>
    </p>
   </div>
   <div class='ocr_carea' id='block_1_84' title="bbox 2105 2309 3701 2381">
    <p class='ocr_par' dir='ltr' id='par_1_84' title="bbox 2105 2309 3701 2381">
     <span class='ocr_line' id='line_1_84' title="bbox 2105 2309 3701 2381; baseline 0 -14"><span class='ocrx_word' id='word_1_679' title='bbox 2105 2327 2195 2367; x_wconf 91' lang='lat' dir='ltr'><strong>mo</strong></span> <span class='ocrx_word' id='word_1_680' title='bbox 2229 2323 2366 2378; x_wconf 86' lang='lat' dir='ltr'><strong>erat,</strong></span> <span class='ocrx_word' id='word_1_681' title='bbox 2409 2328 2532 2366; x_wconf 92' lang='lat' dir='ltr'><strong>cum</strong></span> <span class='ocrx_word' id='word_1_682' title='bbox 2583 2312 2744 2367; x_wconf 83' lang='lat' dir='ltr'><strong>vellet</strong></span> <span class='ocrx_word' id='word_1_683' title='bbox 2789 2311 2905 2366; x_wconf 61' lang='lat' dir='ltr'><strong>hate</strong></span> <span class='ocrx_word' id='word_1_684' title='bbox 2954 2326 3076 2366; x_wconf 91' lang='lat' dir='ltr'><strong>cum</strong></span> <span class='ocrx_word' id='word_1_685' title='bbox 3116 2311 3358 2381; x_wconf 83' lang='lat' dir='ltr'><strong>emphasi</strong></span> <span class='ocrx_word' id='word_1_686' title='bbox 3408 2309 3701 2381; x_wconf 82' lang='lat' dir='ltr'><strong>proferre,</strong></span> 
     </span>
    </p>
   </div>
   <div class='ocr_carea' id='block_1_85' title="bbox 2107 2403 3704 2475">
    <p class='ocr_par' dir='ltr' id='par_1_85' title="bbox 2107 2403 3704 2475">
     <span class='ocr_line' id='line_1_85' title="bbox 2107 2403 3704 2475; baseline -0.001 -14"><span class='ocrx_word' id='word_1_687' title='bbox 2107 2415 2314 2474; x_wconf 87' lang='lat' dir='ltr'><strong>tempus</strong></span> <span class='ocrx_word' id='word_1_688' title='bbox 2355 2421 2592 2475; x_wconf 74' lang='lat' dir='ltr'><strong>pet-some</strong></span> <span class='ocrx_word' id='word_1_689' title='bbox 2621 2420 2770 2460; x_wconf 90' lang='lat' dir='ltr'><strong>more</strong></span> <span class='ocrx_word' id='word_1_690' title='bbox 2799 2412 3166 2475; x_wconf 64' lang='lat' dir='ltr'><strong>repraesentat,</strong></span> <span class='ocrx_word' id='word_1_691' title='bbox 3195 2403 3490 2460; x_wconf 85' lang='lat' dir='ltr'><strong>secundum</strong></span> <span class='ocrx_word' id='word_1_692' title='bbox 3521 2405 3704 2474; x_wconf 83' lang='lat' dir='ltr'><strong>pluri—</strong></span> 
     </span>
    </p>
   </div>
   <div class='ocr_carea' id='block_1_86' title="bbox 2105 2497 3707 2568">
    <p class='ocr_par' dir='ltr' id='par_1_86' title="bbox 2105 2497 3707 2568">
     <span class='ocr_line' id='line_1_86' title="bbox 2105 2497 3707 2568; baseline 0 -15"><span class='ocrx_word' id='word_1_693' title='bbox 2105 2515 2314 2554; x_wconf 90' lang='lat' dir='ltr'><strong>morum</strong></span> <span class='ocrx_word' id='word_1_694' title='bbox 2347 2513 2547 2554; x_wconf 89' lang='lat' dir='ltr'><strong>morem</strong></span> <span class='ocrx_word' id='word_1_695' title='bbox 2577 2499 2721 2568; x_wconf 89' lang='lat' dir='ltr'><strong>ipsos</strong></span> <span class='ocrx_word' id='word_1_696' title='bbox 2747 2499 3041 2568; x_wconf 86' lang='lat' dir='ltr'><strong>alloquens.</strong></span> <span class='ocrx_word' id='word_1_697' title='bbox 3074 2497 3139 2551; x_wconf 88' lang='lat' dir='ltr'><strong>Et</strong></span> <span class='ocrx_word' id='word_1_698' title='bbox 3165 2497 3250 2551; x_wconf 90' lang='lat' dir='ltr'><strong>hic</strong></span> <span class='ocrx_word' id='word_1_699' title='bbox 3275 2497 3488 2567; x_wconf 84' lang='lat' dir='ltr'><strong>quidem</strong></span> <span class='ocrx_word' id='word_1_700' title='bbox 3515 2499 3707 2553; x_wconf 75' lang='lat' dir='ltr'><strong>consi-</strong></span> 
     </span>
    </p>
   </div>
   <div class='ocr_carea' id='block_1_87' title="bbox 2105 2589 3705 2664">
    <p class='ocr_par' dir='ltr' id='par_1_87' title="bbox 2105 2589 3705 2664">
     <span class='ocr_line' id='line_1_87' title="bbox 2105 2589 3705 2664; baseline -0.003 -16"><span class='ocrx_word' id='word_1_701' title='bbox 2105 2595 2233 2648; x_wconf 92' lang='lat' dir='ltr'><strong>lium</strong></span> <span class='ocrx_word' id='word_1_702' title='bbox 2283 2593 2506 2664; x_wconf 89' lang='lat' dir='ltr'><strong>profert,</strong></span> <span class='ocrx_word' id='word_1_703' title='bbox 2553 2606 2869 2664; x_wconf 82' lang='lat' dir='ltr'><strong>pregressus</strong></span> <span class='ocrx_word' id='word_1_704' title='bbox 2909 2601 3088 2646; x_wconf 85' lang='lat' dir='ltr'><strong>autem</strong></span> <span class='ocrx_word' id='word_1_705' title='bbox 3145 2589 3371 2660; x_wconf 87' lang='lat' dir='ltr'><strong>idipsum</strong></span> <span class='ocrx_word' id='word_1_706' title='bbox 3417 2598 3478 2645; x_wconf 87' lang='lat' dir='ltr'><strong>ut</strong></span> <span class='ocrx_word' id='word_1_707' title='bbox 3522 2590 3705 2660; x_wconf 84' lang='lat' dir='ltr'><strong>legem</strong></span> 
     </span>
    </p>
   </div>
   <div class='ocr_carea' id='block_1_88' title="bbox 2107 2684 3707 2755">
    <p class='ocr_par' dir='ltr' id='par_1_88' title="bbox 2107 2684 3707 2755">
     <span class='ocr_line' id='line_1_88' title="bbox 2107 2684 3707 2755; baseline -0.004 -13"><span class='ocrx_word' id='word_1_708' title='bbox 2107 2687 2290 2742; x_wconf 89' lang='lat' dir='ltr'><strong>statuit</strong></span> <span class='ocrx_word' id='word_1_709' title='bbox 2316 2688 2499 2743; x_wconf 87' lang='lat' dir='ltr'><strong>dicens</strong></span> <span class='ocrx_word' id='word_1_710' title='bbox 2527 2704 2540 2739; x_wconf 91' lang='lat'><strong>:</strong></span> <span class='ocrx_word' id='word_1_711' title='bbox 2575 2685 2750 2740; x_wconf 80' lang='lat' dir='ltr'><strong>Nolite</strong></span> <span class='ocrx_word' id='word_1_712' title='bbox 2778 2684 3034 2755; x_wconf 82' lang='lat' dir='ltr'><strong>possidere</strong></span> <span class='ocrx_word' id='word_1_713' title='bbox 3071 2699 3274 2748; x_wconf 88' lang='lat' dir='ltr'><strong>aurum,</strong></span> <span class='ocrx_word' id='word_1_714' title='bbox 3318 2699 3477 2750; x_wconf 75' lang='lat' dir='ltr'><strong>neque</strong></span> <span class='ocrx_word' id='word_1_715' title='bbox 3512 2699 3707 2754; x_wconf 72' lang='lat' dir='ltr'><strong>argen-</strong></span> 
     </span>
    </p>
   </div>
   <div class='ocr_carea' id='block_1_89' title="bbox 2108 2773 3704 2848">
    <p class='ocr_par' dir='ltr' id='par_1_89' title="bbox 2108 2773 3704 2848">
     <span class='ocr_line' id='line_1_89' title="bbox 2108 2773 3704 2848; baseline -0.004 -13"><span class='ocrx_word' id='word_1_716' title='bbox 2108 2791 2236 2848; x_wconf 87' lang='lat' dir='ltr'><strong>tum,</strong></span> <span class='ocrx_word' id='word_1_717' title='bbox 2267 2796 2424 2847; x_wconf 82' lang='lat' dir='ltr'><strong>neque</strong></span> <span class='ocrx_word' id='word_1_718' title='bbox 2445 2795 2618 2847; x_wconf 81' lang='lat' dir='ltr'><strong>peram</strong></span> <span class='ocrx_word' id='word_1_719' title='bbox 2641 2777 2693 2830; x_wconf 81' lang='lat' dir='ltr'><strong>in</strong></span> <span class='ocrx_word' id='word_1_720' title='bbox 2714 2777 2793 2833; x_wconf 82' lang='lat' dir='ltr'><strong>via</strong></span> <span class='ocrx_word' id='word_1_721' title='bbox 2821 2775 3035 2845; x_wconf 77' lang='lat' dir='ltr'><strong>(Matth.</strong></span> <span class='ocrx_word' id='word_1_722' title='bbox 3067 2775 3152 2830; x_wconf 80' lang='grc'><strong>10.</strong></span> <span class='ocrx_word' id='word_1_723' title='bbox 3177 2775 3233 2830; x_wconf 90' lang='lat'><strong>9.</strong></span> <span class='ocrx_word' id='word_1_724' title='bbox 3270 2774 3377 2844; x_wconf 83' lang='grc'><strong>10).</strong></span> <span class='ocrx_word' id='word_1_725' title='bbox 3406 2773 3704 2845; x_wconf 82' lang='lat' dir='ltr'><strong>Postquam</strong></span> 
     </span>
    </p>
   </div>
   <div class='ocr_carea' id='block_1_90' title="bbox 2107 2865 3706 2938">
    <p class='ocr_par' dir='ltr' id='par_1_90' title="bbox 2107 2865 3706 2938">
     <span class='ocr_line' id='line_1_90' title="bbox 2107 2865 3706 2938; baseline -0.005 -10"><span class='ocrx_word' id='word_1_726' title='bbox 2107 2871 2249 2928; x_wconf 90' lang='lat' dir='ltr'><strong>enim</strong></span> <span class='ocrx_word' id='word_1_727' title='bbox 2273 2867 2386 2923; x_wconf 70' lang='lat' dir='ltr'><strong>haec</strong></span> <span class='ocrx_word' id='word_1_728' title='bbox 2401 2868 2524 2938; x_wconf 87' lang='lat' dir='ltr'><strong>ipsa</strong></span> <span class='ocrx_word' id='word_1_729' title='bbox 2541 2865 2796 2937; x_wconf 84' lang='lat' dir='ltr'><strong>operibus</strong></span> <span class='ocrx_word' id='word_1_730' title='bbox 2816 2867 3148 2932; x_wconf 79' lang='lat' dir='ltr'><strong>exhibuerat,</strong></span> <span class='ocrx_word' id='word_1_731' title='bbox 3179 2877 3304 2923; x_wconf 90' lang='lat' dir='ltr'><strong>tunc</strong></span> <span class='ocrx_word' id='word_1_732' title='bbox 3331 2865 3550 2922; x_wconf 84' lang='lat' dir='ltr'><strong>demum</strong></span> <span class='ocrx_word' id='word_1_733' title='bbox 3573 2882 3706 2921; x_wconf 85' lang='lat' dir='ltr'><strong>vcr-</strong></span> 
     </span>
    </p>
   </div>
   <div class='ocr_carea' id='block_1_91' title="bbox 2108 2961 3706 3035">
    <p class='ocr_par' dir='ltr' id='par_1_91' title="bbox 2108 2961 3706 3035">
     <span class='ocr_line' id='line_1_91' title="bbox 2108 2961 3706 3035; baseline -0.004 -16"><span class='ocrx_word' id='word_1_734' title='bbox 2108 2964 2190 3019; x_wconf 90' lang='lat' dir='ltr'><strong>bis</strong></span> <span class='ocrx_word' id='word_1_735' title='bbox 2217 2965 2386 3035; x_wconf 80' lang='lat' dir='ltr'><strong>legem</strong></span> <span class='ocrx_word' id='word_1_736' title='bbox 2418 2964 2603 3019; x_wconf 88' lang='lat' dir='ltr'><strong>statuit</strong></span> <span class='ocrx_word' id='word_1_737' title='bbox 2638 2963 2949 3028; x_wconf 88' lang='lat' dir='ltr'><strong>firmiorem,</strong></span> <span class='ocrx_word' id='word_1_738' title='bbox 2981 2961 3124 3015; x_wconf 89' lang='lat' dir='ltr'><strong>unde</strong></span> <span class='ocrx_word' id='word_1_739' title='bbox 3149 2970 3202 3015; x_wconf 88' lang='lat' dir='ltr'><strong>et</strong></span> <span class='ocrx_word' id='word_1_740' title='bbox 3232 2976 3410 3016; x_wconf 85' lang='lat' dir='ltr'><strong>sermo</strong></span> <span class='ocrx_word' id='word_1_741' title='bbox 3444 2967 3706 3028; x_wconf 80' lang='lat' dir='ltr'><strong>acceptus</strong></span> 
     </span>
    </p>
   </div>
   <div class='ocr_carea' id='block_1_92' title="bbox 2107 3052 3706 3126">
    <p class='ocr_par' dir='ltr' id='par_1_92' title="bbox 2107 3052 3706 3126">
     <span class='ocr_line' id='line_1_92' title="bbox 2107 3052 3706 3126; baseline -0.005 -13"><span class='ocrx_word' id='word_1_742' title='bbox 2107 3069 2161 3113; x_wconf 90' lang='lat' dir='ltr'><strong>et</strong></span> <span class='ocrx_word' id='word_1_743' title='bbox 2177 3057 2550 3126; x_wconf 78' lang='lat' dir='ltr'><strong>comprobatus</strong></span> <span class='ocrx_word' id='word_1_744' title='bbox 2569 3065 2702 3121; x_wconf 87' lang='lat' dir='ltr'><strong>erat,</strong></span> <span class='ocrx_word' id='word_1_745' title='bbox 2727 3055 2892 3124; x_wconf 88' lang='lat' dir='ltr'><strong>ipsius</strong></span> <span class='ocrx_word' id='word_1_746' title='bbox 2910 3067 3102 3122; x_wconf 88' lang='lat' dir='ltr'><strong>nempe</strong></span> <span class='ocrx_word' id='word_1_747' title='bbox 3118 3053 3368 3122; x_wconf 84' lang='lat' dir='ltr'><strong>operibus</strong></span> <span class='ocrx_word' id='word_1_748' title='bbox 3382 3052 3492 3122; x_wconf 83' lang='lat' dir='ltr'><strong>jam</strong></span> <span class='ocrx_word' id='word_1_749' title='bbox 3516 3052 3706 3106; x_wconf 82' lang='lat' dir='ltr'><strong>tit-tua-</strong></span> 
     </span>
    </p>
   </div>
   <div class='ocr_carea' id='block_1_93' title="bbox 2111 3144 3702 3219">
    <p class='ocr_par' dir='ltr' id='par_1_93' title="bbox 2111 3144 3702 3219">
     <span class='ocr_line' id='line_1_93' title="bbox 2111 3144 3702 3219; baseline -0.004 -16"><span class='ocrx_word' id='word_1_750' title='bbox 2111 3159 2214 3203; x_wconf 90' lang='lat' dir='ltr'><strong>tus.</strong></span> <span class='ocrx_word' id='word_1_751' title='bbox 2239 3149 2278 3204; x_wconf 88' lang='lat' dir='ltr'>U</span> <span class='ocrx_word' id='word_1_752' title='bbox 2290 3150 2463 3204; x_wconf 82' lang='lat' dir='ltr'><strong>binam</strong></span> <span class='ocrx_word' id='word_1_753' title='bbox 2485 3149 2641 3219; x_wconf 87' lang='lat' dir='ltr'><strong>igitur</strong></span> <span class='ocrx_word' id='word_1_754' title='bbox 2659 3147 2909 3217; x_wconf 88' lang='lat' dir='ltr'><strong>operibus</strong></span> <span class='ocrx_word' id='word_1_755' title='bbox 2927 3145 3343 3200; x_wconf 78' lang='lat' dir='ltr'><strong>demonstravit?</strong></span> <span class='ocrx_word' id='word_1_756' title='bbox 3358 3144 3496 3200; x_wconf 83' lang='lat' dir='ltr'><strong>Audi</strong></span> <span class='ocrx_word' id='word_1_757' title='bbox 3521 3145 3702 3215; x_wconf 76' lang='lat' dir='ltr'><strong>ipsum</strong></span> 
     </span>
    </p>
   </div>
   <div class='ocr_carea' id='block_1_94' title="bbox 2109 3238 3706 3309">
    <p class='ocr_par' dir='ltr' id='par_1_94' title="bbox 2109 3238 3706 3309">
     <span class='ocr_line' id='line_1_94' title="bbox 2109 3238 3706 3309; baseline -0.003 -11"><span class='ocrx_word' id='word_1_758' title='bbox 2109 3245 2375 3299; x_wconf 87' lang='lat' dir='ltr'><strong>dicentem</strong></span> <span class='ocrx_word' id='word_1_759' title='bbox 2407 3262 2420 3298; x_wconf 92' lang='lat'><strong>:</strong></span> <span class='ocrx_word' id='word_1_760' title='bbox 2448 3242 2616 3296; x_wconf 79' lang='lat' dir='ltr'><strong>Filius</strong></span> <span class='ocrx_word' id='word_1_761' title='bbox 2639 3242 2855 3295; x_wconf 81' lang='lat' dir='ltr'><strong>hominis</strong></span> <span class='ocrx_word' id='word_1_762' title='bbox 2883 3255 2984 3294; x_wconf 76' lang='lat' dir='ltr'><strong>non</strong></span> <span class='ocrx_word' id='word_1_763' title='bbox 3010 3239 3156 3293; x_wconf 78' lang='lat' dir='ltr'><strong>habet</strong></span> <span class='ocrx_word' id='word_1_764' title='bbox 3183 3241 3267 3294; x_wconf 81' lang='lat' dir='ltr'><strong>ubi</strong></span> <span class='ocrx_word' id='word_1_765' title='bbox 3298 3249 3455 3309; x_wconf 78' lang='lat' dir='ltr'><strong>caput</strong></span> <span class='ocrx_word' id='word_1_766' title='bbox 3493 3238 3706 3294; x_wconf 74' lang='lat' dir='ltr'><strong>reclinet</strong></span> 
     </span>
    </p>
   </div>
   <div class='ocr_carea' id='block_1_95' title="bbox 2110 3334 3704 3410">
    <p class='ocr_par' dir='ltr' id='par_1_95' title="bbox 2110 3334 3704 3410">
     <span class='ocr_line' id='line_1_95' title="bbox 2110 3334 3704 3410; baseline -0.003 -19"><span class='ocrx_word' id='word_1_767' title='bbox 2110 3339 2325 3410; x_wconf 79' lang='lat' dir='ltr'><strong>(Matth.</strong></span> <span class='ocrx_word' id='word_1_768' title='bbox 2353 3338 2407 3393; x_wconf 92' lang='lat'><strong>8.</strong></span> <span class='ocrx_word' id='word_1_769' title='bbox 2435 3337 2552 3408; x_wconf 60' lang='grc' dir='ltr'><strong>ξω).</strong></span> <span class='ocrx_word' id='word_1_770' title='bbox 2593 3335 2777 3405; x_wconf 79' lang='lat' dir='ltr'><strong>Neque</strong></span> <span class='ocrx_word' id='word_1_771' title='bbox 2813 3335 2914 3390; x_wconf 86' lang='lat' dir='ltr'><strong>hoc</strong></span> <span class='ocrx_word' id='word_1_772' title='bbox 2940 3343 3115 3388; x_wconf 87' lang='lat' dir='ltr'><strong>tamen</strong></span> <span class='ocrx_word' id='word_1_773' title='bbox 3157 3334 3356 3389; x_wconf 76' lang='lat' dir='ltr'><strong>dixisse</strong></span> <span class='ocrx_word' id='word_1_774' title='bbox 3390 3341 3704 3399; x_wconf 85' lang='lat' dir='ltr'><strong>contentus,</strong></span> 
     </span>
    </p>
   </div>
   <div class='ocr_carea' id='block_1_96' title="bbox 2113 3425 3704 3498">
    <p class='ocr_par' dir='ltr' id='par_1_96' title="bbox 2113 3425 3704 3498">
     <span class='ocr_line' id='line_1_96' title="bbox 2113 3425 3704 3498; baseline -0.003 -13"><span class='ocrx_word' id='word_1_775' title='bbox 2113 3432 2164 3485; x_wconf 87' lang='lat' dir='ltr'><strong>in</strong></span> <span class='ocrx_word' id='word_1_776' title='bbox 2191 3429 2465 3498; x_wconf 86' lang='lat' dir='ltr'><strong>discipulis</strong></span> <span class='ocrx_word' id='word_1_777' title='bbox 2508 3429 2620 3483; x_wconf 89' lang='lat' dir='ltr'><strong>suis</strong></span> <span class='ocrx_word' id='word_1_778' title='bbox 2660 3427 2848 3481; x_wconf 83' lang='lat' dir='ltr'><strong>horum</strong></span> <span class='ocrx_word' id='word_1_779' title='bbox 2890 3427 3192 3497; x_wconf 84' lang='lat' dir='ltr'><strong>exetnplum</strong></span> <span class='ocrx_word' id='word_1_780' title='bbox 3220 3425 3542 3495; x_wconf 85' lang='lat' dir='ltr'><strong>suppeditat,</strong></span> <span class='ocrx_word' id='word_1_781' title='bbox 3574 3440 3704 3480; x_wconf 88' lang='lat' dir='ltr'><strong>cum</strong></span> 
     </span>
    </p>
   </div>
   <div class='ocr_carea' id='block_1_97' title="bbox 2115 3517 3705 3594">
    <p class='ocr_par' dir='ltr' id='par_1_97' title="bbox 2115 3517 3705 3594">
     <span class='ocr_line' id='line_1_97' title="bbox 2115 3517 3705 3594; baseline -0.004 -18"><span class='ocrx_word' id='word_1_782' title='bbox 2115 3522 2257 3594; x_wconf 77' lang='lat' dir='ltr'><strong>ipsos</strong></span> <span class='ocrx_word' id='word_1_783' title='bbox 2287 3521 2351 3576; x_wconf 90' lang='lat' dir='ltr'><strong>ad</strong></span> <span class='ocrx_word' id='word_1_784' title='bbox 2381 3523 2516 3575; x_wconf 90' lang='lat' dir='ltr'><strong>hanc</strong></span> <span class='ocrx_word' id='word_1_785' title='bbox 2543 3519 2766 3574; x_wconf 87' lang='lat' dir='ltr'><strong>formam</strong></span> <span class='ocrx_word' id='word_1_786' title='bbox 2797 3518 3023 3588; x_wconf 83' lang='lat' dir='ltr'><strong>redegit,</strong></span> <span class='ocrx_word' id='word_1_787' title='bbox 3049 3527 3109 3573; x_wconf 86' lang='lat' dir='ltr'><strong>et</strong></span> <span class='ocrx_word' id='word_1_788' title='bbox 3137 3517 3281 3571; x_wconf 89' lang='lat' dir='ltr'><strong>nullo</strong></span> <span class='ocrx_word' id='word_1_789' title='bbox 3306 3531 3466 3587; x_wconf 82' lang='lat' dir='ltr'><strong>egere</strong></span> <span class='ocrx_word' id='word_1_790' title='bbox 3497 3518 3705 3587; x_wconf 84' lang='lat' dir='ltr'><strong>permi—</strong></span> 
     </span>
    </p>
   </div>
   <div class='ocr_carea' id='block_1_98' title="bbox 2112 3611 3706 3685">
    <p class='ocr_par' dir='ltr' id='par_1_98' title="bbox 2112 3611 3706 3685">
     <span class='ocr_line' id='line_1_98' title="bbox 2112 3611 3706 3685; baseline -0.003 -14"><span class='ocrx_word' id='word_1_791' title='bbox 2112 3617 2200 3671; x_wconf 89' lang='lat' dir='ltr'><strong>sit.</strong></span> <span class='ocrx_word' id='word_1_792' title='bbox 2237 3614 2509 3685; x_wconf 87' lang='lat' dir='ltr'><strong>Perpende</strong></span> <span class='ocrx_word' id='word_1_793' title='bbox 2534 3622 2709 3668; x_wconf 85' lang='lat' dir='ltr'><strong>autem</strong></span> <span class='ocrx_word' id='word_1_794' title='bbox 2750 3612 2866 3682; x_wconf 87' lang='lat' dir='ltr'><strong>ejus</strong></span> <span class='ocrx_word' id='word_1_795' title='bbox 2897 3611 3311 3681; x_wconf 81' lang='lat' dir='ltr'><strong>providentiam,</strong></span> <span class='ocrx_word' id='word_1_796' title='bbox 3337 3626 3458 3681; x_wconf 68' lang='lat' dir='ltr'><strong>qua:</strong></span> <span class='ocrx_word' id='word_1_797' title='bbox 3481 3626 3706 3666; x_wconf 75' lang='lat' dir='ltr'><strong>omnem</strong></span> 
     </span>
    </p>
   </div>
   <div class='ocr_carea' id='block_1_99' title="bbox 2115 3703 3704 3779">
    <p class='ocr_par' dir='ltr' id='par_1_99' title="bbox 2115 3703 3704 3779">
     <span class='ocr_line' id='line_1_99' title="bbox 2115 3703 3704 3779; baseline -0.002 -19"><span class='ocrx_word' id='word_1_798' title='bbox 2115 3709 2280 3779; x_wconf 84' lang='lat' dir='ltr'><strong>patris</strong></span> <span class='ocrx_word' id='word_1_799' title='bbox 2308 3707 2543 3778; x_wconf 80' lang='lat' dir='ltr'><strong>cujusvis</strong></span> <span class='ocrx_word' id='word_1_800' title='bbox 2567 3705 2819 3761; x_wconf 75' lang='lat' dir='ltr'><strong>allectum</strong></span> <span class='ocrx_word' id='word_1_801' title='bbox 2852 3712 3089 3774; x_wconf 85' lang='lat' dir='ltr'><strong>superat.</strong></span> <span class='ocrx_word' id='word_1_802' title='bbox 3136 3703 3248 3759; x_wconf 79' lang='lat' dir='ltr'><strong>Hoc</strong></span> <span class='ocrx_word' id='word_1_803' title='bbox 3281 3703 3464 3774; x_wconf 87' lang='lat' dir='ltr'><strong>jubeo,</strong></span> <span class='ocrx_word' id='word_1_804' title='bbox 3506 3703 3704 3774; x_wconf 86' lang='lat' dir='ltr'><strong>inquit,</strong></span> 
     </span>
    </p>
   </div>
   <div class='ocr_carea' id='block_1_100' title="bbox 2116 3794 3710 3866">
    <p class='ocr_par' dir='ltr' id='par_1_100' title="bbox 2116 3794 3710 3866">
     <span class='ocr_line' id='line_1_100' title="bbox 2116 3794 3710 3866; baseline -0.003 -12"><span class='ocrx_word' id='word_1_805' title='bbox 2116 3814 2222 3854; x_wconf 89' lang='lat' dir='ltr'><strong>non</strong></span> <span class='ocrx_word' id='word_1_806' title='bbox 2251 3798 2408 3853; x_wconf 86' lang='lat' dir='ltr'><strong>aliam</strong></span> <span class='ocrx_word' id='word_1_807' title='bbox 2437 3798 2508 3853; x_wconf 89' lang='lat' dir='ltr'><strong>ob</strong></span> <span class='ocrx_word' id='word_1_808' title='bbox 2531 3812 2768 3862; x_wconf 87' lang='lat' dir='ltr'><strong>causam,</strong></span> <span class='ocrx_word' id='word_1_809' title='bbox 2799 3811 2958 3866; x_wconf 87' lang='lat' dir='ltr'><strong>quam</strong></span> <span class='ocrx_word' id='word_1_810' title='bbox 2989 3803 3048 3848; x_wconf 84' lang='lat' dir='ltr'><strong>ut</strong></span> <span class='ocrx_word' id='word_1_811' title='bbox 3071 3810 3165 3850; x_wconf 83' lang='lat' dir='ltr'><strong>vos</strong></span> <span class='ocrx_word' id='word_1_812' title='bbox 3187 3795 3257 3849; x_wconf 86' lang='lat' dir='ltr'><strong>ab</strong></span> <span class='ocrx_word' id='word_1_813' title='bbox 3273 3794 3421 3851; x_wconf 83' lang='lat' dir='ltr'><strong>omni</strong></span> <span class='ocrx_word' id='word_1_814' title='bbox 3444 3809 3710 3864; x_wconf 81' lang='lat' dir='ltr'><strong>superva-</strong></span> 
     </span>
    </p>
   </div>
   <div class='ocr_carea' id='block_1_101' title="bbox 2115 3887 3709 3959">
    <p class='ocr_par' dir='ltr' id='par_1_101' title="bbox 2115 3887 3709 3959">
     <span class='ocr_line' id='line_1_101' title="bbox 2115 3887 3709 3959; baseline -0.002 -14"><span class='ocrx_word' id='word_1_815' title='bbox 2115 3906 2213 3946; x_wconf 90' lang='lat' dir='ltr'><strong>cua</strong></span> <span class='ocrx_word' id='word_1_816' title='bbox 2239 3889 2594 3945; x_wconf 87' lang='lat' dir='ltr'><strong>sollicitudine</strong></span> <span class='ocrx_word' id='word_1_817' title='bbox 2617 3888 2915 3959; x_wconf 79' lang='lat' dir='ltr'><strong>expediam.</strong></span> <span class='ocrx_word' id='word_1_818' title='bbox 2942 3887 3073 3942; x_wconf 86' lang='lat' dir='ltr'><strong>Nam</strong></span> <span class='ocrx_word' id='word_1_819' title='bbox 3095 3889 3138 3942; x_wconf 91' lang='lat' dir='ltr'><strong>si</strong></span> <span class='ocrx_word' id='word_1_820' title='bbox 3164 3887 3325 3943; x_wconf 77' lang='lat' dir='ltr'><strong>hodie</strong></span> <span class='ocrx_word' id='word_1_821' title='bbox 3349 3888 3608 3944; x_wconf 88' lang='lat' dir='ltr'><strong>sollicitus</strong></span> <span class='ocrx_word' id='word_1_822' title='bbox 3625 3888 3709 3942; x_wconf 87' lang='lat' dir='ltr'><strong>sis</strong></span> 
     </span>
    </p>
   </div>
   <div class='ocr_carea' id='block_1_102' title="bbox 2113 3981 3706 4048">
    <p class='ocr_par' dir='ltr' id='par_1_102' title="bbox 2113 3981 3706 4048">
     <span class='ocr_line' id='line_1_102' title="bbox 2113 3981 3706 4048; baseline -0.004 -6"><span class='ocrx_word' id='word_1_823' title='bbox 2113 3985 2185 4042; x_wconf 88' lang='lat' dir='ltr'><strong>de</strong></span> <span class='ocrx_word' id='word_1_824' title='bbox 2227 3985 2480 4046; x_wconf 88' lang='lat' dir='ltr'><strong>crastino,</strong></span> <span class='ocrx_word' id='word_1_825' title='bbox 2510 3998 2629 4038; x_wconf 83' lang='lat' dir='ltr'><strong>cras</strong></span> <span class='ocrx_word' id='word_1_826' title='bbox 2669 3998 2879 4038; x_wconf 91' lang='lat' dir='ltr'><strong>rursum</strong></span> <span class='ocrx_word' id='word_1_827' title='bbox 2919 3982 3176 4037; x_wconf 83' lang='lat' dir='ltr'><strong>sollicitus</strong></span> <span class='ocrx_word' id='word_1_828' title='bbox 3206 3982 3334 4037; x_wconf 87' lang='lat' dir='ltr'><strong>eris.</strong></span> <span class='ocrx_word' id='word_1_829' title='bbox 3364 3981 3505 4048; x_wconf 86' lang='lat' dir='ltr'><strong>Quid</strong></span> <span class='ocrx_word' id='word_1_830' title='bbox 3544 3995 3608 4036; x_wconf 88' lang='lat' dir='ltr'><strong>ea</strong></span> <span class='ocrx_word' id='word_1_831' title='bbox 3649 3981 3706 4036; x_wconf 92' lang='lat' dir='ltr'><strong>in</strong></span> 
     </span>
    </p>
   </div>
   <div class='ocr_carea' id='block_1_103' title="bbox 2119 4072 3710 4148">
    <p class='ocr_par' dir='ltr' id='par_1_103' title="bbox 2119 4072 3710 4148">
     <span class='ocr_line' id='line_1_103' title="bbox 2119 4072 3710 4148; baseline -0.006 -14"><span class='ocrx_word' id='word_1_832' title='bbox 2119 4094 2179 4134; x_wconf 92' lang='lat' dir='ltr'><strong>re</strong></span> <span class='ocrx_word' id='word_1_833' title='bbox 2203 4075 2693 4148; x_wconf 82' lang='lat' dir='ltr'><strong>supervacaneum?</strong></span> <span class='ocrx_word' id='word_1_834' title='bbox 2716 4073 2824 4129; x_wconf 90' lang='lat' dir='ltr'><strong>Cur</strong></span> <span class='ocrx_word' id='word_1_835' title='bbox 2843 4073 2992 4144; x_wconf 87' lang='lat' dir='ltr'><strong>cogis</strong></span> <span class='ocrx_word' id='word_1_836' title='bbox 3007 4073 3153 4129; x_wconf 87' lang='lat' dir='ltr'><strong>diem</strong></span> <span class='ocrx_word' id='word_1_837' title='bbox 3173 4072 3385 4143; x_wconf 86' lang='lat' dir='ltr'><strong>majori,</strong></span> <span class='ocrx_word' id='word_1_838' title='bbox 3407 4087 3566 4142; x_wconf 85' lang='lat' dir='ltr'><strong>quam</strong></span> <span class='ocrx_word' id='word_1_839' title='bbox 3591 4073 3710 4142; x_wconf 79' lang='lat' dir='ltr'><strong>ipse</strong></span> 
     </span>
    </p>
   </div>
   <div class='ocr_carea' id='block_1_104' title="bbox 2119 4162 3711 4236">
    <p class='ocr_par' dir='ltr' id='par_1_104' title="bbox 2119 4162 3711 4236">
     <span class='ocr_line' id='line_1_104' title="bbox 2119 4162 3711 4236; baseline -0.004 -12"><span class='ocrx_word' id='word_1_840' title='bbox 2119 4171 2341 4226; x_wconf 87' lang='lat' dir='ltr'><strong>sortitus</strong></span> <span class='ocrx_word' id='word_1_841' title='bbox 2366 4170 2456 4233; x_wconf 91' lang='lat' dir='ltr'><strong>sit,</strong></span> <span class='ocrx_word' id='word_1_842' title='bbox 2500 4167 2714 4222; x_wconf 88' lang='lat' dir='ltr'><strong>miseria</strong></span> <span class='ocrx_word' id='word_1_843' title='bbox 2751 4165 2944 4236; x_wconf 80' lang='lat' dir='ltr'><strong>afﬂigi;</strong></span> <span class='ocrx_word' id='word_1_844' title='bbox 2974 4173 3176 4221; x_wconf 91' lang='lat' dir='ltr'><strong>etcum</strong></span> <span class='ocrx_word' id='word_1_845' title='bbox 3216 4163 3442 4234; x_wconf 86' lang='lat' dir='ltr'><strong>propriis</strong></span> <span class='ocrx_word' id='word_1_846' title='bbox 3483 4162 3586 4218; x_wconf 86' lang='lat' dir='ltr'><strong>sibi</strong></span> <span class='ocrx_word' id='word_1_847' title='bbox 3627 4162 3711 4218; x_wconf 82' lang='lat' dir='ltr'><strong>la-</strong></span> 
     </span>
    </p>
   </div>
   <div class='ocr_carea' id='block_1_105' title="bbox 2120 4255 3707 4331">
    <p class='ocr_par' dir='ltr' id='par_1_105' title="bbox 2120 4255 3707 4331">
     <span class='ocr_line' id='line_1_105' title="bbox 2120 4255 3707 4331; baseline -0.006 -12"><span class='ocrx_word' id='word_1_848' title='bbox 2120 4264 2339 4319; x_wconf 87' lang='lat' dir='ltr'><strong>boribus</strong></span> <span class='ocrx_word' id='word_1_849' title='bbox 2362 4263 2521 4317; x_wconf 89' lang='lat' dir='ltr'><strong>etiam</strong></span> <span class='ocrx_word' id='word_1_850' title='bbox 2552 4260 2825 4331; x_wconf 88' lang='lat' dir='ltr'><strong>sequentis</strong></span> <span class='ocrx_word' id='word_1_851' title='bbox 2864 4258 2970 4314; x_wconf 88' lang='lat' dir='ltr'><strong>diei</strong></span> <span class='ocrx_word' id='word_1_852' title='bbox 3017 4272 3152 4312; x_wconf 90' lang='lat' dir='ltr'><strong>onus</strong></span> <span class='ocrx_word' id='word_1_853' title='bbox 3195 4256 3440 4326; x_wconf 90' lang='lat' dir='ltr'><strong>imponis,</strong></span> <span class='ocrx_word' id='word_1_854' title='bbox 3485 4265 3542 4310; x_wconf 88' lang='lat' dir='ltr'><strong>et</strong></span> <span class='ocrx_word' id='word_1_855' title='bbox 3581 4255 3707 4324; x_wconf 87' lang='lat' dir='ltr'><strong>hoc,</strong></span> 
     </span>
    </p>
   </div>
   <div class='ocr_carea' id='block_1_106' title="bbox 2121 4345 3712 4424">
    <p class='ocr_par' dir='ltr' id='par_1_106' title="bbox 2121 4345 3712 4424">
     <span class='ocr_line' id='line_1_106' title="bbox 2121 4345 3712 4424; baseline -0.006 -15"><span class='ocrx_word' id='word_1_856' title='bbox 2121 4371 2238 4410; x_wconf 92' lang='lat' dir='ltr'><strong>cum</strong></span> <span class='ocrx_word' id='word_1_857' title='bbox 2269 4369 2364 4424; x_wconf 87' lang='lat' dir='ltr'><strong>per</strong></span> <span class='ocrx_word' id='word_1_858' title='bbox 2390 4352 2808 4407; x_wconf 84' lang='lat' dir='ltr'><strong>additamentum</strong></span> <span class='ocrx_word' id='word_1_859' title='bbox 2840 4348 3139 4419; x_wconf 87' lang='lat' dir='ltr'><strong>hujusmodi</strong></span> <span class='ocrx_word' id='word_1_860' title='bbox 3164 4347 3439 4417; x_wconf 84' lang='lat' dir='ltr'><strong>sequentis</strong></span> <span class='ocrx_word' id='word_1_861' title='bbox 3460 4345 3566 4401; x_wconf 82' lang='lat' dir='ltr'><strong>diei</strong></span> <span class='ocrx_word' id='word_1_862' title='bbox 3593 4361 3712 4401; x_wconf 78' lang='lat' dir='ltr'><strong>sar-</strong></span> 
     </span>
    </p>
   </div>
   <div class='ocr_carea' id='block_1_107' title="bbox 2121 4438 3712 4506">
    <p class='ocr_par' dir='ltr' id='par_1_107' title="bbox 2121 4438 3712 4506">
     <span class='ocr_line' id='line_1_107' title="bbox 2121 4438 3712 4506; baseline -0.006 -2"><span class='ocrx_word' id='word_1_863' title='bbox 2121 4450 2296 4506; x_wconf 89' lang='lat' dir='ltr'><strong>cinam</strong></span> <span class='ocrx_word' id='word_1_864' title='bbox 2343 4462 2449 4501; x_wconf 86' lang='lat' dir='ltr'><strong>non</strong></span> <span class='ocrx_word' id='word_1_865' title='bbox 2503 4446 2731 4505; x_wconf 87' lang='lat' dir='ltr'><strong>minuas.</strong></span> <span class='ocrx_word' id='word_1_866' title='bbox 2790 4443 2884 4498; x_wconf 91' lang='lat' dir='ltr'><strong>sed</strong></span> <span class='ocrx_word' id='word_1_867' title='bbox 2934 4441 3144 4497; x_wconf 89' lang='lat' dir='ltr'><strong>labores</strong></span> <span class='ocrx_word' id='word_1_868' title='bbox 3192 4449 3397 4496; x_wconf 87' lang='lat' dir='ltr'><strong>tantum</strong></span> <span class='ocrx_word' id='word_1_869' title='bbox 3438 4438 3712 4494; x_wconf 76' lang='lat' dir='ltr'><strong>laboribus</strong></span> 
     </span>
    </p>
   </div>
   <div class='ocr_carea' id='block_1_108' title="bbox 2123 4535 3714 4613">
    <p class='ocr_par' dir='ltr' id='par_1_108' title="bbox 2123 4535 3714 4613">
     <span class='ocr_line' id='line_1_108' title="bbox 2123 4535 3714 4613; baseline -0.008 -16"><span class='ocrx_word' id='word_1_870' title='bbox 2123 4542 2400 4613; x_wconf 79' lang='lat' dir='ltr'><strong>adjicias&#39;.</strong></span> <span class='ocrx_word' id='word_1_871' title='bbox 2430 4539 2500 4596; x_wconf 84' lang='lat' dir='ltr'><strong>Ut</strong></span> <span class='ocrx_word' id='word_1_872' title='bbox 2524 4539 2666 4594; x_wconf 89' lang='lat' dir='ltr'><strong>enim</strong></span> <span class='ocrx_word' id='word_1_873' title='bbox 2713 4537 2832 4593; x_wconf 90' lang='lat' dir='ltr'><strong>illos</strong></span> <span class='ocrx_word' id='word_1_874' title='bbox 2864 4535 3029 4605; x_wconf 84' lang='lat' dir='ltr'><strong>magis</strong></span> <span class='ocrx_word' id='word_1_875' title='bbox 3056 4535 3460 4604; x_wconf 86' lang='lat' dir='ltr'><strong>perstringeret,</strong></span> <span class='ocrx_word' id='word_1_876' title='bbox 3501 4539 3714 4600; x_wconf 85' lang='lat' dir='ltr'><strong>tempus</strong></span> 
     </span>
    </p>
   </div>
   <div class='ocr_carea' id='block_1_109' title="bbox 2127 4621 3715 4705">
    <p class='ocr_par' dir='ltr' id='par_1_109' title="bbox 2127 4621 3715 4705">
     <span class='ocr_line' id='line_1_109' title="bbox 2127 4621 3715 4705; baseline -0.009 -15"><span class='ocrx_word' id='word_1_877' title='bbox 2127 4637 2299 4705; x_wconf 84' lang='lat' dir='ltr'><strong>ipsum</strong></span> <span class='ocrx_word' id='word_1_878' title='bbox 2326 4635 2474 4704; x_wconf 90' lang='lat' dir='ltr'><strong>quasi</strong></span> <span class='ocrx_word' id='word_1_879' title='bbox 2501 4632 2791 4686; x_wconf 88' lang='lat' dir='ltr'><strong>animatum</strong></span> <span class='ocrx_word' id='word_1_880' title='bbox 2813 4636 2868 4684; x_wconf 88' lang='lat' dir='ltr'><strong>et</strong></span> <span class='ocrx_word' id='word_1_881' title='bbox 2889 4627 3074 4681; x_wconf 67' lang='lat' dir='ltr'><strong>laesum</strong></span> <span class='ocrx_word' id='word_1_882' title='bbox 3102 4624 3329 4689; x_wconf 80' lang='lat' dir='ltr'><strong>induxit,</strong></span> <span class='ocrx_word' id='word_1_883' title='bbox 3354 4631 3544 4679; x_wconf 88' lang='lat' dir='ltr'><strong>contra</strong></span> <span class='ocrx_word' id='word_1_884' title='bbox 3568 4621 3715 4692; x_wconf 79' lang='lat' dir='ltr'><strong>ipsos</strong></span> 
     </span>
    </p>
   </div>
   <div class='ocr_carea' id='block_1_110' title="bbox 2124 4714 3714 4794">
    <p class='ocr_par' dir='ltr' id='par_1_110' title="bbox 2124 4714 3714 4794">
     <span class='ocr_line' id='line_1_110' title="bbox 2124 4714 3714 4794; baseline -0.008 -14"><span class='ocrx_word' id='word_1_885' title='bbox 2124 4728 2362 4782; x_wconf 88' lang='lat' dir='ltr'><strong>clamans</strong></span> <span class='ocrx_word' id='word_1_886' title='bbox 2391 4726 2459 4781; x_wconf 91' lang='lat' dir='ltr'><strong>ob</strong></span> <span class='ocrx_word' id='word_1_887' title='bbox 2487 4722 2812 4794; x_wconf 86' lang='lat' dir='ltr'><strong>superﬂuam</strong></span> <span class='ocrx_word' id='word_1_888' title='bbox 2839 4719 3158 4775; x_wconf 87' lang='lat' dir='ltr'><strong>molestiam.</strong></span> <span class='ocrx_word' id='word_1_889' title='bbox 3197 4716 3332 4771; x_wconf 81' lang='lat' dir='ltr'><strong>Nam</strong></span> <span class='ocrx_word' id='word_1_890' title='bbox 3373 4714 3515 4770; x_wconf 88' lang='lat' dir='ltr'><strong>diem</strong></span> <span class='ocrx_word' id='word_1_891' title='bbox 3552 4728 3714 4769; x_wconf 86' lang='lat' dir='ltr'><strong>acce-</strong></span> 
     </span>
    </p>
   </div>
   <div class='ocr_carea' id='block_1_111' title="bbox 2129 4807 3718 4890">
    <p class='ocr_par' dir='ltr' id='par_1_111' title="bbox 2129 4807 3718 4890">
     <span class='ocr_line' id='line_1_111' title="bbox 2129 4807 3718 4890; baseline -0.008 -18"><span class='ocrx_word' id='word_1_892' title='bbox 2129 4820 2272 4890; x_wconf 87' lang='lat' dir='ltr'><strong>pisti,</strong></span> <span class='ocrx_word' id='word_1_893' title='bbox 2302 4827 2359 4873; x_wconf 94' lang='lat' dir='ltr'><strong>ut</strong></span> <span class='ocrx_word' id='word_1_894' title='bbox 2385 4833 2504 4887; x_wconf 70' lang='lat' dir='ltr'><strong>qua:</strong></span> <span class='ocrx_word' id='word_1_895' title='bbox 2532 4816 2598 4871; x_wconf 88' lang='lat' dir='ltr'><strong>ad</strong></span> <span class='ocrx_word' id='word_1_896' title='bbox 2627 4815 2801 4884; x_wconf 90' lang='lat' dir='ltr'><strong>ipsum</strong></span> <span class='ocrx_word' id='word_1_897' title='bbox 2828 4812 3094 4883; x_wconf 88' lang='lat' dir='ltr'><strong>pertinent</strong></span> <span class='ocrx_word' id='word_1_898' title='bbox 3116 4824 3292 4865; x_wconf 88' lang='lat' dir='ltr'><strong>cures.</strong></span> <span class='ocrx_word' id='word_1_899' title='bbox 3313 4808 3423 4862; x_wconf 86' lang='lat' dir='ltr'><strong>Cur</strong></span> <span class='ocrx_word' id='word_1_900' title='bbox 3444 4807 3718 4877; x_wconf 89' lang='lat' dir='ltr'><strong>sequentis</strong></span> 
     </span>
    </p>
   </div>
   <div class='ocr_carea' id='block_1_112' title="bbox 2128 4899 3720 4978">
    <p class='ocr_par' dir='ltr' id='par_1_112' title="bbox 2128 4899 3720 4978">
     <span class='ocr_line' id='line_1_112' title="bbox 2128 4899 3720 4978; baseline -0.011 -12"><span class='ocrx_word' id='word_1_901' title='bbox 2128 4911 2232 4966; x_wconf 89' lang='lat' dir='ltr'><strong>diei</strong></span> <span class='ocrx_word' id='word_1_902' title='bbox 2261 4925 2422 4965; x_wconf 89' lang='lat' dir='ltr'><strong>curas</strong></span> <span class='ocrx_word' id='word_1_903' title='bbox 2449 4909 2550 4978; x_wconf 89' lang='lat' dir='ltr'><strong>ipsi</strong></span> <span class='ocrx_word' id='word_1_904' title='bbox 2576 4906 2798 4977; x_wconf 75' lang='lat' dir='ltr'><strong>adjicis?</strong></span> <span class='ocrx_word' id='word_1_905' title='bbox 2823 4920 3001 4959; x_wconf 86' lang='lat' dir='ltr'><strong>annon</strong></span> <span class='ocrx_word' id='word_1_906' title='bbox 3028 4902 3298 4957; x_wconf 78' lang='lat' dir='ltr'><strong>sufficiens</strong></span> <span class='ocrx_word' id='word_1_907' title='bbox 3334 4899 3436 4970; x_wconf 89' lang='lat' dir='ltr'><strong>ipsi</strong></span> <span class='ocrx_word' id='word_1_908' title='bbox 3471 4906 3556 4954; x_wconf 87' lang='lat' dir='ltr'><strong>est</strong></span> <span class='ocrx_word' id='word_1_909' title='bbox 3583 4912 3720 4954; x_wconf 86' lang='lat' dir='ltr'><strong>onus</strong></span> 
     </span>
    </p>
   </div>
   <div class='ocr_carea' id='block_1_113' title="bbox 2129 4988 3720 5067">
    <p class='ocr_par' dir='ltr' id='par_1_113' title="bbox 2129 4988 3720 5067">
     <span class='ocr_line' id='line_1_113' title="bbox 2129 4988 3720 5067; baseline -0.012 -8"><span class='ocrx_word' id='word_1_910' title='bbox 2129 5003 2430 5060; x_wconf 89' lang='lat' dir='ltr'><strong>sollicitudo</strong></span> <span class='ocrx_word' id='word_1_911' title='bbox 2468 5002 2590 5056; x_wconf 86' lang='lat' dir='ltr'><strong>sui?</strong></span> <span class='ocrx_word' id='word_1_912' title='bbox 2625 5014 2727 5054; x_wconf 91' lang='lat' dir='ltr'><strong>cur</strong></span> <span class='ocrx_word' id='word_1_913' title='bbox 2763 5013 2892 5067; x_wconf 85' lang='lat' dir='ltr'><strong>ergo</strong></span> <span class='ocrx_word' id='word_1_914' title='bbox 2936 4996 3010 5050; x_wconf 88' lang='lat' dir='ltr'><strong>illi</strong></span> <span class='ocrx_word' id='word_1_915' title='bbox 3059 4993 3232 5063; x_wconf 86' lang='lat' dir='ltr'><strong>majus</strong></span> <span class='ocrx_word' id='word_1_916' title='bbox 3269 4990 3502 5061; x_wconf 74' lang='lat' dir='ltr'><strong>imponis</strong></span> <span class='ocrx_word' id='word_1_917' title='bbox 3542 4988 3720 5044; x_wconf 75' lang='lat' dir='ltr'><strong>arms?</strong></span> 
     </span>
    </p>
   </div>
   <div class='ocr_carea' id='block_1_114' title="bbox 2128 5083 3721 5162">
    <p class='ocr_par' dir='ltr' id='par_1_114' title="bbox 2128 5083 3721 5162">
     <span class='ocr_line' id='line_1_114' title="bbox 2128 5083 3721 5162; baseline -0.009 -11"><span class='ocrx_word' id='word_1_918' title='bbox 2128 5097 2262 5152; x_wconf 89' lang='lat' dir='ltr'><strong>Cum</strong></span> <span class='ocrx_word' id='word_1_919' title='bbox 2302 5104 2480 5150; x_wconf 88' lang='lat' dir='ltr'><strong>autem</strong></span> <span class='ocrx_word' id='word_1_920' title='bbox 2508 5091 2806 5162; x_wconf 84' lang='lat' dir='ltr'><strong>chislator</strong></span> <span class='ocrx_word' id='word_1_921' title='bbox 2833 5091 2900 5144; x_wconf 90' lang='lat' dir='ltr'><strong>sit</strong></span> <span class='ocrx_word' id='word_1_922' title='bbox 2931 5089 2977 5144; x_wconf 88' lang='lat' dir='ltr'><strong>is</strong></span> <span class='ocrx_word' id='word_1_923' title='bbox 3000 5088 3092 5157; x_wconf 90' lang='lat' dir='ltr'><strong>qui</strong></span> <span class='ocrx_word' id='word_1_924' title='bbox 3122 5087 3201 5141; x_wconf 89' lang='lat' dir='ltr'><strong>sic</strong></span> <span class='ocrx_word' id='word_1_925' title='bbox 3238 5085 3493 5155; x_wconf 88' lang='lat' dir='ltr'><strong>loquitur,</strong></span> <span class='ocrx_word' id='word_1_926' title='bbox 3521 5092 3579 5139; x_wconf 88' lang='lat' dir='ltr'><strong>et</strong></span> <span class='ocrx_word' id='word_1_927' title='bbox 3609 5083 3721 5152; x_wconf 87' lang='lat' dir='ltr'><strong>ipse</strong></span> 
     </span>
    </p>
   </div>
   <div class='ocr_carea' id='block_1_115' title="bbox 2132 5173 3722 5256">
    <p class='ocr_par' dir='ltr' id='par_1_115' title="bbox 2132 5173 3722 5256">
     <span class='ocr_line' id='line_1_115' title="bbox 2132 5173 3722 5256; baseline -0.011 -13"><span class='ocrx_word' id='word_1_928' title='bbox 2132 5189 2200 5244; x_wconf 91' lang='lat' dir='ltr'><strong>de</strong></span> <span class='ocrx_word' id='word_1_929' title='bbox 2242 5187 2394 5242; x_wconf 89' lang='lat' dir='ltr'><strong>nobis</strong></span> <span class='ocrx_word' id='word_1_930' title='bbox 2416 5183 2749 5256; x_wconf 74' lang='lat' dir='ltr'><strong>iudicaturus</strong></span> <span class='ocrx_word' id='word_1_931' title='bbox 2778 5181 2868 5246; x_wconf 91' lang='lat' dir='ltr'><strong>sit,</strong></span> <span class='ocrx_word' id='word_1_932' title='bbox 2915 5179 3086 5249; x_wconf 89' lang='lat' dir='ltr'><strong>cogita</strong></span> <span class='ocrx_word' id='word_1_933' title='bbox 3130 5191 3289 5248; x_wconf 86' lang='lat' dir='ltr'><strong>quam</strong></span> <span class='ocrx_word' id='word_1_934' title='bbox 3334 5175 3529 5231; x_wconf 84' lang='lat' dir='ltr'><strong>bonam</strong></span> <span class='ocrx_word' id='word_1_935' title='bbox 3569 5173 3722 5228; x_wconf 87' lang='lat' dir='ltr'><strong>nobis</strong></span> 
     </span>
    </p>
   </div>
   <div class='ocr_carea' id='block_1_116' title="bbox 2133 5267 3722 5352">
    <p class='ocr_par' dir='ltr' id='par_1_116' title="bbox 2133 5267 3722 5352">
     <span class='ocr_line' id='line_1_116' title="bbox 2133 5267 3722 5352; baseline -0.011 -16"><span class='ocrx_word' id='word_1_936' title='bbox 2133 5295 2282 5352; x_wconf 87' lang='lat' dir='ltr'><strong>spem</strong></span> <span class='ocrx_word' id='word_1_937' title='bbox 2312 5286 2590 5348; x_wconf 82' lang='lat' dir='ltr'><strong>prepouat,</strong></span> <span class='ocrx_word' id='word_1_938' title='bbox 2615 5289 2736 5329; x_wconf 89' lang='lat' dir='ltr'><strong>cum</strong></span> <span class='ocrx_word' id='word_1_939' title='bbox 2763 5275 2877 5343; x_wconf 89' lang='lat' dir='ltr'><strong>ipse</strong></span> <span class='ocrx_word' id='word_1_940' title='bbox 2902 5272 3233 5334; x_wconf 84' lang='lat' dir='ltr'><strong>testiﬁcetur,</strong></span> <span class='ocrx_word' id='word_1_941' title='bbox 3260 5267 3399 5322; x_wconf 89' lang='lat' dir='ltr'><strong>hanc</strong></span> <span class='ocrx_word' id='word_1_942' title='bbox 3420 5267 3581 5322; x_wconf 86' lang='lat' dir='ltr'><strong>vitam</strong></span> <span class='ocrx_word' id='word_1_943' title='bbox 3605 5280 3722 5319; x_wconf 84' lang='lat' dir='ltr'><strong>esse</strong></span> 
     </span>
    </p>
   </div>
   <div class='ocr_carea' id='block_1_117' title="bbox 2135 5355 3721 5430">
    <p class='ocr_par' dir='ltr' id='par_1_117' title="bbox 2135 5355 3721 5430">
     <span class='ocr_line' id='line_1_117' title="bbox 2135 5355 3721 5430; baseline -0.014 0"><span class='ocrx_word' id='word_1_944' title='bbox 2135 5375 2384 5430; x_wconf 86' lang='lat' dir='ltr'><strong>miseram</strong></span> <span class='ocrx_word' id='word_1_945' title='bbox 2415 5380 2470 5426; x_wconf 90' lang='lat' dir='ltr'><strong>et</strong></span> <span class='ocrx_word' id='word_1_946' title='bbox 2512 5369 2854 5429; x_wconf 87' lang='lat' dir='ltr'><strong>laboriosam,</strong></span> <span class='ocrx_word' id='word_1_947' title='bbox 2889 5364 2963 5419; x_wconf 78' lang='lat' dir='ltr'><strong>ita</strong></span> <span class='ocrx_word' id='word_1_948' title='bbox 2990 5372 3050 5418; x_wconf 93' lang='lat' dir='ltr'><strong>ut</strong></span> <span class='ocrx_word' id='word_1_949' title='bbox 3077 5363 3234 5418; x_wconf 87' lang='lat' dir='ltr'><strong>unius</strong></span> <span class='ocrx_word' id='word_1_950' title='bbox 3274 5359 3381 5416; x_wconf 90' lang='lat' dir='ltr'><strong>diei</strong></span> <span class='ocrx_word' id='word_1_951' title='bbox 3417 5355 3721 5415; x_wconf 79' lang='lat' dir='ltr'><strong>sollicitudo</strong></span> 
     </span>
    </p>
   </div>
   <div class='ocr_carea' id='block_1_118' title="bbox 2135 5450 3721 5524">
    <p class='ocr_par' dir='ltr' id='par_1_118' title="bbox 2135 5450 3721 5524">
     <span class='ocr_line' id='line_1_118' title="bbox 2135 5450 3721 5524; baseline -0.013 0"><span class='ocrx_word' id='word_1_952' title='bbox 2135 5465 2367 5524; x_wconf 87' lang='lat' dir='ltr'><strong>sufﬁciat</strong></span> <span class='ocrx_word' id='word_1_953' title='bbox 2385 5463 2452 5519; x_wconf 89' lang='lat' dir='ltr'><strong>ad</strong></span> <span class='ocrx_word' id='word_1_954' title='bbox 2472 5462 2818 5517; x_wconf 84' lang='lat' dir='ltr'><strong>afllictionem</strong></span> <span class='ocrx_word' id='word_1_955' title='bbox 2839 5456 3322 5524; x_wconf 87' lang='lat' dir='ltr'><strong>contritionemque</strong></span> <span class='ocrx_word' id='word_1_956' title='bbox 3345 5459 3608 5509; x_wconf 83' lang='lat' dir='ltr'><strong>nostram.</strong></span> <span class='ocrx_word' id='word_1_957' title='bbox 3631 5450 3721 5504; x_wconf 78' lang='grc' dir='ltr'><strong>Δι-</strong></span> 
     </span>
    </p>
   </div>
   <div class='ocr_carea' id='block_1_119' title="bbox 2206 5667 3500 5742">
    <p class='ocr_par' dir='ltr' id='par_1_119' title="bbox 2206 5667 3500 5742">
     <span class='ocr_line' id='line_1_119' title="bbox 2206 5667 3500 5742; baseline -0.013 -9"><span class='ocrx_word' id='word_1_958' title='bbox 2206 5685 2222 5717; x_wconf 63' lang='lat'><strong>!</strong></span> <span class='ocrx_word' id='word_1_959' title='bbox 2253 5681 2364 5740; x_wconf 76' lang='lat' dir='ltr'><strong>Alii,</strong></span> <span class='ocrx_word' id='word_1_960' title='bbox 2389 5695 2482 5732; x_wconf 82' lang='lat' dir='ltr'><strong>non</strong></span> <span class='ocrx_word' id='word_1_961' title='bbox 2504 5679 2700 5742; x_wconf 82' lang='lat' dir='ltr'><strong>rapinas</strong></span> <span class='ocrx_word' id='word_1_962' title='bbox 2723 5672 2964 5742; x_wconf 78' lang='lat' dir='ltr'><strong>signiﬁcat</strong></span> <span class='ocrx_word' id='word_1_963' title='bbox 2984 5685 3134 5742; x_wconf 70' lang='lat' dir='ltr'><strong>neque</strong></span> <span class='ocrx_word' id='word_1_964' title='bbox 3158 5667 3500 5742; x_wconf 68' lang='lat' dir='ltr'><strong>prurcipatus._</strong></span> 
     </span>
    </p>
   </div>
   <div class='ocr_carea' id='block_1_120' title="bbox 2205 5733 3574 5808">
    <p class='ocr_par' dir='ltr' id='par_1_120' title="bbox 2205 5733 3574 5808">
     <span class='ocr_line' id='line_1_120' title="bbox 2205 5733 3574 5808; baseline -0.009 -11"><span class='ocrx_word' id='word_1_965' title='bbox 2205 5748 2229 5780; x_wconf 81' lang='grc'><em>³</em></span> <span class='ocrx_word' id='word_1_966' title='bbox 2259 5733 2472 5808; x_wconf 80' lang='lat' dir='ltr'><strong>Quidam,</strong></span> <span class='ocrx_word' id='word_1_967' title='bbox 2489 5733 2576 5796; x_wconf 80' lang='lat' dir='ltr'><strong>sed</strong></span> <span class='ocrx_word' id='word_1_968' title='bbox 2599 5733 2794 5805; x_wconf 65' lang='lat' dir='ltr'><strong>instth</strong></span> <span class='ocrx_word' id='word_1_969' title='bbox 2817 5733 3094 5802; x_wconf 70' lang='lat' dir='ltr'><strong>cupiditatis</strong></span> <span class='ocrx_word' id='word_1_970' title='bbox 3114 5733 3328 5786; x_wconf 79' lang='lat' dir='ltr'><strong>laborem</strong></span> <span class='ocrx_word' id='word_1_971' title='bbox 3347 5733 3574 5799; x_wconf 71' lang='lat' dir='ltr'><strong>adﬁcias.</strong></span> 
     </span>
    </p>
   </div>
  </div>
