3868 6182
145 194 248 250 503

138 319 313 363 tamen
336 321 464 363 cum
494 314 569 363 tot
606 318 853 381 tantaque
876 310 1018 367 dicta
1044 313 1171 378 sint,
1202 331 1302 371 nos
1327 316 1498 373 dehis
1523 320 1734 375 solliciti

135 414 343 465 sumus,
377 398 613 455 etelestia
640 410 820 456 autem
843 418 946 457 non
969 418 1239 474 curamus,
1270 407 1362 461 sed
1390 408 1631 464 ordinem
1657 411 1737 464 in-

135 489 428 557 vertimus,
489 492 739 562 utrinque
783 503 967 548 contra
1013 510 1170 565 supra
1225 497 1365 552 dicta
1418 511 1731 570 pugnantes.

133 582 412 652 Perpende
438 598 667 654 namque
709 603 723 638 :
764 584 892 640 dicit
922 588 1009 641 ille
1039 605 1051 640 :
1099 588 1177 644 Ne
1203 592 1422 647 omnino
1452 594 1732 661 pncsentia

132 677 422 746 quaeratis;
456 691 554 730 nos
577 687 753 732 autem
784 678 871 732 illa
914 679 1129 735 assidue
1158 683 1465 751 quaerimus.
1499 685 1732 753 Quaerite

131 768 389 833 caelestia,
433 768 635 838 inquit;
680 785 779 825 nos
820 780 996 825 autem
1040 788 1107 827 ne
1139 788 1300 842 parvo
1327 775 1541 845 quidem
1584 778 1729 834 ltorze

133 857 281 911 unius
308 860 488 927 spatio
517 860 603 914 illa
632 862 958 931 qut-rimus;
996 864 1090 919 sed
1119 877 1371 935 quautam
1410 868 1479 925 de
1507 872 1731 926 saecula-

131 949 275 1004 ribus
300 952 721 1008 sollicitudinem
753 955 1086 1022 exhibemus,
1120 966 1331 1025 tantam,
1354 962 1403 1014 in
1436 964 1723 1033 Spirituali-

130 1044 222 1098 bus
263 1044 644 1115 negligentiam
675 1048 1027 1117 ostendimus,
1061 1050 1169 1105 imo
1211 1053 1379 1107 multo
1417 1057 1675 1125 majorem
1705 1076 1721 1113 :

129 1135 215 1188 sed
244 1150 355 1189 non
384 1151 603 1205 semper
631 1137 746 1194 lucc
774 1139 927 1195 nobis
970 1156 1227 1212 prospere
1257 1146 1581 1214 precedent;
1626 1164 1722 1204 ne-

128 1243 223 1295 que
248 1244 473 1297 semper
502 1231 572 1284 ita
604 1241 827 1300 possunt
852 1234 1092 1290 evenire.
1136 1236 1275 1291 Ecce
1303 1238 1489 1293 decem
1534 1241 1721 1298 diebus

128 1320 542 1385 contemnimus,
573 1337 698 1377 ecce
728 1322 931 1393 viginti,
962 1340 1088 1380 ecce
1116 1337 1349 1384 centum.
1391 1330 1583 1385 Annon
1630 1347 1722 1386 ne-

127 1428 269 1467 cesse
299 1429 527 1483 prorsus
556 1426 638 1470 est
665 1418 834 1482 obire,
879 1429 932 1473 et
963 1419 1013 1473 in
1037 1420 1325 1490 judicantis
1352 1440 1541 1480 manus
1582 1428 1719 1482 inci-

126 1502 285 1557 dere?
311 1506 421 1560 Sed
452 1506 634 1560 dilatio
658 1509 1074 1565 consolationem
1102 1512 1277 1568 all‘ert.
1307 1514 1372 1569 Et
1391 1533 1510 1585 quae
1535 1533 1720 1573 conso-

126 1594 267 1660 latio,
300 1611 426 1650 cum
458 1598 696 1667 quotidie
737 1609 1079 1670 exspectatur
1105 1605 1425 1674 supplicium
1460 1618 1514 1663 et
1552 1610 1717 1667 ultio?

122 1684 171 1739 Si
202 1687 336 1740 velis
365 1689 508 1742 enim
532 1704 597 1743 ex
620 1688 719 1744 hac
744 1690 999 1747 dilatione
1026 1696 1449 1753 consolationem
1479 1700 1712 1771 aliquam

122 1778 379 1846 accipere,
414 1781 599 1850 accipe
640 1796 781 1848 eam,
828 1799 946 1853 qua:
986 1788 1313 1854 pmniteutia:
1361 1789 1567 1845 fructus
1610 1803 1711 1860 est,

121 1869 570 1926 emendationem.
602 1872 733 1927 Nam
777 1875 821 1928 si
866 1891 931 1930 ex
963 1892 1030 1931 eo
1060 1879 1197 1948 quod
1239 1880 1370 1935 ultio
1415 1882 1709 1948 dilieratur,

120 1961 346 2030 aliquam
394 1963 611 2031 prodire
661 1974 815 2034 putas
854 1969 1295 2038 consolationem,
1329 1974 1497 2029 multo
1542 1977 1713 2046 majus

122 2054 321 2108 lucrum
351 2064 437 2110 est
481 2072 586 2111 non
629 2059 863 2115 incidere
904 2061 956 2115 in
1000 2062 1280 2118 ultionem.
1324 2065 1546 2123 Utamur
1583 2086 1711 2139 ergo

122 2146 215 2200 hac
242 2146 522 2215 dilatione,
568 2157 625 2204 ut
662 2152 880 2206 omnino
906 2153 975 2208 ab
1008 2154 1405 2214 imminentibus
1437 2162 1607 2229 poenis
1647 2163 1711 2216 li-

120 2238 385 2294 beremur.
428 2239 509 2294 Ex
541 2240 605 2295 iis
631 2243 771 2296 enim
812 2259 931 2313 qua:
972 2257 1232 2316 praecepta
1276 2259 1400 2304 sunt
1444 2250 1576 2305 nihil
1623 2253 1709 2308 vel

120 2347 399 2386 onerosum
431 2334 515 2388 vel
544 2335 828 2389 molestum
860 2347 971 2400 eSt;
999 2337 1093 2392 sed
1125 2341 1301 2393 omnia
1334 2342 1403 2395 ita
1446 2344 1622 2410 pervia
1652 2354 1707 2399 et

121 2422 307 2490 facilia,
351 2434 409 2478 ut
435 2424 479 2479 si
510 2435 809 2496 promptam
845 2429 1016 2482 solum
1043 2430 1368 2487 voluntatem
1395 2433 1701 2501 aderamus,

118 2516 287 2569 omnia
333 2515 609 2571 valeamus
658 2517 946 2585 perlicere,
994 2521 1204 2576 etiamsi
1254 2524 1485 2580 millibus
1537 2527 1705 2582 simus

120 2606 343 2674 peccatis
366 2605 609 2662 obnoxii.
639 2607 909 2664 Manasses
936 2611 1079 2665 enim
1108 2613 1434 2669 exsecranda
1471 2616 1702 2674 facinora

118 2710 290 2763 ausus,
349 2696 442 2767 qui
495 2696 751 2753 adversus
801 2710 981 2753 saneta
1035 2717 1223 2757 manus
1271 2705 1602 2773 extenderat,
1650 2718 1705 2764 et

119 2788 534 2844 abominationes
561 2790 612 2843 in
641 2791 898 2861 templum
930 2792 1229 2859 induxerat,
1256 2797 1598 2871 caedibusque
1620 2816 1703 2856 ur-

118 2877 227 2934 bem
256 2881 580 2949 repleverat,
627 2882 898 2953 multaque
938 2885 1041 2939 alia
1089 2886 1288 2943 fecerat
1333 2905 1451 2959 quae
1490 2892 1698 2948 veniam

118 2987 211 3027 non
240 2973 587 3029 merebantur
630 2973 705 3048 (5.
749 2975 879 3047 Reg.
925 2977 1021 3048 2|)
1054 2999 1067 3034 :
1100 2988 1335 3037 attamen
1381 2993 1501 3053 post
1540 2987 1695 3042 talem

119 3074 414 3136 tantamque
465 3067 837 3137 iniquitatem,
890 3072 1071 3127 omnia
1122 3072 1209 3129 illa
1261 3076 1464 3132 scelera
1509 3079 1691 3139 abluit.

117 3156 382 3224 Quomodo
407 3167 463 3213 et
480 3174 583 3229 qua
612 3159 857 3216 ratione?
884 3162 985 3217 Per
1016 3164 1381 3232 paenitentiam
1407 3184 1470 3225 ac
1497 3170 1695 3228 bonum

117 3251 455 3318 propositum.

176 3343 226 3396 5.
248 3341 374 3396 Non
395 3350 469 3395 est
498 3353 755 3412 peccatum
773 3345 909 3415 quod
925 3348 1227 3416 paenitentia:
1243 3367 1344 3405 non
1365 3353 1531 3410 cedat.
1556 3354 1694 3412 Deus

119 3450 201 3487 non
240 3434 426 3488 invitos
465 3435 647 3488 solvat.
678 3435 943 3501 Quomodo
978 3456 1125 3494 orare
1152 3441 1420 3497 debeamus
1451 3455 1503 3500 ut
1530 3464 1691 3502 exau-

117 3530 324 3584 diamur.
355 3529 644 3583 Assiduitas
666 3542 905 3599 quantum
935 3534 1138 3589 bonum.
1164 3565 1237 3575 —-
1262 3536 1377 3592 Non
1414 3548 1495 3593 est
1526 3540 1690 3605 enim,

119 3635 207 3673 non
232 3630 315 3674 est
340 3629 490 3675 certe
524 3630 817 3690 peccatum.
852 3624 995 3694 quod
1037 3640 1141 3681 non
1166 3627 1320 3682 cedat
1344 3630 1392 3683 vi
1430 3634 1693 3700 paeniten-

118 3711 218 3775 ti:e;
246 3711 357 3765 imo
384 3712 562 3781 potius
585 3714 770 3783 gratiae
788 3713 1009 3769 Christi.
1039 3716 1170 3772 Nam
1200 3718 1245 3773 si
1273 3720 1434 3776 modo
1461 3737 1691 3779 conver-

120 3811 290 3867 tamur,
324 3804 415 3858 ille
446 3804 601 3859 nobis
634 3805 787 3861 adest
820 3808 1109 3877 opitulator
1142 3828 1155 3863 ε
1186 3825 1249 3866 ac
1276 3812 1322 3867 si
1352 3813 1482 3868 velis
1520 3816 1693 3872 bonus

117 3909 235 3957 esse,
267 3910 432 3949 nemo
455 3896 707 3965 impedit;
740 3897 847 3953 imo
879 3900 1055 3968 potius
1094 3910 1177 3956 cst
1203 3905 1291 3973 qui
1321 3905 1580 3975 impedire
1600 3924 1692 3964 co-

116 3996 255 4042 retur
272 3987 543 4054 diabolus,
572 4004 744 4059 neque
770 4000 965 4060 potest,
994 3983 1272 4063 te'optima
1299 3997 1549 4067 eligente,
1579 4001 1688 4056 sic-

113 4095 203 4147 quc
232 4081 402 4136 Deum
420 4079 487 4134 ad
511 4082 860 4151 patrocinium
886 4084 1205 4141 attrahente.
1234 4087 1326 4143 Sin
1352 4098 1405 4144 tu
1428 4092 1684 4161 nolueris,

113 4172 194 4226 scd
233 4173 512 4241 resilieris,
557 4175 825 4244 quomodo
866 4176 959 4231 tibi
1012 4180 1459 4247 patrocinabitur?
1507 4184 1689 4257 Neque

112 4268 244 4321 enim
273 4266 324 4320 vi
355 4278 444 4320 aut
473 4268 808 4334 necessitate,
839 4268 934 4323 sed
965 4268 1217 4325 libentem
1244 4281 1294 4327 te
1321 4274 1433 4329 vult
1460 4277 1687 4334 salutem

112 4358 374 4429 consequi.
404 4357 537 4412 Nam
580 4358 625 4413 si
662 4368 713 4414 tu
739 4376 954 4415 servum
985 4360 1213 4417 haberes
1258 4372 1308 4419 te
1336 4366 1461 4420 odio
1490 4369 1690 4424 haben-

115 4458 207 4503 tem
236 4459 290 4504 et
326 4458 684 4515 avet-sontem,
731 4465 981 4521 smpequc
1024 4453 1360 4511 recedentem
1391 4471 1453 4511 ac
1484 4456 1690 4529 fugien-

116 4551 229 4605 tem,
258 4543 435 4598 nolles
478 4553 626 4599 certe
665 4545 918 4612 retinere,
949 4545 1051 4601 etsi
1080 4545 1197 4615 ejus
1226 4548 1523 4606 ministerio
1551 4566 1687 4622 opus

116 4632 324 4689 haberes
355 4654 369 4689 :
399 4635 569 4689 multo
610 4637 777 4706 magis
817 4636 978 4700 Deus,
1010 4637 1097 4706 qui
1130 4652 1234 4692 non
1279 4639 1349 4694 ob
1387 4656 1539 4696 suam
1582 4644 1685 4698 ali-

115 4741 253 4794 quam
278 4728 676 4795 necessitatem,
699 4729 793 4783 sed
821 4729 891 4784 ob
910 4730 1133 4785 salutem
1166 4740 1306 4786 tuam
1334 4736 1509 4789 omnia
1536 4736 1681 4805 facit,

118 4820 262 4875 nollet
282 4831 336 4875 te
372 4822 422 4875 vi
468 4821 718 4876 retinuere.
747 4820 879 4876 Cum
908 4833 1091 4877 contra
1120 4823 1167 4877 si
1196 4830 1521 4880 voluntatem
1564 4839 1682 4885 tan-

118 4917 212 4964 tum
235 4911 511 4977 exhibeas,
542 4928 828 4982 numquam
858 4921 909 4969 te
931 4913 1021 4969 ille
1041 4914 1273 4982 deseret,
1298 4921 1685 4987 quantumlibet

118 5000 337 5058 diabolus
361 5004 645 5059 adversum
672 5005 889 5060 nitatur.
921 5005 1101 5077 itaque
1128 5022 1224 5063 nos
1247 5023 1404 5064 causa
1431 5013 1683 5080 perniciei

117 5102 289 5149 nostra:
314 5110 523 5150 sumus.
553 5094 735 5166 Neque
773 5097 915 5152 enim
955 5097 1020 5152 ad
1060 5098 1207 5153 illum
1233 5101 1554 5169 accedimus,
1589 5120 1684 5161 ne-

117 5200 204 5252 que
228 5187 495 5258 supplices
525 5188 753 5255 adimus,
785 5204 958 5260 neque
1003 5206 1250 5261 rogamus
1284 5202 1343 5249 ut
1371 5209 1468 5266 par
1493 5207 1636 5254 esset
1665 5218 1679 5256 :

118 5279 196 5331 sed
232 5281 438 5335 etiamsi
474 5280 811 5346 accedamus,
852 5281 956 5336 hoc
1003 5281 1072 5336 ita
1121 5281 1343 5339 facimus
1381 5289 1530 5357 quasi
1572 5305 1678 5346 non

118 5371 449 5445 impetraturi,
496 5388 595 5428 nec
631 5391 753 5429 cum
786 5373 889 5429 ﬁde
936 5378 1272 5445 congruenti,
1320 5394 1493 5450 neque
1528 5385 1678 5453 quasi

115 5466 408 5536 exigentes;
453 5466 548 5521 sed
589 5467 878 5521 oscitantes
926 5482 993 5522 ac
1031 5478 1304 5538 torpentes
1344 5473 1523 5528 omnia
1552 5473 1679 5531 faci-

120 5575 235 5617 mus.
266 5565 421 5634 Atqui
453 5563 596 5619 Deus
632 5564 744 5619 vult
770 5579 869 5619 nos
893 5566 1042 5634 quasi
1068 5566 1343 5637 exigentes
1372 5569 1598 5640 precari,
1623 5577 1679 5625 et

118 5659 222 5705 tunc
250 5655 440 5723 gratias
469 5654 561 5711 tibi
593 5670 810 5726 magnas
836 5655 1014 5713 habet.
1045 5656 1143 5715 Hic
1167 5661 1367 5732 quippe
1395 5663 1542 5716 solus
1575 5661 1672 5718 dc-

1177 200 1241 256 IN
1282 202 1692 261 MATTHEUM
1732 205 1959 266 llOMlL.
2003 214 2167 274 XXII.
2209 222 2279 277 al.
2324 224 2513 283 XXIII.

3321 240 3424 297 506

1842 326 2000 397 bitor,
2029 338 2243 428 quando
2269 342 2545 413 exigimus,
2586 348 2783 418 gratias
2805 350 2983 423 habet,
3011 362 3066 411 et
3088 371 3148 411 ea
3171 372 3289 428 quae
3316 376 3422 415 non

1840 432 2025 477 mutuo
2049 426 2293 486 dedimus
2323 434 2515 491 reddit.
2549 437 2617 494 Et
2644 440 2689 495 si
2724 443 2881 501 valde
2921 426 3207 505 instantem
3229 452 3423 509 viderit

1838 527 1959 567 eum
1985 518 2075 585 qui
2108 521 2291 592 exigit,
2324 527 2483 581 etiam
2510 544 2593 596 ea,
2640 546 2761 602 quae
2805 551 2910 591 non
2939 544 3146 609 accepit
3182 556 3212 595 a
3244 545 3418 610 nobis,

1838 605 2037 668 solvit;
2068 611 2111 663 si
2142 626 2269 666 vero
2310 618 2548 686 segnius,
2593 621 2684 677 ille
2720 623 2897 682 dili‘ert
2921 670 2934 691 ,
2969 605 3084 684 noni
3120 633 3260 701 quod
3292 605 3421 691 dare

1836 697 1989 799 nolit,
2032 702 2127 757 sed
2173 705 2297 775 quia
2342 709 2570 768 libenter
2604 716 2749 772 videt
2778 735 2876 774 nos
2919 722 2987 777 ab
3023 697 3151 795 ipso
3181 729 3415 799 exigere.

1834 788 2063 861 Ideoque
2084 794 2175 850 tibi
2198 802 2499 870 exemplum
2530 809 2708 864 attulit
2734 812 2893 868 amici
2919 788 3059 871 illius
3084 828 3240 874 noctu
3266 788 3419 876 aceeo

1831 881 2029 981 dentis,
2071 896 2125 941 ct
2172 905 2362 958 panem
2412 900 2659 967 petentis,
2709 918 2916 960 necnon
2959 907 3155 977 judicis
3192 914 3280 981 qui
3318 929 3417 970 nec

1835 972 2002 1029 Deum
2036 979 2274 1048 timebat,
2308 1000 2407 1041 nec
2450 988 2698 1049 homines
2736 999 3097 1055 reverehatur.
3140 1001 3323 1073 Neque
3361 1006 3414 1060 in

1827 1071 2089 1161 exemplis
2120 1073 2375 1143 substitit,
2400 1081 2494 1135 sed
2523 1083 2574 1137 id
2603 1084 2719 1154 ipse
2742 1103 2957 1159 quoque
2982 1071 3413 1161 aperibuslexhi-

1827 1156 1962 1225 buit,
1994 1168 2208 1232 quando
2235 1170 2565 1232 Phoenissam
2594 1180 2739 1236 illam
2782 1185 3059 1241 mulierem
3091 1204 3285 1260 magno
3312 1190 3413 1245 ho-

1827 1264 2067 1311 noratam
2095 1258 2237 1315 dono
2260 1265 2482 1320 remisit.
2514 1269 2567 1323 In
2599 1269 2700 1327 hac
2722 1289 2851 1329 vero
2892 1278 3143 1346 ostendit,
3171 1258 3230 1337 se
3248 1283 3408 1336 etiam

1826 1346 1937 1414 illa,
1967 1366 2086 1419 quae
2116 1368 2221 1407 non
2247 1370 2541 1428 congruere
2566 1363 2831 1428 videntur,
2879 1368 3142 1425 instanter
3182 1374 3410 1441 petenti-

1824 1438 1924 1495 bus
1949 1442 2147 1516 largiri.
2178 1447 2299 1504 Non
2329 1462 2419 1516 est,
2452 1454 2659 1525 inquit,
2709 1460 2895 1514 bonum
2935 1463 3112 1519 tollere
3137 1438 3317 1535 panem
3342 1468 3409 1537 li-

1821 1532 2026 1625 liorum,
2058 1546 2104 1592 et
2129 1542 2376 1610 projicere
2399 1548 2606 1602 canibus
2651 1549 2862 1621 (Manli.
2897 1555 2983 1609 15.
3013 1532 3404 1625 26)(Αιιθη1έξη

1819 1624 1967 1680 dedit
1993 1630 2114 1697 quia
2149 1632 2233 1687 illa
2276 1634 2622 1694 vehementer
2659 1644 2892 1710 petebat.
2914 1647 3031 1702 -Per
3067 1624 3281 1705 .ludtcos
3304 1665 3404 1705 au-

1821 1724 1927 1772 tem
1966 1720 2312 1791 signilicavit,
2360 1743 2419 1783 se
2447 1729 2728 1789 desidiosis
2772 1752 2838 1792 ne
2878 1738 2963 1791 illa
2991 1740 3204 1809 quidem
3248 1742 3399 1810 dare,

1816 1824 1936 1879 qua:
1975 1814 2040 1868 ad
2083 1816 2226 1885 ipsos
2263 1823 2616 1888 pertinebant.
2665 1826 2846 1897 itaque
2896 1830 2969 1884 illi
3016 1833 3145 1887 nihil
3176 1850 3401 1904 accepe-

1816 1910 1958 1967 runt,
1990 1906 2083 1961 sed
2121 1909 2280 1964 etiam
2308 1927 2401 1967 sua
2433 1916 2795 1983 perdiderunt.
2836 1922 2901 1975 Et
2940 1924 2990 1976 hi
3017 1926 3252 1994 quidem,
3275 1928 3398 1997 quia

1817 2008 1923 2049 non
1967 1998 2232 2065 petierunt
2263 2003 2304 2069 ¹,
2350 2020 2418 2058 ne
2443 2020 2536 2061 sua
2576 2010 2788 2077 quidem
2826 2028 3122 2084 accepere:
3157 2019 3239 2072 illa
3272 2034 3400 2075 vero

1814 2086 1937 2153 quia
1970 2089 2314 2169 vehementer
2340 2095 2547 2165 institit,
2575 2101 2751 2156 aliena
2772 2107 2944 2173 potuit
2972 2108 3073 2161 sibi
3104 2109 3395 2177 vindicare,

1811 2187 1866 2232 et
1891 2194 2012 2249 qua:
2042 2182 2268 2239 liliorum
2290 2200 2442 2244 erant
2459 2193 2679 2247 catellus
2696 2197 2919 2265 accepit.
2942 2197 3168 2254 Tantum
3198 2201 3395 2256 bonum

1810 2280 1895 2326 est
1919 2273 2221 2330 assiduitas.
2254 2278 2368 2336 Etsi
2408 2285 2550 2338 enim
2576 2286 2724 2341 canis
2763 2286 2947 2355 fueris,
2997 2292 3042 2344 si
3091 2291 3397 2364 frequenter

1812 2364 1997 2432 instes,
2040 2367 2149 2422 lilio
2181 2370 2349 2426 desidi
2392 2380 2735 2445 anteponeris
2766 2398 2779 2435 :
2811 2396 2929 2451 qua:
2958 2384 3102 2438 enim
3134 2400 3237 2440 non
3269 2401 3396 2457 pcr-

1809 2452 1935 2509 fecit
1984 2460 2237 2527 amicitia,
2288 2463 2341 2518 id
2390 2467 2611 2534 perfecit
2661 2472 2945 2528 assiduitas
2994 2452 3287 2544 precandi:
3317 2479 3394 2532 Ne

1808 2546 1955 2602 dicas
1990 2549 2167 2618 igitur,
2217 2552 2467 2611 Inimicus
2507 2559 2634 2615 mihi
2684 2571 2763 2616 est
2788 2562 2948 2631 Deus,
3000 2581 3099 2621 nec
3146 2569 3394 2625 exaudiet

1809 2655 1913 2695 me.
1948 2642 2066 2698 Cito
2106 2645 2198 2701 tibi
2229 2650 2591 2718 reSpondebit,
2635 2654 2678 2708 si
2710 2655 3013 2727 frequenter
3047 2660 3192 2715 illum
3227 2662 3393 2718 inter-

1808 2733 1974 2801 pelles
2016 2743 2069 2791 et
2100 2753 2323 2808 urgeas;
2357 2744 2482 2797 etsi
2522 2760 2628 2799 non
2669 2747 2737 2802 ob
2774 2731 3086 2815 amicitiam,
3136 2762 3283 2808 certe
3321 2755 3391 2809 ob

1804 2828 2170 2886 assiduitatem
2202 2850 2216 2887 :
2246 2849 2308 2889 ae
2339 2852 2510 2905 neque
2532 2838 2829 2909 inimicitia,
2861 2857 3037 2912 neque
3071 2844 3391 2914 importuni-

1806 2929 1905 2987 tas,
1937 2939 2109 2994 neque
2131 2926 2267 2979 aliud
2297 2930 2567 2999 quidpiam
2611 2933 2989 3005 impedimento
3016 2952 3137 2993 esse
3171 2938 3385 3008 poterit.

1801 3013 1879 3068 Ne
1909 3014 2076 3081 dicas,
2117 3017 2231 3072 Non
2276 3036 2391 3075 sum
2428 3022 2651 3093 dignus,
2699 3026 2819 3083 ideo
2857 3044 2961 3083 non
3000 3045 3189 3099 precor
3220 3048 3234 3089 :
3264 3046 3387 3087 nam

1804 3106 1922 3162 talis
1952 3119 2066 3164 erat
2088 3111 2518 3181 Syrophmnissa.
2559 3116 2637 3173 Ne
2664 3119 2831 3186 dicas,
2861 3121 3083 3178 Multum
3129 3125 3385 3195 peccavi,

1801 3214 1901 3254 nec
1933 3215 2145 3270 possum
2191 3205 2381 3261 iratum
2427 3224 2616 3279 rogare
2667 3229 2680 3265 :
2728 3228 2833 3268 non
2891 3214 3032 3270 enim
3075 3216 3384 3287 dignitatem

1801 3293 1941 3347 Deus
1979 3305 2202 3365 spectat,
2237 3300 2332 3355 sed
2369 3302 2717 3360 voluntatem.
2748 3306 2878 3361 Nam
2909 3308 2952 3363 si
2995 3309 3284 3380 principem
3324 3312 3388 3367 il-

1800 3383 1906 3440 lum
1933 3388 2021 3458 qui
2052 3404 2151 3445 nec
2179 3390 2343 3446 Deum
2370 3393 2607 3462 timebat,
2631 3411 2731 3452 nec
2753 3400 2993 3455 homines
3020 3404 3384 3470 reverebatnr,

1801 3478 1953 3533 vidua
1978 3478 2180 3536 inﬂexit
2200 3500 2212 3536 :
2232 3485 2398 3539 multo
2413 3487 2579 3557 magis
2594 3488 2791 3543 bonum
2806 3489 2906 3544 sibi
2924 3491 3155 3547 attrahet
3171 3494 3381 3550 assidua

1798 3574 2133 3643 supplicatio.
2160 3576 2234 3631 lla
2267 3579 2548 3633 utetiamsi
2568 3594 2672 3635 non
2705 3581 2910 3636 amicus
2926 3583 3020 3651 sis,
3045 3586 3250 3641 etiamsi
3276 3603 3381 3643 non

1798 3665 1976 3722 debita
1995 3668 2197 3739 exigas,
2221 3671 2426 3725 etiamsi
2442 3679 2659 3740 paterna
2684 3672 2819 3728 bona
2840 3674 3219 3744 absumpseris,
3246 3679 3384 3733 ntul-

1799 3765 1959 3829 toque
1988 3769 2226 3830 tempore
2272 3762 2468 3818 absens
2516 3764 2698 3829 lueris,
2747 3766 2955 3821 etiamsi
2991 3766 3223 3839 degener
3266 3785 3383 3825 om-

1797 3852 2049 3923 niumque
2071 3863 2407 3925 postremus,
2443 3857 2651 3913 etiamsi
2686 3859 2882 3915 iratum
2912 3861 3380 3936 indignantemque

1795 3945 2123 4012 convenias;
2156 3945 2207 4000 in
2238 3947 2475 4001 animum
2514 3949 2732 4005 inducas
2759 3960 2958 4007 tantum
2987 3956 3192 4023 precari
3219 3966 3378 4028 atque

1795 4035 1861 4090 ad
1891 4036 2040 4091 illum
2066 4037 2261 4104 redire,
2301 4047 2355 4094 et
2380 4040 2557 4095 omnia
2597 4043 2849 4113 accipies,
2877 4055 3037 4117 atque
3066 4049 3197 4103 iram
3227 4050 3381 4105 dam-

1794 4128 2169 4199 notionemque
2194 4132 2369 4185 statim
2395 4133 2718 4205 exstingues.
2738 4137 2895 4207 Atqui
2920 4153 3125 4209 precor,
3146 4140 3376 4211 inquies,

1795 4227 1848 4274 et
1879 4218 2011 4273 nihil
2038 4222 2276 4289 prolicio.
2308 4222 2414 4278 Sed
2458 4240 2564 4278 non
2610 4228 2843 4294 precaris
2883 4238 2941 4283 ut
2986 4229 3090 4296 illi,
3133 4241 3190 4286 ut
3216 4233 3377 4304 Syro-

1794 4310 2086 4380 phoenissa,
2118 4313 2259 4380 dico,
2293 4323 2347 4367 ut
2370 4317 2571 4371 amicus
2612 4317 2924 4388 intempesta
2950 4332 3105 4378 nocte
3130 4324 3373 4393 veniens,

1794 4414 1846 4458 ut
1880 4405 2034 4459 vidua
2074 4422 2190 4476 qua:
2232 4407 2537 4477 frequenter
2571 4410 2802 4478 judicem
2850 4414 3090 4484 urgebat,
3138 4430 3192 4472 ut
3235 4419 3375 4478 ﬁlius

1791 4495 1880 4566 qui
1914 4506 2131 4567 paterna
2159 4498 2292 4553 bona
2312 4500 2700 4570 absumpserat.
2725 4503 2856 4559 Nam
2872 4507 2915 4559 si
2941 4508 3017 4562 sic
3042 4522 3244 4574 orares,
3267 4512 3375 4566 cito

1793 4588 2125 4658 impetrares.
2157 4591 2366 4646 Etenim
2407 4594 2613 4648 etiamsi
2641 4598 2959 4652 contumelia
3004 4600 3224 4656 allectus
3253 4603 3323 4657 sit
3356 4620 3370 4667 ;

1790 4689 1843 4733 at
1871 4690 2019 4750 pater
2052 4691 2173 4736 est:
2205 4684 2411 4739 etiamsi
2451 4685 2619 4741 iratus
2652 4697 2755 4755 est,
2800 4696 2856 4742 at
2903 4690 3041 4747 ﬁlios
3079 4703 3222 4749 amat
3246 4714 3259 4750 :
3287 4706 3371 4750 at—

1789 4789 1894 4844 que
1936 4790 2099 4829 unum
2132 4785 2334 4831 tantum
2365 4780 2585 4848 quzerit,
2631 4795 2734 4835 non
2773 4781 2841 4837 de
2881 4787 3217 4842 contumeliis
3257 4802 3368 4856 pm-

1789 4879 1886 4918 nas
1903 4866 2135 4935 exigere,
2164 4870 2257 4922 sed
2277 4877 2327 4923 te
2344 4884 2658 4926 conversum
2690 4882 2742 4927 et
2768 4876 3149 4945 supplicantem
3167 4879 3366 4933 videre.

1858 4957 1911 5010 6.
1951 4957 2183 5011 Charitas
2215 4959 2308 5013 Dei
2350 4978 2467 5033 erga
2497 4979 2609 5016 nos.
2651 4964 2732 5018 Ad
2762 4966 2927 5035 ipsum
2951 4968 3239 5022 accedentes
3269 4970 3368 5021 im—

1789 5048 1992 5116 portuni
2020 5064 2290 5120 numquam
2310 5062 2445 5107 sunt.
2476 5082 2548 5093 —-
2574 5053 2779 5110 Utinam
2811 5071 2906 5111 nos
2939 5057 3008 5111 ita
3036 5059 3367 5125 ardercmus,

1788 5150 1844 5195 ut
1870 5142 2073 5198 viscera
2100 5144 2187 5198 illa
2214 5144 2279 5199 ad
2307 5146 2644 5203 dilectionem
2672 5164 2795 5219 erga
2830 5164 2925 5204 nos
2951 5149 3366 5208 inﬂammantur.

1785 5232 1889 5289 Sed
1912 5233 2046 5302 ignis
2067 5234 2154 5290 ille
2179 5238 2510 5293 occasionem
2533 5240 2704 5293 solum
2730 5241 2981 5309 requirit:
3002 5251 3056 5296 et
3080 5242 3122 5296 si
3149 5256 3367 5313 parvam

1786 5326 1859 5380 illi
1887 5328 2168 5399 scintillam
2201 5330 2473 5398 prtebeas,
2505 5331 2768 5401 ingentem
2812 5331 3190 5389 henelieiorum
3218 5333 3368 5390 liam-

1786 5434 1927 5474 mam
1954 5421 2221 5476 accendis.
2251 5421 2433 5491 Neque
2459 5423 2603 5477 enim
2634 5425 2773 5494 quod
2801 5426 3121 5482 contumelia
3148 5426 3368 5486 allectus

1784 5512 1873 5573 sit,
1911 5511 2214 5581 indignatur
2236 5553 2251 5577 ,
2281 5512 2374 5567 sed
2402 5514 2524 5582 quia
2568 5522 2624 5570 ttt
2649 5517 3067 5574 contumeliosus
3109 5533 3167 5575 es
3192 5559 3208 5588 ,
3232 5528 3285 5575 et
3312 5530 3367 5576 ut

1816 5652 1823 5659 ’
1850 5671 1867 5702 ι
1900 5666 2061 5731 Savil.,
2084 5667 2196 5733 quia
2217 5668 2506 5735 negligenter
2528 5671 2779 5735 petierim.
