3868 6182
482 208 588 267 εθτ

474 325 663 385 ebrius
686 324 837 381 furis.
857 319 912 380 Si
932 322 1076 378 enim
1093 334 1192 377 nos
1216 321 1343 376 mali
1362 335 1486 377 cum
1508 319 1697 385 simus,
1722 318 1767 373 si
1782 324 2069 373 contume-

502 416 607 473 iosi
631 416 739 472 sint
767 415 880 478 lilii,
906 428 1004 483 pro
1029 413 1134 468 illis
1164 411 1411 467 dolemus
1442 425 1457 466 :
1484 417 1686 480 quanto
1710 407 1878 478 magis
1906 406 2066 469 Deus,

480 510 577 581 qui
610 509 799 578 injuria
827 505 968 561 allici
987 506 1192 577 nequit,
1221 519 1318 575 pro
1352 504 1526 573 teipse
1556 499 1945 558 contumelioso
1982 498 2070 552 in-

482 600 776 673 dignatur!
805 600 863 656 Si
894 615 1012 667 nos,
1043 599 1132 669 qui
1160 605 1346 654 natura
1375 596 1645 667 diligimus
1672 612 1685 649 :
1709 594 1876 648 multo
1904 590 2071 662 magis

426 728 432 739 ι
486 694 598 762 ille,
630 694 713 764 qui
750 693 885 748 ultra
914 702 1157 748 naturam
1187 690 1378 760 diligit.
1405 688 1561 754 Nam,
1589 686 1701 741 Etsi
1728 684 2067 747 obliviscatur,

478 786 676 857 inquit,
708 786 891 839 mulier
932 786 1186 856 infantum
1230 782 1359 837 uteri
1394 782 1494 846 sui,
1522 779 1611 835 sed
1637 794 1729 851 ego
1762 794 1864 832 non
1889 776 2070 830 oblivi-

483 895 599 933 scar
619 879 714 943 tui,
746 878 868 932 dicit
888 876 1137 932 Dominus
1168 874 1327 946 (Isai.
1349 874 1439 930 49.
1473 872 1586 944 15).
1605 872 1938 927 Accedamus
1970 870 2069 940 igi-

485 979 574 1026 tur
592 970 660 1025 ad
689 984 815 1025 eum
839 979 892 1024 et
915 969 1155 1025 dicamus
1180 984 1193 1020 :
1224 966 1396 1020 Etiam
1418 1007 1434 1033 ,
1457 963 1718 1028 Domine;
1746 978 1867 1017 nam
1894 970 1942 1016 et
1985 976 2073 1015 ca-

484 1062 595 1119 telli
628 1063 780 1117 edunt
802 1062 866 1116 de
893 1062 1066 1127 micis,
1097 1074 1211 1129 quae
1234 1059 1422 1113 cadunt
1443 1058 1509 1112 de
1538 1073 1711 1111 mensa
1753 1055 2072 1110 dominarum

480 1173 692 1212 suorum
720 1156 928 1228 (Matth.
954 1155 1041 1211 15.
1068 1152 1183 1225 27).
1212 1151 1544 1207 Accedamus
1569 1150 1748 1220 itaque
1773 1154 2072 1217 opportune

485 1260 542 1307 ct
561 1251 865 1320 importune
886 1266 903 1315 ;
927 1249 1033 1303 imo
1048 1261 1177 1302 vero
1201 1258 1488 1315 numquam
1506 1256 1788 1313 possumus
1816 1241 2074 1310 importu-

487 1358 559 1400 ne
608 1342 908 1398 accedere:
940 1344 1299 1410 importunum
1333 1337 1532 1407 quippe
1578 1342 1660 1389 est
1705 1348 1811 1387 non
1859 1330 2072 1387 assidue

481 1436 655 1492 adire.
695 1435 826 1490 Nam
868 1448 990 1489 eum
1016 1473 1031 1495 .
1058 1432 1146 1502 qui
1179 1430 1307 1485 dare
1347 1430 1544 1500 gestit,
1580 1434 1940 1496 opportunum
1987 1432 2072 1479 est

484 1543 699 1599 semper
720 1540 927 1599 rogare.
960 1522 1418 1594 Quemadmodum
1448 1520 1589 1575 enim
1616 1519 1882 1588 respirare
1910 1530 2069 1571 num-

480 1636 646 1692 quam
679 1621 1041 1690 importunum
1070 1625 1155 1673 est
1173 1657 1189 1683 ,
1220 1616 1297 1671 sic
1324 1625 1381 1670 et
1409 1621 1589 1684 petere
1618 1625 1904 1679 numquam
1930 1651 1944 1674 ,
1975 1609 2070 1665 sed

483 1728 590 1770 non
617 1723 800 1785 petere
826 1720 905 1768 est
941 1718 1326 1782 importunum.
1372 1707 1587 1762 Etenim
1616 1705 1753 1759 sicut
1774 1704 1873 1759 hac
1897 1703 2069 1773 respl-

482 1809 691 1864 ratione
715 1819 851 1877 0pus
873 1805 1129 1860 habemus
1149 1846 1164 1867 ,
1193 1804 1269 1857 sic
1289 1810 1344 1857 et
1363 1800 1480 1869 ejus
1505 1798 1703 1853 auxilio
1730 1810 1748 1852 :
1779 1812 1842 1852 ac
1870 1797 1915 1850 si
1939 1796 2072 1850 veli-

475 1913 625 1965 suus,
655 1898 806 1954 facile
836 1898 1009 1967 ipsum
1034 1895 1098 1949 ad
1121 1909 1220 1949 nos
1234 1891 1584 1947 attrahemus.
1615 1890 1678 1943 Et
1700 1888 1801 1942 hoc
1830 1886 2071 1942 indicans

482 1991 766 2065 propheta,
793 1990 1176 2058 declaransqne
1207 1988 1375 2042 Deum
1400 1984 1467 2039 ad
1489 1981 1747 2038 beneﬁcia
1772 1979 2069 2050 praestanda

484 2098 703 2154 semper
727 2091 993 2152 paratum,
1026 2079 1235 2135 dicebat
1268 2095 1282 2132 :
1313 2076 1458 2133 Sicut
1502 2074 1784 2129 diluculum
1834 2082 2069 2143 paratum

483 2176 791 2229 inuenimus
828 2189 944 2228 eunt
995 2171 1152 2241 (Osee
1180 2171 1233 2226 6.
1272 2170 1353 2239 5).
1393 2168 1613 2235 Quoties
1647 2166 1789 2220 enim
1834 2164 1901 2218 ad
1944 2176 2068 2219 eum

484 2265 870 2321 accesserimus
888 2305 902 2327 ,
938 2271 1118 2317 nostra
1144 2268 1540 2331 exspectantem
1570 2255 1886 2311 videbimus.
1914 2253 2070 2322 Quod

482 2358 529 2413 si
558 2357 692 2411 nihil
706 2372 770 2412 ex
791 2356 907 2425 ejus
927 2354 1124 2410 virtute
1142 2366 1241 2408 ceu
1262 2352 1382 2407 fons
1397 2350 1721 2407 scaturiente
1737 2347 2067 2412 hattriamus,

484 2459 664 2505 nostra
690 2450 846 2518 culpa
875 2458 957 2504 est
981 2448 1220 2502 omnino.
1252 2447 1365 2501 Hoc
1393 2446 1536 2500 enim
1567 2443 1782 2500 Judacos
1817 2442 2070 2497 incusans

478 2539 694 2595 dicebat
721 2556 734 2592 :
765 2537 1119 2593 Misericordia
1157 2546 1327 2591 autem
1370 2552 1483 2589 mea
1518 2542 1572 2588 ut
1618 2533 1771 2588 nubes
1798 2532 2067 2599 matutina,

477 2640 529 2684 et
551 2629 679 2685 sicut
703 2646 787 2684 ros
805 2645 952 2682 mane
976 2627 1311 2698 pertransiens
1345 2625 1505 2697 (Ibid.
1534 2641 1583 2679 υ.
1611 2625 1688 2694 4).
1715 2620 1868 2691 Quod
1888 2630 2066 2693 autem

1189 204 1253 262 S.
1290 203 1569 261 JOANNIS
1603 194 2076 258 CllBYSOSTOMl
2116 192 2433 255 ARCHIEP.
2475 192 3012 256 CONSTANTINOP.

3660 197 3767 252 508

2178 313 2337 380 dicit,
2371 315 2675 387 hujusmodi
2714 328 2801 373 est
2827 335 2840 371 :
2866 317 2977 388 Ego
3024 315 3240 388 quidem
3291 330 3410 387 qua:
3455 330 3574 371 mea
3616 326 3774 372 erant

2171 408 2354 462 omnia
2383 408 2604 478 praestiti
2628 426 2644 475 ;
2675 424 2772 465 vos
2798 425 2927 466 vero
2950 451 2965 475 ,
2992 406 3442 482 quemadmodum
3470 406 3550 464 sol
3575 408 3776 465 ardens

2177 506 2562 575 superveniens
2587 513 2643 561 et
2669 506 2866 562 nubem
2897 516 2953 562 et
2979 520 3157 561 rorem
3188 504 3407 575 dissipat
3434 513 3489 559 et
3513 502 3773 569 occultat,

2178 597 2258 653 sic
2285 598 2355 652 ob
2381 597 2600 653 multam
2628 600 2916 669 nequitiam
2945 597 3267 653 inelfabilem
3314 594 3605 667 reprimitis
3636 595 3777 650 libe-

2178 690 2462 745 ralitatem.
2488 689 2548 745 id
2573 691 2712 761 quod
2754 700 2928 745 tamen
2966 689 3311 761 providentia:
3334 698 3436 744 est.
3483 686 3616 743 Nam
3646 700 3776 741 cum

2179 782 2425 854 indignos
2449 784 2595 841 videt
2618 799 2715 839 nos
2737 786 2835 855 qui
2858 784 3012 839 bonis
3042 782 3360 848 amciamur,
3389 778 3649 837 benelicia
3680 795 3777 835 re-

2180 876 2334 941 tinet,
2367 890 2435 930 ne
2489 890 2589 930 nos
2633 875 2847 931 desides
2884 874 3101 931 efficiat.
3132 873 3191 933 Si
3234 883 3410 928 autem
3450 872 3532 927 vel
3580 886 3778 941 parum

2177 978 2572 1035 convertamur,
2603 977 2807 1024 tantum
2856 968 3103 1023 videlicet
3144 978 3400 1038 quantum
3444 979 3579 1035 opus
3603 972 3693 1019 est
3718 972 3779 1016 ut

2178 1072 2562 1129 cognoscamus
2582 1076 2681 1115 nos
2702 1074 2968 1131 peccasse,
2994 1059 3111 1130 plus
3137 1072 3294 1130 quam
3326 1057 3498 1112 fomes
3522 1055 3775 1120 scaturit,

2181 1149 2302 1219 plus
2323 1166 2480 1220 quam
2504 1151 2721 1221 pelagus
2751 1147 2946 1205 difﬂuit
2974 1168 2988 1204 :
3019 1158 3075 1205 et
3098 1157 3297 1216 quanto
3325 1147 3522 1216 majora
3541 1158 3779 1215 accepe—

2179 1240 2275 1307 ris,
2308 1249 2454 1296 tanto
2480 1242 2651 1314 magis
2688 1242 2885 1312 gaudet
2913 1261 2927 1296 :
2960 1240 3191 1311 hincque
3218 1239 3286 1295 ad
3317 1239 3465 1309 plura
3504 1235 3684 1292 danda
3718 1250 3781 1291 so

2178 1341 2477 1403 comparat.
2498 1332 2632 1389 Nam
2668 1333 2883 1390 divitias
2918 1348 3042 1389 suas
3081 1342 3317 1388 nostram
3344 1339 3491 1402 putat
3528 1340 3653 1385 esse
3684 1342 3780 1383 sa-

2180 1428 2366 1492 lutem,
2413 1436 2468 1482 et
2508 1428 2677 1498 ipsam
2718 1426 2879 1482 dandi
2909 1427 3209 1497 petentibus
3252 1424 3548 1496 largitatem
3582 1441 3597 1477 :
3626 1422 3781 1493 quod

2180 1518 2340 1573 etiam
2370 1518 2570 1573 Paulus
2599 1518 2677 1574 sic
2695 1518 3000 1574 declarabat
3030 1532 3042 1570 :
3078 1515 3229 1571 Dives
3253 1521 3307 1569 in
3323 1529 3514 1577 omnes,
3542 1524 3591 1567 et
3617 1530 3783 1581 super

2180 1624 2354 1663 omnes
2378 1610 2465 1679 qui
2491 1609 2725 1663 invocant
2764 1608 2910 1663 illum
2962 1607 3135 1680 (Rom.
3168 1606 3254 1663 10.
3292 1605 3400 1675 12).
3446 1604 3579 1659 Cum
3624 1604 3781 1665 enim

2180 1716 2286 1756 non
2316 1701 2570 1773 petimus,
2597 1710 2724 1756 tunc
2749 1699 3031 1765 irascitur;
3060 1712 3181 1754 cum
3212 1714 3318 1753 non
3365 1696 3616 1766 petimus,
3648 1705 3785 1750 tunc

2180 1803 2476 1848 aversatur.
2509 1792 2634 1848 Ideo
2658 1808 2862 1864 panper
2897 1791 3016 1857 fuit,
3049 1802 3105 1846 ut
3136 1808 3233 1846 nos
3262 1792 3460 1846 divites
3488 1803 3780 1853 essemus;

2181 1886 2301 1939 ideo
2331 1885 2417 1940 illa
2444 1886 2622 1941 omnia
2654 1886 2892 1956 pertulit,
2923 1895 2979 1939 ut
3004 1899 3101 1939 nos
3129 1882 3194 1938 ad
3221 1880 3504 1953 petendum
3526 1889 3779 1936 vocaret.

2178 1975 2257 2031 Ne
2287 1976 2464 2045 itaque
2492 1975 2875 2046 desperemus:
2900 1975 2994 2031 sed
3036 1976 3132 2029 has
3156 1973 3467 2030 occasiones
3492 1981 3546 2027 et
3572 1972 3782 2027 bonam

2179 2081 2330 2137 spem
2366 2067 2622 2123 habentes
2644 2110 2660 2134 ,
2684 2068 2892 2122 etiamsi
2923 2082 3019 2137 per
3044 2067 3285 2137 singulos
3307 2064 3423 2120 dies
3448 2076 3781 2136 peccamus,

2180 2157 2498 2212 accedamus
2526 2168 2797 2229 rogantes,
2825 2159 3191 2222 obsecrantes,
3212 2164 3549 2226 peccatorum
3572 2152 3783 2209 remis-

2180 2252 2387 2307 sionem
2418 2260 2677 2321 petentes.
2705 2251 2795 2307 Sic
2820 2252 2962 2307 enim
2990 2258 3044 2306 et
3062 2249 3129 2305 ad
3153 2247 3478 2321 peccandum
3502 2246 3785 2301 tardiores

2177 2342 2504 2411 eﬁiciemur,
2535 2355 2590 2400 et
2618 2343 2893 2399 diabolum
2941 2341 3271 2414 depellemus
3290 2383 3306 2408 ,
3346 2356 3409 2395 ac
3437 2339 3529 2395 Dei
3560 2339 3789 2394 miseri-

2178 2434 2416 2489 cordiam
2448 2434 2874 2507 provocabimus,
2898 2433 3180 2504 futuraque
3194 2446 3587 2502 consequemur
3608 2431 3783 2494 bona,

2179 2528 2348 2598 gratia
2373 2537 2428 2584 et
2456 2527 2779 2599 benignitate
2814 2527 3025 2583 Domini
3051 2526 3218 2581 nostri
3255 2524 3381 2580 Jesu
3410 2522 3613 2579 Christi
3636 2564 3655 2587 ,
3690 2523 3786 2578 cui

2181 2622 2351 2690 gloria
2382 2630 2437 2678 et
2466 2623 2747 2694 imperium
2772 2622 2822 2678 in
2853 2623 3046 2678 smcula
3077 2621 3416 2678 saeculorum.
3444 2621 3645 2676 Amen.

483 2736 3757 2763 MM

1594 2825 1943 2888 HOMILIA
1985 2816 2227 2885 XXIII.
2272 2823 2358 2885 al.
2404 2823 2642 2887 XXIV.

626 2954 755 3011 Car.
793 2950 850 3009 7.
889 2969 940 3007 ν.
972 2934 1228 3008 1ίΝοῙὶῑε
1242 2950 1497 3021 judicare,
1525 2965 1589 3004 ne
1612 2948 1921 3017 iudicemini.

554 3046 608 3101 l.
628 3046 802 3111 Illius,
823 3044 1000 3099 Nolite
1026 3042 1284 3113 judicare,
1305 3041 1693 3110 explanatio.—
1712 3038 1845 3106 Quid
1875 3036 2071 3108 igitur?

478 3150 588 3193 non
623 3145 839 3208 oportet
873 3142 1156 3206 peccantes
1175 3132 1469 3188 accusare?
1489 3131 1619 3186 Nam
1647 3139 1702 3186 et
1726 3130 1921 3186 Paulus
1967 3128 2071 3183 hoc

483 3230 657 3300 ipsum
692 3228 857 3293 dicit;
885 3229 991 3283 imo
1025 3237 1079 3283 et
1104 3227 1345 3282 Christus
1376 3242 1470 3296 per
1492 3224 1736 3286 Paulum,
1757 3224 1840 3279 his
1859 3223 2068 3278 verbis:

478 3321 581 3384 Tu,
594 3323 716 3394 quid
725 3322 930 3393 judicas
945 3326 1153 3394 fratrem
1176 3330 1312 3374 tuum
1330 3321 1355 3375 ?
1370 3328 1415 3374 et
1435 3319 1634 3391 tu,quid
1649 3319 1843 3390 spernis
1863 3320 2072 3387 fratrem

478 3424 626 3468 litum
659 3412 834 3485 (Rom.
879 3413 967 3467 14.
996 3412 1128 3480 10)?
1156 3408 1239 3476 Et,
1275 3410 1371 3477 Tu,
1394 3412 1504 3482 quis
1520 3427 1592 3478 es,
1620 3411 1707 3482 qui
1722 3410 1930 3481 judieas
1946 3410 2072 3464 alie-

478 3520 608 3562 num
638 3520 830 3561 servum
861 3501 1021 3578 (Ibid.
1044 3518 1091 3558 υ.
1121 3503 1176 3576 4)
1195 3504 1219 3558 ?
1240 3503 1305 3558 Et
1331 3504 1520 3559 iterum
1545 3520 1559 3556 :
1594 3502 1771 3557 Nolite
1797 3513 1915 3556 tmte
1951 3511 2073 3556 tem-

479 3612 579 3670 pus
610 3597 867 3667 judicare,
908 3595 1237 3667 quoadusque
1267 3596 1433 3649 veniat
1470 3594 1717 3650 Dominus
1762 3595 1840 3666 (i.
1867 3593 1986 3649 Cor.
2015 3595 2070 3649 4.

480 3689 561 3758 5).
594 3688 701 3744 Cur
725 3696 904 3743 autem
938 3688 1062 3741 alibi
1089 3687 1219 3742 dicit
1244 3703 1257 3738 ε
1279 3688 1464 3758 Argue,
1491 3686 1713 3754 obsecra,
1736 3686 1942 3756 increpa
1975 3685 2069 3757 (2.

478 3780 618 3836 Tim.
640 3780 693 3835 4.
715 3776 814 3851 2)?
839 3788 893 3834 et
913 3776 1056 3843 alibi,
1086 3776 1359 3833 Peccantes
1385 3795 1553 3835 coram
1576 3778 1805 3832 omnibus
1825 3777 2040 3848 argue(l
2056 3816 2070 3831 .

484 3870 619 3926 Tim.
649 3869 702 3926 5.
733 3868 830 3941 20)
852 3870 877 3924 ?
900 3879 954 3925 et
980 3868 1229 3925 Christus
1253 3867 1415 3925 Petro
1448 3884 1462 3924 ε
1499 3867 1642 3924 Vade
1661 3912 1675 3935 ,
1706 3869 1904 3940 corripe
1928 3868 2075 3924 illum

482 3965 615 4018 inter
639 3973 686 4017 te
711 3974 759 4017 et
793 3963 958 4034 ipsum
987 3963 1150 4017 solum
1181 3979 1200 4017 :
1224 3963 1269 4017 si
1316 3979 1416 4017 non
1448 3963 1684 4029 audierit,
1727 3963 1887 4019 alium
1913 3974 2075 4019 tecum

480 4053 727 4125 adiunge;
742 4054 785 4108 si
805 4068 918 4108 vero
936 4068 1092 4126 neque
1102 4053 1172 4107 sic
1186 4053 1654 4118 eesserit,Ecclesiaa
1669 4056 1845 4110 nuntia
1860 4054 2071 4129 (Matth.

483 4146 509 4199 1
521 4144 571 4201 8.
589 4142 807 4216 lli-l7)?
825 4153 880 4199 et
896 4153 1001 4198 tam
1020 4145 1215 4199 multos
1230 4146 1505 4200 constituit
1517 4146 1980 4217 increpantes,uec
1996 4164 2076 4204 so-

482 4237 597 4293 lum
628 4237 984 4307 increpantes,
1016 4234 1109 4292 sed
1137 4236 1294 4292 etlam
1325 4238 1644 4307 punientes?
1671 4238 1805 4294 Nam
1836 4255 1957 4295 cum
1985 4242 2076 4311 qui

486 4330 695 4386 nullum
728 4330 920 4385 horum
949 4329 1205 4397 audisset,
1228 4330 1387 4401 jussit
1415 4331 1596 4387 haberi
1625 4335 1777 4404 quasi
1803 4334 2075 4390 ethnicum

481 4431 540 4479 et
582 4423 940 4492 publicanum.
991 4423 1103 4478 Cur
1155 4432 1331 4478 autem
1378 4424 1481 4479 illis
1527 4426 1705 4481 claves
1733 4425 2077 4485 dedit?Nam

482 4516 530 4569 si
562 4514 851 4585 judicaturi
879 4529 983 4569 non
998 4524 1141 4583 sunt,
1161 4516 1359 4571 nullam
1385 4516 1659 4573 habebunt
1679 4522 2073 4590 auctoritatem,

487 4614 547 4660 et
588 4605 783 4660 frustra
825 4605 1024 4675 ligandi
1073 4615 1232 4676 atque
1253 4606 1497 4663 solvendi
1519 4611 1891 4665 auctoritatem
1918 4627 2075 4668 accc-

486 4705 706 4767 perunt.
748 4695 819 4751 Et
856 4697 1087 4767 aliaquin
1109 4739 1125 4765 ,
1159 4698 1203 4752 si
1234 4698 1339 4754 hoc
1366 4699 1625 4765 obtineat,
1654 4701 1833 4755 omnia
1861 4716 2077 4772 pessum

487 4791 663 4857 ibunt,
687 4798 741 4845 et
763 4789 815 4844 in
849 4788 1112 4856 ecclesiis,
1143 4799 1196 4846 et
1221 4791 1277 4846 in
1302 4793 1625 4861 civitatibus,
1648 4804 1705 4849 et
1726 4795 1777 4848 in
1805 4794 2075 4851 domibus.

486 4882 621 4938 Nam
674 4884 922 4938 dominus
966 4896 1178 4939 servum
1226 4893 1281 4941 et
1323 4885 1536 4942 domina
1587 4889 1831 4944 ancillam
1861 4931 1877 4955 ,
1929 4900 2080 4960 pater

486 4975 679 5042 lilium,
708 4976 911 5031 amicus
940 4975 1169 5030 amicum
1197 4976 1298 5031 nisi
1319 4976 1696 5048 judicaverint,
1723 4980 1956 5052 nequitia
1983 4998 2081 5036 au-

484 5064 714 5138 gebitur.
738 5065 810 5122 Et
852 5066 977 5137 quid
1023 5067 1163 5134 dico,
1192 5069 1396 5124 amicus
1441 5068 1988 5128 amicumYInimicos
2033 5074 2078 5128 si

486 5177 594 5216 non
622 5161 942 5232 judiccmus,
978 5177 1262 5233 numquam
1296 5164 1591 5233 poterimus
1628 5165 1933 5221 inimicitias
1966 5164 2079 5221 sol-

488 5268 635 5316 vere,
667 5253 761 5308 scd
790 5267 880 5307 sus
920 5254 1093 5324 deque
1131 5254 1310 5310 omnia
1341 5265 1633 5312 vertentur.
1676 5256 1814 5325 Quid
1844 5273 1974 5328 ergo
2012 5258 2081 5313 sit

489 5342 593 5396 hoc
632 5342 772 5414 quod
813 5344 1007 5399 dicitur
1032 5345 1316 5417 diligenter
1344 5348 1685 5404 attendamus
1710 5392 1723 5415 ,
1754 5365 1819 5404 ne
1848 5347 2082 5404 rcmcdia

489 5432 677 5488 salutis
697 5443 752 5489 et
767 5429 909 5505 leges
937 5437 1081 5506 pacis
1103 5447 1244 5508 putet
1274 5439 1533 5510 quiSpiam
1556 5456 1673 5497 esse
1693 5441 1837 5511 leges
1859 5438 2083 5495 subver-

490 5525 659 5581 sionis
682 5534 738 5581 et
765 5524 1109 5582 confusionis.
1138 5528 1270 5584 Nam
1302 5530 1365 5584 iis
1394 5533 1482 5602 qni
1512 5532 1856 5601 intelligentia
1882 5530 2080 5596 valent,

452 5696 460 5715 .
484 5616 540 5670 in
578 5619 923 5692 sequentibus
952 5621 1184 5678 maxime
1204 5622 1426 5693 hujusce
1452 5625 1587 5696 legis
1614 5625 1865 5681 virtutem
1897 5630 2082 5679 osten-

2177 2943 2256 2998 dit
2282 2944 2469 3002 dieens
2497 2965 2509 2998 :
2536 2948 2674 3016 Quid
2712 2948 2849 3004 vides
2891 2948 3138 3019 festucam
3174 2948 3227 3002 in
3269 2947 3417 3003 at:qu
3450 2946 3629 3017 fratris
3679 2947 3786 3012 tui,

2177 3038 2368 3092 trabent
2384 3049 2551 3094 autem
2570 3056 2684 3111 quia
2700 3052 2772 3095 est
2789 3041 2841 3094 in
2860 3040 3006 3095 oculo
3022 3049 3105 3094 tuo
3122 3056 3221 3094 non
3233 3040 3525 3094 consideras
3547 3038 3785 3108 (Matth.

2178 3128 2232 3183 7.
2263 3127 2340 3202 5).
2377 3130 2528 3198 Quod
2573 3134 2615 3186 si
2645 3132 2827 3186 multis
2858 3131 3149 3187 tardiorum
3178 3132 3193 3162 ¹
3222 3131 3423 3186 dictum
3448 3130 3631 3185 adhuc
3681 3132 3789 3185 olu-

2175 3222 2385 3277 scurius
2400 3223 2795 3287 esscvideatur,
2818 3239 2972 3279 rema
2995 3223 3255 3294 principio
3282 3222 3492 3279 solvere
3521 3222 3788 3278 tentabo.

2180 3313 2275 3369 llic
2298 3326 2465 3381 certe,
2494 3325 2551 3371 ut
2573 3318 2700 3371 mihi
2728 3317 2940 3388 quidem
2966 3316 3206 3380 videtur,
3237 3332 3344 3371 non
3368 3316 3545 3371 omnia
3578 3331 3794 3386 pecca-

2177 3416 2229 3462 ta
2250 3408 2403 3477 jubet
2432 3424 2538 3464 non
2559 3409 2801 3480 judicare
2820 3452 2837 3477 ,
2871 3426 3044 3482 neque
3071 3412 3291 3465 omnino
3316 3419 3460 3466 vetat
3481 3410 3609 3464 illud
3645 3423 3791 3481 age-

2178 3515 2258 3566 re,
2290 3501 2384 3555 sed
2413 3500 2534 3556 illos
2557 3504 2776 3572 respicit
2805 3504 2899 3574 qui
2924 3504 3218 3559 innumeris
3245 3504 3422 3559 onusti
3447 3503 3611 3565 vitiis,
3653 3505 3791 3559 aliis

2176 3593 2247 3647 ob
2273 3594 2403 3648 levia
2439 3609 2664 3666 quaeque
2689 3596 2963 3652 insultant.
2998 3596 3412 3652 Videturautem
3437 3596 3523 3651 hic
3550 3595 3793 3653 Iuda-os

2177 3688 2536 3757 subindicare,
2562 3690 2798 3760 quicum
2825 3691 3001 3746 acerbi
3033 3700 3215 3746 essent
3241 3688 3309 3745 de
3334 3690 3493 3745 rebus
3527 3690 3792 3745 minimis

2177 3783 2482 3853 nulliusque
2508 3784 2761 3839 momenti
2793 3783 3021 3855 proximi
3052 3784 3133 3838 sui
3178 3793 3548 3847 accusatores,
3575 3799 3790 3853 magna

2178 3873 2252 3928 illi
2291 3874 2408 3930 sine
2440 3875 2551 3929 ullo
2576 3890 2736 3930 sensu
2764 3875 2987 3932 crimina
3010 3875 3362 3930 admittebant
3392 3892 3407 3928 :
3438 3875 3581 3945 quod
3603 3877 3790 3930 etiam

2176 3965 2231 4021 in
2256 3965 2362 4022 fine
2387 3968 2714 4037 exprobrans
2742 3965 2848 4024 illis
2875 3968 3088 4025 dicebat
3118 3987 3131 4023 :
3164 3968 3397 4039 Alligatis
3415 3984 3572 4021 onera
3592 3969 3795 4036 grai-ia

2178 4066 2226 4112 et
2244 4058 2587 4129 importabilia
2612 4076 2632 4114 :
2661 4076 2747 4116 vos
2769 4071 2941 4115 autem
2970 4077 3069 4115 non
3094 4062 3241 4115 uultis
3278 4078 3337 4114 ea
3374 4060 3531 4131 digito
3572 4075 3795 4115 timuere

2179 4151 2395 4221 (Matth.
2418 4152 2509 4208 Q5.
2536 4153 2594 4224 4)
2618 4170 2633 4219 ;
2675 4164 2751 4219 et,
2772 4153 3050 4210 Decimutis
3076 4154 3331 4208 mentitam
3358 4163 3402 4208 et
3430 4154 3707 4219 anethum,
3740 4165 3797 4207 et

2177 4244 2513 4315 dereliquistis
2541 4262 2727 4315 ecqua:
2746 4247 2981 4317 grauiora
3002 4257 3120 4301 sunt
3146 4246 3291 4317 legis,
3305 4245 3590 4317 judicium,
3621 4246 3800 4300 mise-

2178 4339 2454 4393 ricordiam
2481 4349 2529 4392 et
2557 4340 2709 4407 [idem
2735 4338 2893 4410 (Ibid.
2925 4356 2974 4393 υ.
3004 4340 3115 4410 25).
3139 4338 3353 4393 Juda‘os
3376 4337 3533 4408 igitur
3559 4337 3798 4394 videtur

2181 4429 2235 4485 in
2264 4432 2443 4485 animo
2468 4431 2688 4497 habere,
2710 4432 2819 4501 jam
2848 4442 2974 4487 ante
3018 4432 3139 4486 illos
3167 4431 3464 4501 reprimens
3504 4430 3576 4483 ob
3616 4446 3688 4484 ea
3718 4432 3799 4486 de

2179 4525 2372 4595 quibus
2395 4525 2685 4596 discipulos
2713 4525 3011 4580 accusaturi
3036 4534 3206 4579 erant.
3229 4524 3342 4578 Etsi
3363 4523 3504 4579 enim
3527 4522 3607 4576 illi
3638 4524 3798 4580 nihil

2183 4618 2287 4673 tale
2308 4627 2661 4689 peccaverant
2682 4661 2698 4684 ,
2727 4619 2968 4690 quaedam
2997 4627 3178 4673 tamen
3208 4618 3336 4687 ipsis
3361 4626 3578 4687 peccata
3621 4618 3799 4673 vitle-

2184 4713 2378 4769 bantur
2397 4729 2539 4780 esse,
2569 4723 2647 4782 ut,
2674 4714 2951 4770 sabbatum
2975 4729 3080 4768 non
3106 4712 3397 4769 observare
3415 4750 3430 4775 ,
3462 4710 3628 4765 illotis
3662 4728 3801 4765 ma-

2183 4806 2341 4861 nibus
2388 4806 2731 4873 manducare,
2762 4822 2883 4862 cum
2925 4805 3222 4877 publicanis
3251 4803 3599 4867 recumbere;
3627 4806 3799 4873 quod

2181 4905 2239 4951 et
2265 4897 2388 4951 alibi
2419 4897 2494 4951 ait
2519 4912 2533 4946 :
2568 4896 2876 4951 Excolantes
2905 4897 3141 4961 culicem,
3164 4906 3213 4950 et
3238 4896 3569 4969 degluticntes
3610 4912 3807 4952 came-

2185 4990 2290 5044 lum
2316 4989 2478 5061 (Ibid.
2510 5007 2558 5045 c.
2587 4989 2706 5061 24).
2732 4990 2995 5046 Craterum
3018 5004 3360 5045 communem
3398 4988 3466 5043 de
3491 4987 3577 5042 his
3602 4988 3805 5057 legem

2183 5081 2479 5137 constituit.
2509 5079 2807 5137 Corinthiis
2834 5096 2963 5138 vero
2989 5081 3230 5137 scribens
3258 5079 3476 5146 Pauhis,
3507 5094 3615 5133 non
3641 5081 3805 5134 sim-

2180 5178 2397 5250 pliciter
2462 5174 2716 5248 prohibet
2787 5173 3075 5244 judicare,
3163 5172 3257 5228 sed
3328 5182 3423 5228 eos
3483 5173 3575 5242 qui
3632 5172 3796 5243 ipsis

2182 5282 2453 5342 praerant
2496 5268 2741 5337 iudicare
2775 5275 2941 5332 vetat,
2989 5277 3047 5321 et
3102 5266 3156 5320 in
3201 5279 3368 5321 causa
3424 5279 3533 5317 non
3597 5278 3802 5319 mant-

2183 5361 2359 5425 festa,
2422 5373 2521 5414 nec
2590 5358 2910 5429 simpliciter
2990 5366 3137 5413 vetat
3213 5365 3505 5428 peccantes
3578 5371 3797 5411 cmen-

2180 5452 2334 5507 dare.
2385 5450 2570 5521 Neque
2614 5457 2746 5505 tunc
2810 5465 3001 5505 omnes
3050 5449 3169 5504 sine
3215 5448 3537 5503 discrimine
3593 5446 3797 5505 incm.

2188 5540 2384 5611 pabat;
2412 5539 2507 5595 sed
2536 5539 2828 5609 discipulos
2865 5538 2953 5608 qui
2986 5538 3268 5606 magistros
3308 5543 3599 5604 arguerent
3628 5548 3808 5589 cocr~

2257 5634 2275 5663 ί
2310 5629 2439 5692 Vox,
2462 5627 2750 5693 tardiorum,
2773 5629 2919 5681 deest
2939 5630 2989 5679 in
3009 5626 3297 5693 qmbusdam
3312 5631 3424 5676 Mss.
