3918 6290
343 242 459 307 Εἰπὲ)

349 362 523 418 άπασι
566 359 686 415 τότε
736 357 989 431 ἐπετίμα,
1043 357 1179 411 ἀλλὰ
1213 356 1481 429 μαθηταῖς
1516 356 1645 427 περὶ
1684 355 2019 410 διδασκάλων

345 448 504 503 τοῦτο
554 445 799 502 ποιοῦσιν
860 445 1199 517 ἐπέπληττε,
1240 446 1338 499 zeal
1384 446 1496 509 τοῖς
1560 443 1771 516 μυρίων
1834 444 2018 497 κακῶν

346 537 671 601 ὑπευθύνοις
737 532 897 601 οὖσι,
960 536 1088 599 τοὺς
1132 535 1176 567 ⁸⁸
1240 534 1564 597 ἀνευθύνους
1616 532 2015 589 διαϐάλλουσιν.

348 628 527 699 Ὅπερ
572 619 668 679 οὖν
723 624 818 678 zeal
854 623 885 675 ό
941 620 1176 693 Χριστὸς
1214 620 1448 675 ἐνταῦθα
1488 619 1741 691 ᾐνίξατο·
1776 619 1871 672 zeal
1921 618 2019 690 οὑχ

345 713 533 777 ἁπλῶς
580 711 832 783 ἡνίξατο,
877 708 1013 763 ἀλλά
1063 709 1158 762 zeal
1196 710 1363 761 πολὺν
1399 707 1669 778 ἐπέστησε
1700 706 1792 759 τὸν
1818 706 2015 775 φόϐον,

346 800 442 853 zeal
492 799 591 869 τήν
643 797 864 851 κόλασιν
914 795 1306 866 ἀπαραίτητον.
1360 795 1466 848 Ἐν
1518 787 1566 860 ᾧ
1619 793 1732 863 τὰρ
1782 793 2017 864 κρίματι

346 888 577 957 κρίνετε
596 926 612 952 ,
666 886 801 956 φησί
820 925 835 949 ,
882 884 1261 953 κριθήσεσθε.
1303 882 1378 935 Οὑ
1437 882 1547 952 7&9
1591 882 1797 935 ἐκεῖνον
1846 899 2015 935 κατα-

345 973 581 1038 δικάζεις
604 1013 621 1039 ,
665 973 849 1043 φησὶν,
900 970 1038 1025 ἀλλά
1086 969 1302 1034 σαυτὸν,
1336 970 1430 1023 zeal
1456 969 1683 1039 φοϐερόν
1726 985 1806 1022 σοι
1844 972 2017 1034 ποιεῖς

343 1059 407 1113 τὸ
454 1059 843 1132 δικαστήριον,
906 1059 1001 1112 zeal
1050 1056 1297 1128 ἀκριϐεῖς
1341 1056 1443 1121 τάς
1503 1055 1752 1119 εὐθύνας.
1808 1057 2017 1128 Ὠσπερ

345 1142 440 1201 οὖν
489 1148 548 1201 ἐν
588 1148 655 1217 τῇ
705 1146 815 1200 τῶν
859 1145 1270 1218 ἁμαρτημάτων
1318 1143 1511 1213 ἀφέσει
1566 1144 1696 1215 παρ’
1750 1143 1909 1215 ἡμῶν
1959 1145 2016 1198 αἰ

345 1234 545 1304 ἀρχαὶ,
586 1232 732 1287 οὑτω
782 1232 877 1287 zeal
924 1234 983 1286 ἐν
1033 1232 1206 1303 ταύτῃ
1247 1233 1315 1302 τῇ
1358 1229 1538 1303 κρίσει
1578 1231 1712 1302 παρ’
1757 1231 1916 1301 ἡμῶν
1948 1230 2018 1285 τά

349 1320 523 1393 μέτρα
575 1321 675 1392 τῆς
745 1320 1043 1390 καταδίκης
1094 1319 1321 1372 τίθεται.
1384 1318 1520 1371 Οὑδέ
1575 1318 1686 1387 γάρ
1741 1317 2017 1382 ὀνειδίζειν

342 1405 427 1459 δεῖ
447 1445 463 1471 ,
530 1405 652 1459 οὑδέ
708 1405 1062 1477 ἐπεμϐαίνειν
1086 1443 1103 1469 ,
1162 1403 1299 1459 ἀλλά
1346 1404 1653 1457 νουθετεῖν
1716 1403 1778 1457 οὑ
1840 1420 2013 1475 κακηο

343 1495 609 1565 γορεῖν⁶¹,
637 1494 773 1548 ἀλλά
825 1494 1243 1566 συμϐουλεύεινο
1276 1494 1397 1548 οὑδὲ
1428 1495 1569 1565 μετά
1596 1494 1857 1559 ἀπονοίας
1891 1494 2015 1548 ἐπι-

340 1581 625 1647 τίθεσθαι,
676 1582 814 1637 ἀλλά
855 1584 993 1653 μετά
1042 1581 1423 1655 φιλοστοργίας
1469 1581 1737 1653 διορθοῦν.
1777 1582 1852 1635 υὺ
1902 1581 2011 1653 γάρ

340 1669 568 1732 ἐκεῖνον,
599 1668 737 1723 άλλά
762 1669 958 1724 σαυτὸν
982 1670 1184 1741 ἐσχάτῃ
1219 1669 1529 1740 παραδίδως
1554 1669 1601 1702 ⁸³
1626 1671 1868 1741 τιμωρίᾳ
1886 1708 1903 1733 ,
1934 1670 2012 1741 μὴ

342 1755 653 1827 φειδόμενος
677 1756 865 1824 αὑτοῦ,
905 1757 1068 1827 ἡνίκα
1092 1757 1159 1813 ἂν
1183 1756 1352 1829 δεήσῃ
1382 1756 1719 1830 ψηφίζεσθαι
1747 1757 1877 1829 περὶ
1902 1756 2013 1811 τῶν

338 1842 894 1915 πεπλημμελημένων
920 1843 1089 1916 αὑτῷ.

410 1928 478 1999 β’.
525 1930 688 2003 Ὁρᾷς
721 1931 841 1996 πῶς
869 1924 1034 1987 αῦται
1059 1932 1116 1987 al
1160 1932 1255 1989 δύο
1284 1934 1498 1990 ἐντολαί
1544 1933 1640 1989 zeal
1691 1930 1891 2003 κοῦφαι
1920 1932 2013 1987 zeal

342 2017 595 2087 μεγάλων
633 2017 806 2073 αῖτιαι
856 2019 1077 2087 ἀγαθῶν
1108 2022 1220 2084 τοῖς
1266 2021 1611 2092 πειθομένοις
1632 2063 1647 2087 ,
1683 2018 1873 2090 ὥσπερ
1918 2016 2013 2074 οὖν

338 2104 655 2159 καὶςκακῶν
686 2109 799 2170 τοῖς
840 2106 915 2179 μή
953 2108 1347 2179 προσέχουσιν;
1379 2109 1449 2163 ’Ὀ
1475 2126 1538 2163 τε
1586 2108 1696 2179 7&9
1724 2108 1907 2178 ἀφιεὶς
1932 2108 2013 2181 τῷ

338 2191 587 2262 πλησίον,
621 2193 813 2247 ἐαυτὸν
843 2195 950 2265 πρὸ
975 2196 1184 2253 ἐκείνου
1215 2195 1325 2251 τῶν
1351 2196 1713 2268 ἐγκλημάτων
1756 2195 2011 2268 ἀπήλλα-

341 2278 452 2346 ξεν,
477 2279 631 2334 οὑδέν
654 2280 847 2351 καμών
870 2297 885 2313 ο
919 2282 949 2335 6
968 2299 1026 2335 τε
1057 2283 1197 2353 μετά
1222 2282 1435 2352 φειδοῦς
1463 2284 1557 2337 zeal
1585 2282 1914 2355 συγγνώμης
1944 2283 2013 2338 τά

338 2365 853 2439 πεπλημμελημένα
882 2368 1090 2439 ἐτέροις
1134 2369 1431 2435 ἐξετάσας,
1471 2370 1647 2426 πολὺν
1702 2370 1878 2442 ἐαυτῷ
1908 2371 2011 2442 τῆς

340 2451 674 2525 συγγνώμης
711 2454 803 2508 τδν
841 2454 1034 2527 ἔρανον
1073 2456 1182 2510 ἀπὸ
1212 2456 1313 2528 τῆς
1340 2458 1523 2529 ψήφου
1550 2458 1911 2529 προαπέθετο.
1943 2458 2011 2511 Τί

337 2533 474 2607 οῦν;
506 2538 574 2596 ἂν
601 2542 870 2614 πορνεύῃ,
911 2543 1067 2613 φησὶ,
1105 2542 1180 2614 μὴ
1209 2543 1347 2596 εῖπω
1376 2544 1459 2597 ὅτι
1498 2545 1668 2599 κακὸν
1696 2547 1731 2617 ἡ
1766 2545 2010 2618 πορνεία,

340 2626 479 2698 μηδὲ
505 2626 886 2700 διορθώσωμαι
912 2628 958 2661 ⁸⁸
981 2628 1072 2684 τὸν
1098 2629 1519 2699 ἀσελγαίνοντας
1550 2631 1851 2703 Διόρθωσον
1887 2631 2009 2704 μὲν,

336 2712 475 2770 ἀλλὰ
512 2715 589 2787 μὴ
626 2716 703 2780 ώς
734 2715 1020 2788 πολέμιος,
1056 2717 1192 2789 μηδέ
1223 2718 1302 2783 ώς
1333 2719 1525 2792 ἐχθρὸς
1549 2719 1796 2774 ἀπαιτῶν
1826 2720 2009 2793 δίκην,

338 2800 455 2856 ἀλλ’
474 2801 555 2866 ὡς
587 2802 769 2874 ἰατρὸς
803 2803 1071 2875 φάρμακα
1092 2806 1539 2871 κατασκευάζων.
1570 2807 1704 2860 Οὑδέ
1732 2807 1840 2880 γάρ
1865 2803 2009 2875 εἷπε,

340 2888 421 2960 μὴ
454 2887 663 2961 παύσῃς
702 2890 1115 2962 ἁμαρτάνοντα,
1151 2892 1320 2960 ἀλλά,
1370 2894 1444 2964 μὴ
1472 2892 1699 2967 κρίνῃς·
1736 2896 2008 2960 τουτέστι,

341 2972 420 3047 μὴ
448 2974 640 3048 πικρὸς
665 2975 816 3046 γίνου
853 2977 1133 3050 δικαστής.
1169 2979 1377 3044 Ἀλλως
1420 2980 1477 3034 δέ
1512 2980 1633 3035 οὑδέ
1657 2980 1703 3012 ⁸⁸
1736 2982 1865 3053 περὶ
1902 2982 2011 3037 τῶν

341 3060 594 3132 μεγάλων
622 3062 717 3116 zeal
747 3063 1233 3135 ἀπηγορευμένων,
1263 3065 1400 3136 ὅπερ
1427 3064 1597 3136 ἐφθην
1631 3067 1833 3132 εἰπὼν,
1871 3067 2010 3121 ἀλλά

338 3149 470 3222 περὶ
505 3149 617 3204 τῶν
659 3150 780 3205 ούδέ
818 3150 1119 3205 δοκούντων
1161 3147 1302 3207 εἶναι
1333 3153 1821 3224 πλημμελημάτων
1850 3154 2010 3209 τοῦτο

337 3235 573 3308 εἴρηται.
601 3238 693 3292 Διὸ
718 3238 814 3293 καὶ
843 3237 1025 3308 ἐλεγεα
1066 3239 1131 3294 Τί
1165 3238 1424 3306 βλέπεις
1469 3239 1536 3293 τὸ
1569 3240 1800 3309 κάρφος
1838 3239 1907 3294 τὸ
1940 3241 2013 3293 ἐν

338 3321 420 3389 τῷ
448 3323 735 3395 ὀφθαλμῷ
759 3324 867 3381 τοῦ
904 3325 1177 3395 ἀδελφοῦ
1218 3341 1371 3391 σονς
1404 3326 1518 3380 Kal
1557 3326 1666 3398 7&9
1698 3327 1884 3381 πολλοὶ
1916 3328 2013 3384 νῦν

336 3412 499 3466 τοῦτο
542 3412 786 3466 ποιοῦσι·
847 3413 952 3467 κάν
1008 3414 1159 3467 ῖδωσι
1219 3413 1453 3485 μοναχὸν
1485 3414 1743 3485 περιττὸν
1796 3416 2013 3487 ίμάτιον

338 3499 559 3571 ἔχοντα,
583 3499 678 3554 τδν
706 3500 868 3572 νόμον
905 3500 1057 3571 αὑτῷ
1112 3500 1507 3572 προϐάλλονται
1546 3500 1639 3554 τὸν
1670 3502 2009 3570 δεσποτικὸν,

335 3588 493 3641 αὑτοὶ
523 3587 694 3659 μυρία
724 3588 1056 3661 ἁρπάζοντες
1081 3590 1177 3643 zeal
1212 3588 1333 3642 καθ’
1356 3586 1510 3662 [286]
1540 3590 1777 3662 ἐκάστην
1792 3592 2012 3646 πλεονε-

336 3677 595 3741 κτοῦντες
646 3676 746 3748 τὴν
794 3677 1009 3749 ἡμέραν
1040 3693 1056 3710 ο
1088 3679 1194 3732 κᾶν
1218 3678 1369 3734 ῐδωσι
1391 3678 1780 3751 δαψιλεστέρας
1804 3681 2010 3751 τροφῆς

337 3768 700 3831 ἀπολαύοντα,
716 3768 903 3839 πικροὶ
919 3769 1159 3837 γίνονται
1176 3768 1469 3839 κατήγοροι
1484 3768 1607 3822 καθ’
1627 3768 1841 3840 ἡμέραν
1856 3768 2011 3823 αὑτοὶ

339 3855 632 3925 μεθύοντες
662 3854 758 3908 zeal
782 3852 1194 3924 κραιπαλῶντες
1213 3895 1228 3919 ,
1251 3855 1352 3908 ούκ
1381 3854 1585 3918 εἰδότες
1612 3855 1694 3907 ὅτι
1720 3854 1860 3925 μετὰ
1896 3855 2009 3908 τῶν

335 3940 554 3995 οἰκείων
603 3940 1017 4012 ἁμαρτημάτων
1069 3940 1253 4011 μεῖζον
1301 3940 1515 4003 ἑαυτοῖς
1580 3939 1833 3995 ἐντεῦθεν
1885 3957 2011 3996 συν-

337 4028 529 4096 άγουσι
548 4027 610 4080 τὸ
637 4026 879 4099 πῦρ,καὶ
912 4027 1092 4098 πάσης
1129 4028 1353 4091 ἐαυτοὺς
1377 4027 1774 4099 ἀποστεροῦσιν
1807 4027 2001 4082 ἀπολο-

334 4113 464 4184 γίας
490 4114 557 4172 ⁶“’.
584 4114 707 4169 Ὀτι
742 4114 848 4187 μὲν
876 4112 985 4185 7&9
1032 4114 1114 4168 δεῖ
1138 4114 1276 4185 μετά
1304 4114 1589 4185 ἀκριϐείας
1615 4114 1888 4181 ἐξετάζειν
1938 4115 2005 4170 τά

336 4202 407 4257 σά
431 4243 448 4270 ,
501 4204 566 4258 σὺ
613 4203 830 4276 πρῶτος
875 4204 1040 4275 νόμον
1068 4202 1300 4275 ἔθηκας,
1329 4202 1472 4257 οὑτω
1499 4206 1612 4267 τοῖς
1650 4203 1745 4257 τοῦ
1776 4202 2004 4275 πλησίον

332 4290 579 4356 δικάσας.
612 4290 704 4362 Μὴ
751 4290 930 4345 τοίνυν
964 4288 1102 4363 βαρὺ
1149 4288 1334 4362 νόμιζε
1388 4286 1560 4355 εἶναι,
1595 4291 1644 4345 εί
1703 4292 1798 4345 zeal
1843 4292 2004 4357 αὑτὸς

336 4379 549 4451 μέλλεις
575 4377 827 4444 τοιαύτας
860 4379 1083 4450 ὑπέχειν
1122 4378 1371 4442 εὐθύνας.
1418 4378 1745 4447 Ύποκριτὰ,
1785 4378 2004 4435 ἔκϐαλε

332 4466 568 4535 πρῶτον
602 4466 719 4536 τὴν
761 4466 945 4521 δοκόν
970 4464 1039 4520 ἐκ
1074 4465 1181 4520 τοῦ
1215 4466 1523 4535 ὀφθαλμοῦ
1557 4480 1695 4520 σου.
1738 4465 2001 4521 Ἐνταῦθα

331 4554 428 4625 τὴν
467 4554 637 4625 όργὴν
684 4552 1018 4618 ἐνδείξασθαι
1061 4551 1310 4624 βούλεται
1348 4552 1445 4624 τήν
1484 4552 1687 4625 πολλὴν
1710 4593 1725 4618 ,
1773 4553 1841 4625 ἡν
1887 4551 2000 4624 ἔχει

331 4640 468 4711 πρὸς
496 4641 624 4703 τοὺς
659 4640 729 4694 τά
765 4639 991 4695 τοιαῦτα
1036 4639 1341 4705 ποιοῦντας.
1371 4640 1481 4695 Kal
1518 4641 1628 4713 7&9
1654 4642 1901 4713 ὅπουπερ
1932 4640 1999 4695 ἀν

328 4725 563 4801 βουληθῇ
590 4725 759 4791 δεῖξαι
788 4725 850 4780 τὺ
896 4727 1197 4798 ἁμάρτημα
1231 4727 1372 4798 μέγα
1398 4726 1489 4792 δν,
1534 4727 1632 4780 zeal
1671 4726 1874 4799 πολλὴν
1899 4726 1998 4799 τὴν

325 4814 415 4868 ἐπ’
454 4812 604 4885 αὑτῷ
662 4812 881 4868 κόλασιν
917 4814 1010 4867 zeal
1058 4813 1227 4885 ὀργὴν
1258 4853 1272 4877 ,
1323 4814 1431 4868 ἀπὸ
1489 4812 1703 4887 ὑϐρεως
1745 4815 1993 4886 ἄρχεται.

327 4902 541 4975 Ὠσπερ
573 4897 668 4957 οὖν
713 4901 810 4956 zeal
852 4901 988 4974 πρὸς
1039 4901 1247 4955 ἐκεῖνον
1290 4901 1381 4956 τὸν
1424 4902 1493 4957 τά
1531 4903 1725 4957 ἐκατδν
1766 4904 1994 4973 δηνάρια

324 4989 660 5045 ἀπαιτοῦντα
687 4988 1011 5059 ἀγανακτῶν
1056 4988 1234 5058 ἔλεγε·
1270 4991 1506 5058 Πονηρὲ
1538 4990 1752 5055 δοῦλε,
1789 4988 1995 5046 πᾶσαν

322 5076 439 5145 τὴν
466 5077 721 5147 ὀφειλὴν
756 5076 1001 5144 ἐκείνην
1035 5074 1238 5146 ἀει-ἦκά
1272 5091 1372 5131 σοι
1394 5093 1412 5110 ο
1441 5076 1585 5132 οῦτω
1615 5079 1708 5132 zeal
1735 5076 1988 5145 ἐνταῦθα,

1109 242 1164 297 s.
1207 240 1491 298 Jomms
1526 239 2015 297 cunvsosrom
2051 238 2371 300 ARCIIIEP.
2407 214 2956 302 CONSTANTINOP.

3684 247 3791 303 3H)

2116 356 2438 412 διδασκάλου
2458 358 2611 424 τάξιν
2631 360 2916 431 ἀρπάζων,
2934 358 3054 415 ούδέ
3082 359 3329 433 μαθητὴς
3351 357 3496 427 ἄξιος
3520 360 3593 415 ὣν
3612 358 3756 415 εἶναι
3774 374 3792 391 ⁵

2117 443 2207 499 διά
2234 443 2393 499 τοῦτο
2421 446 2467 478 ⁸⁸
2492 446 2791 518 ὑποκριτὴν
2818 448 2982 502 αὑτὸν
3010 448 3292 502 ἐκάλεσεν.
3333 448 3390 502 ⁸0
3430 447 3539 519 γάρ
3584 449 3640 501 ἐν
3680 450 3795 511 τοῖς

2119 531 2323 602 ἐτέρων
2342 530 2515 597 οὑτως
2547 530 2625 587 ῶν
2655 532 2883 603 πικρὸς,
2922 532 2999 597 ὡς
3027 534 3123 587 zeal
3150 534 3220 588 τά
3253 534 3426 605 μικρά
3469 535 3595 587 ἰδεῖν
3614 574 3629 597 ,
3674 534 3797 596 πῶς

2117 619 2177 671 ἐν
2205 620 2319 682 τοῖς
2352 620 2465 682 σοῖς
2487 618 2629 673 οὕτω
2654 619 2883 689 γέγονας
2918 620 3162 691 ῥᾴθυμος
3184 659 3201 681 ,
3239 620 3313 686 ὡς
3354 621 3448 675 zeal
3474 621 3541 674 τά
3581 621 3798 692 μεγάλα

2116 705 2491 776 παραδραμεῖν
2525 722 2541 771 ;
2576 707 2836 760 Ἔκϐαλε
2886 705 3121 774 πρῶτον
3174 708 3292 773 τὴν
3338 706 3521 760 δοκὸν
3556 708 3623 761 ἐκ
3684 706 3798 761 τοῦ

2116 793 2428 862 ὀφθαλμοῦ
2453 807 2592 849 σου.
2627 794 2794 864 Ὀρᾷς
2817 834 2834 859 ,
2868 794 2950 847 δτι
2979 794 3039 846 οὑ
3062 792 3258 847 κωλύει
3289 795 3348 847 τὸ
3379 794 3585 865 κρίνειν
3604 836 3620 859 ,
3655 794 3800 848 ἀλλά

2118 883 2326 936 κελεύει
2355 883 2637 937 ἐκϐάλλειν
2662 883 2707 916 ”
2735 882 2952 953 πρῶτον
2972 882 3070 952 τὴν
3098 882 3254 936 δοκὸν
3282 884 3347 936 ἐκ
3372 883 3465 935 τοῦ
3487 882 3796 954 ὀφθαλμοῦ,

2116 968 2210 1023 zeal
2246 970 2365 1023 τότε
2394 968 2464 1023 τά
2496 969 2604 1023 τῶν
2651 968 2829 1024 ἄλλων
2878 968 3123 1039 διορθοῦν
3149 987 3165 1035 ;
3201 970 3313 1023 Kal
3359 970 3465 1040 7&9
3498 969 3566 1023 τά
3594 969 3797 1023 ἐαυτοῦ

2113 1072 2199 1120 τις
2228 1056 2426 1127 μᾶλλον
2451 1052 2614 1119 οίδεν,
2652 1055 2687 1127 ἢ
2716 1056 2786 1110 τὰ
2815 1055 3019 1127 ἐτέρων
3046 1072 3060 1087 ’
3092 1061 3189 1110 καὶ
3221 1056 3290 1111 τὰ
3327 1057 3550 1127 μείζονα
3592 1055 3797 1127 μᾶλλον

2114 1144 2257 1214 δρᾷ,
2298 1142 2430 1214 ἢτά
2464 1143 2702 1197 ἐλάττω·
2746 1142 2842 1198 zeal
2889 1143 3078 1197 ἐαυτὸν
3129 1143 3331 1214 μᾶλλον
3382 1143 3564 1212 φιλεῖ,
3620 1141 3654 1212 ἢ
3703 1140 3798 1194 τὸν

2115 1230 2365 1301 πλησίον.
2406 1230 2567 1283 Ὥστε
2626 1231 2676 1283 εἰ
2730 1230 3032 1301 κηδόμενος
3088 1233 3263 1295 ποιεῖς
3292 1270 3308 1294 ,
3372 1228 3571 1284 σαυτοῦ
3624 1228 3796 1299 κὴδου

2115 1318 2378 1389 πρότερον
2401 1356 2417 1381 ,
2450 1316 2579 1370 ἔνθα
2634 1316 2731 1371 zeal
2776 1317 3109 1389 σαφέστερον
3138 1316 3232 1371 zeal
3287 1318 3470 1389 μεῖζον
3502 1316 3565 1371 τὸ
3610 1318 3799 1388 ἀμάρ-

2113 1420 2285 1473 τημα.
2314 1403 2378 1455 Εἰ
2414 1402 2472 1456 δέ
2513 1402 2710 1457 σαυτοῦ
2759 1406 3124 1475 καταφρονεῖς
3148 1443 3164 1469 ,
3196 1401 3417 1473 εὔδηλον
3446 1404 3529 1457 ὃτι
3569 1402 3667 1457 zeal
3706 1403 3799 1457 τὸν

2113 1488 2342 1558 ἀδελφὺν
2374 1489 2421 1521 ⁷⁸
2471 1490 2533 1543 οὺ
2566 1488 2862 1559 κηδόμενος
2911 1490 3155 1561 κρίνεις,
3191 1488 3536 1559 ἀλλά“μισῶν
3576 1489 3679 1543 zeal
3705 1488 3800 1541 ἐκ-

2114 1576 2432 1650 πομπεῦσαι
2463 1576 2803 1648 βουλόμενος.
2842 1579 2906 1632 El
2954 1579 3065 1651 7&9
3097 1579 3192 1633 zeal
3242 1578 3352 1632 δέοι
3398 1576 3590 1631 τοῦτον
3618 1577 3801 1647 κρίνει

2115 1665 2261 1731 σθαι,
2294 1665 2446 1736 παρά
2472 1663 2568 1718 τοῦ
2610 1664 2776 1735 μηδὲν
2801 1664 3045 1720 τοιοῦτον
3076 1666 3513 1737 ἁμαρτάνοντος,
3544 1664 3605 1718 ού
3644 1662 3799 1734 παρὰ

2114 1752 2230 1808 σοῦ.
2265 1752 2481 1825 Ἐπειδὴ
2511 1753 2621 1824 7&9
2651 1753 2865 1824 μεγάλα
2889 1752 2986 1807 zeal
3009 1752 3193 1824 ὑψηλά
3218 1750 3535 1823 φιλοσοφίας
3567 1750 3797 1819 ἐνέθηκε

2111 1840 2388 1911 δόγματα,
2417 1839 2506 1893 ῖνα
2538 1841 2613 1911 μή
2648 1857 2732 1903 τις
2780 1839 2911 1911 λέγῃ
2932 1881 2947 1905 ,
2989 1841 3073 1895 ὃτι
3104 1839 3173 1894 τά
3205 1838 3431 1893 τοιαῦτα
3478 1837 3798 1908 φιλοσοφεῖν

2111 1926 2537 1997 λόγοιςιεῦκολον
2562 1968 2578 1995 ,
2612 1927 2781 1993 δεῖξαι
2822 1927 3144 1999 βουλόμενος
3180 1928 3281 1999 τήν
3310 1926 3631 1998 παρρησίαν
3654 1966 3671 1990 ,
3699 1925 3798 1979 zeal

2111 2015 2173 2069 τὸ
2203 2015 2394 2086 μηδενὶ
2427 2014 2534 2068 τῶν
2570 2015 2874 2086 εἰρημένων
2896 2015 3199 2069 ὑπεύθυνον
3223 2010 3366 2069 εἶναι
3390 2055 3406 2079 ,
3435 2013 3575 2068 ἀλλά
3610 2012 3797 2066 πάντα

2111 2101 2521 2173 κατορθωκέναι
2544 2143 2562 2170 ,
2601 2100 2809 2173 ταύτην
2843 2095 2966 2155 εἷπε
3013 2100 3115 2174 τὴν
3163 2100 3497 2173 παραϐολήν.
3524 2101 3636 2154 Καὶ
3679 2100 3791 2169 γάρ

2111 2189 2207 2244 zeal
2229 2189 2392 2253 αὑτὸς
2419 2189 2611 2261 ἔμελλε
2653 2190 2859 2262 κρίνειν
2884 2189 3021 2261 μετά
3050 2188 3241 2254 ταῦτα,
3258 2189 3404 2244 Οὐαί
3431 2186 3595 2255 ὑμῖν,
3612 2204 3798 2257 γραμ-

2104 2276 2314 2345 ματεῖς
2342 2276 2442 2330 καί
2490 2276 2795 2346 Φαρισαῖοι
2829 2277 3159 2346 ὑποκριταί,
3190 2275 3362 2346 λέγων
3386 2291 3402 2307 ·
3451 2274 3569 2329 ἀλλ’
3595 2275 3701 2329 οὑκ
3727 2271 3796 2345 ἦν

2112 2367 2411 2431 ὑπεύθυνος
2435 2369 2548 2431 τοῖς
2587 2368 2895 2438 εἰρημένοις
2916 2383 2929 2397 ·
2958 2366 3081 2421 οὔτε
3121 2365 3231 2437 7&9
3262 2365 3473 2437 κάρφος
3509 2363 3794 2431 ἐξέϐαλεν,

2110 2454 2235 2509 οὔτε
2262 2454 2417 2509 δοκὸν
2439 2450 2583 2526 είχεν
2609 2457 2701 2509 ἐπὶ
2724 2456 2834 2509 τῶν
2862 2455 3145 2527 ὀμμάτων,
3177 2453 3312 2507 ἀλλά
3338 2454 3557 2509 πάντων
3583 2452 3796 2507 τούτων

2112 2543 2188 2595 ῶν
2220 2541 2492 2614 καθαρὸς,
2522 2541 2666 2597 οὑτω
2695 2542 2763 2596 τά
2799 2544 3019 2598 πάντων
3046 2542 3277 2614 διώρθου
3312 2540 3794 2613 πλημμελήματα.

2112 2629 2247 2683 Ούδέ
2273 2628 2383 2703 γάρ
2425 2629 2527 2695 δεῖ,
2563 2629 2719 2701 φησὶ,
2750 2632 2956 2702 κρίνειν
2985 2629 3239 2701 ἐτέρους,
3271 2630 3400 2684 ὅταν
3432 2646 3519 2693 τις
3550 2629 3666 2683 τῶν
3699 2631 3799 2684 αὑ·-

2110 2715 2219 2770 τῶν
2252 2715 2553 2779 ὑπεύθυνος
2680 2716 2789 2769 Kal
2820 2716 2875 2770 τί
2901 2715 3204 2787 θαυμάζεις
3229 2754 3245 2779 ,
3288 2716 3337 2769 εἰ
3365 2715 3457 2769 τὸν
3481 2716 3653 2787 νόμον
3676 2716 3798 2771 τοῦ·

2110 2818 2203 2856 τον
2234 2802 2398 2867 αὑτὸς
2449 2801 2645 2874 έθηκεν
2665 2842 2681 2869 ,
2710 2802 2844 2856 ὅπου
2874 2819 2937 2871 γε
2964 2802 3059 2857 zeal
3102 2803 3131 2855 ὁ
3158 2802 3365 2875 λῃστής
3392 2802 3558 2856 αὑτὸν
3598 2803 3795 2872 ἐγίνωο

2113 2907 2244 2944 σκεν
2289 2890 2383 2943 ἐπὶ
2411 2890 2505 2945 τοῦ
2538 2889 2774 2964 σταυροῦ
2794 2930 2809 2954 ,
2865 2889 3017 2963 [287]
3048 2889 3128 2961 τῷ
3158 2889 3331 2961 ἑτέρῳ
3358 2889 3529 2961 λῃστῇ
3562 2889 3745 2958 λέγων
3773 2905 3791 2921 ο

2106 2977 2260 3031 Οὐδὲ
2300 2976 2457 3046 φοϐῇ
2509 2978 2591 3033 σὺ
2626 2978 2734 3032 τὸν
2763 2978 2932 3043 Θεὸν,
2976 2978 3067 3032 ὅτι
3104 2978 3175 3031 ἐν
3222 2976 3303 3043 τῷ
3337 2976 3499 3043 αὐτῷ
3552 2979 3794 3049 κρίματι

2111 3064 2298 3134 ἐσμεν
2316 3065 2395 3129 ",°
2422 3066 2491 3119 τὰ
2518 3066 2658 3120 αὑτὰ
2684 3066 2763 3137 τῷ
2781 3065 3001 3137 Χριστῷ
3014 3069 3258 3137 νοήματα
3279 3065 3469 3135 λέγων.
3494 3066 3571 3119 Σὺ
3604 3066 3663 3120 δὲ
3691 3066 3790 3138 τὴν

2116 3153 2213 3224 μὲν
2248 3152 2447 3207 σαυτοῦ
2495 3154 2651 3208 δοκὸν
2690 3155 2751 3208 οὑ
2788 3154 2947 3226 μόνον
2993 3155 3096 3209 οὑκ
3145 3154 3430 3219 ἐκϐάλλεις
3455 3193 3471 3219 ,
3516 3154 3638 3209 ἀλλ’
3667 3155 3790 3209 οὑδέ

2110 3243 2280 3313 δρᾷς·
2308 3241 2370 3295 τὸ
2419 3241 2475 3295 δέ
2508 3242 2698 3315 ἐτέρου
2746 3243 2958 3315 κάρφος
2987 3242 3049 3295 οὑ
3106 3243 3265 3314 μόνον
3300 3244 3471 3315 δρᾷς,
3510 3244 3652 3298 ἀλλά
3698 3244 3791 3298 zeal

2110 3327 2350 3399 κρίνεις,
2379 3329 2473 3385 zeal
2498 3322 2784 3383 ἐκϐάλλειν
2817 3330 3115 3399 ἐπιχειρεῖς
3134 3345 3148 3360 ·
3180 3330 3369 3402 ὥσπερ
3399 3329 3453 3384 εί
3480 3346 3568 3394 τις
3613 3330 3790 3401 ὑδέρῳ

2112 3416 2467 3487 συνεχόμενος
2529 3416 2795 3487 χαλεπῷ,
2850 3416 2883 3488 ἢ
2934 3418 3029 3471 zeal
3055 3419 3100 3450 "
3148 3418 3320 3490 ἐτέρῳ
3365 3416 3475 3472 τινὶ
3511 3418 3788 3488 νοσήματι

2109 3502 2315 3573 ἀνιάτῳ
2333 3542 2349 3566 ,
2380 3501 2571 3556 τούτου
2613 3504 2712 3574 μέν
2736 3503 2965 3575 άμελοίη
2992 3544 3009 3568 ,
3046 3505 3303 3576 ἐγκαλοίη
3329 3505 3387 3559 δέ
3418 3504 3594 3576 ἐτέριρ
3615 3505 3665 3535 ⁷⁸
3693 3522 3789 3573 φυ-

2112 3590 2352 3660 σήματος
2376 3588 2671 3661 ἀμελοῦντι
2701 3589 2920 3663 μικροῦ.
2954 3592 3016 3645 El
3053 3592 3109 3646 δέ
3140 3592 3309 3646 κακὸν
3350 3591 3412 3647 τὸ
3452 3592 3527 3664 μὴ
3556 3592 3695 3664 ὁρᾷν
3720 3592 3788 3645 τά

2110 3676 2306 3731 ἐαυτοῦ
2346 3677 2759 3749 ἁμαρτήματα,
2805 3678 3026 3733 διπλοῦν
3079 3681 3173 3734 zeal
3213 3680 3476 3752 τριπλοῦν
3516 3682 3691 3736 κακὸν
3727 3681 3788 3735 τὸ

2110 3767 2207 3819 zeal
2236 3765 2447 3837 ἐτέροις
2494 3767 2542 3799 ⁷⁸
2595 3766 2872 3833 δικάζειν,
2922 3768 3120 3832 αὑτοὺς
3167 3768 3490 3841 ἀναλγήτως
3532 3770 3627 3824 ἐπὶ
3675 3769 3786 3823 τῶν

2109 3850 2405 3924 ὀφθαλμῶν
2441 3854 2839 3927 περιφέροντας
2864 3856 2962 3921 τὰς
2991 3855 3199 3922 δοκούς.
3230 3857 3338 3911 Kal
3366 3857 3475 3928 7&9
3508 3857 3671 3911 δοκοῦ
3698 3858 3785 3929 βα-

2111 3936 2336 4009 ρύτερον
2364 3941 2632 4012 ἁμαρτία.

2180 4035 2252 4097 γ’.
2292 4026 2360 4084 '0
2382 4029 2562 4083 τοίνυν
2589 4028 2841 4084 ἐκέλευσε
2864 4028 2955 4085 διά
2980 4031 3091 4086 τῶν
3116 4031 3439 4104 εἰρημένων,
3460 4033 3622 4089 τοῦτό
3640 4038 3781 4106 ἐστι,

2107 4114 2201 4169 τὸν
2225 4116 2521 4171 ὑπεύθυνον
2538 4117 2669 4172 ὄντα
2690 4119 2903 4190 μυρίοις
2927 4123 3115 4184 κακοῖς
3137 4120 3213 4193 μὴ
3239 4123 3435 4194 πικρὸν
3456 4119 3595 4178 εἶναι
3625 4126 3782 4181 δικα-

2106 4203 2238 4274 στὴν
2290 4203 2399 4259 τῶν
2433 4205 2641 4276 ἑτέροις
2694 4205 3218 4279 πλημμελουμένων,
3258 4210 3353 4263 zeal
3385 4210 3623 4281 μάλιστα
3650 4214 3780 4268 ὅταν

2107 4289 2281 4362 μικρά
2304 4287 2563 4367 ταῦτα·
2587 4294 2648 4346 οὑ
2670 4293 2733 4347 τὸ
2756 4293 3024 4366 ἐλέγχειν,
3054 4295 3175 4349 οὐδὲ
3198 4295 3259 4349 τδ
3283 4296 3528 4369 διορθοῦν
3544 4299 3780 4373 ἀνατρέ-

2104 4394 2240 4443 πων,
2262 4377 2409 4457 ἀλλά
2425 4378 2487 4433 τὸ
2514 4379 2624 4435 τῶν
2655 4381 2871 4435 οἰκείων
2918 4382 3141 4454 ἀμελεῖν
3164 4383 3411 4449 κωλύων,
3463 4385 3554 4439 zeal
3580 4386 3644 4440 τὸ
3665 4390 3779 4451 τοῖς

2100 4463 2401 4536 ἀλλοτρίοις
2430 4465 2766 4523 ἐνάλλεσθαι.
2803 4470 2915 4523 Kal
2951 4469 3060 4542 7&9
3086 4472 3165 4534 εἰς
3196 4471 3441 4543 μεγάλην
3478 4473 3777 4529 ἐπιδιδόναι

2100 4552 2299 4605 κακίαν
2316 4552 2490 4607 ἐποίει
2525 4552 2705 4619 τοῦτο,
2734 4555 2927 4628 διπλῆν
2958 4558 3222 4628 πονηρίαν
3248 4559 3464 4628 εἰσάγον
3485 4560 3553 4615 ⁷⁸.
3589 4560 3650 4615 '0
3666 4562 3776 4634 7&9

2100 4638 2407 4713 μελετήσας
2436 4640 2661 4713 ἀμελεῖν
2690 4643 2788 4714 μὲν
2811 4643 2921 4700 τῶν
2947 4644 3141 4699 ἐαυτοῦ
3167 4645 3418 4715 μεγάλων
3445 4646 3637 4712 όντων,
3655 4649 3775 4715 ἐξεο

2097 4726 2282 4794 τάζειν
2302 4728 2361 4783 δέ
2406 4728 2473 4784 τά
2501 4728 2707 4802 ἐτέρων
2728 4731 2941 4803 πικρῶς
2966 4734 3136 4807 μικρά
3170 4733 3300 4788 ὄντα
3322 4733 3417 4789 zeal
3451 4735 3672 4807 εὑτελῆ,
3695 4738 3774 4791 διο

2097 4815 2204 4887 πλῇ
2238 4816 2599 4890 διεφθείρετοο
2625 4818 2705 4889 τῷ
2728 4836 2788 4873 τε
2810 4818 2920 4875 τῶν
2940 4822 3157 4876 οἰκείων
3184 4825 3566 4895 καταφρονεῖν,
3598 4825 3682 4897 τῷ
3708 4841 3770 4879 τε

2095 4900 2296 4973 ἐχθρας
2334 4904 2429 4959 zeal
2442 4906 2746 4977 ἀπεχθείας
2773 4908 2911 4979 πρὸς
2942 4908 3188 4974 ἅπαντας
3234 4911 3626 4983 ἀναδέχεσθαι,
3674 4913 3769 4967 zeal

2094 4990 2175 5052 εἰς
2206 4988 2441 5060 ἐσχάτην
2472 4991 2733 5065 ὠμότητα
2779 4994 2877 5048 zeal
2919 4995 2984 5050 τὸ
3007 4996 3333 5069 ἀωμπαθές
3357 4998 3482 5053 καθ’
3525 4999 3768 5071 ἐκάστην

2091 5073 2408 5145 ἀλείφεσθαι
2431 5077 2530 5147 τήν
2559 5078 2791 5151 ἡμέραν.
2825 5082 2992 5137 Ταῦτ’
3036 5080 3130 5139 οὖν
3159 5084 3378 5140 ἅπαντα
3423 5086 3631 5141 ἀνελὼν
3675 5087 3767 5142 διά

332 5162 658 5232 Ὑποκριτά.
700 5164 776 5218 Οὑ
800 5164 910 5237 7&9
945 5164 1265 5236 κηδεμονίας
1293 5166 1326 5235 ἡ
1353 5165 1577 5237 τοιαύτη
1606 5165 1785 5236 ψῆφος
1808 5206 1824 5231 ,
1857 5166 1992 5222 ἀλλά
2091 5164 2191 5235 τῆς
2222 5164 2396 5236 καλῆς
2426 5166 2627 5237 ταύτης
2668 5170 2990 5241 νομοθεσίας
3017 5211 3033 5236 ,
3073 5173 3320 5244 ἐπήγαγε
3362 5172 3525 5228 πάλιν
3572 5173 3763 5244 ἕτερον

324 5248 735 5320 μισανθρωπίας
772 5252 927 5306 ἐστί’
961 5253 1426 5331 καὶίπροσωπεῖον
1458 5251 1558 5322 μέν
1583 5251 1991 5324 φιλανθρωπίας
2090 5252 2480 5324 παράγγελμα,
2536 5254 2707 5324 λέγων
2729 5274 2744 5289 ·
2781 5257 2881 5328 Μὴ
2940 5257 3090 5314 δῶτε
3123 5260 3194 5315 τὰ
3238 5261 3377 5331 ἅγια
3413 5264 3538 5327 τοῖς
3576 5261 3722 5315 κυσί
3742 5301 3760 5327 ,

320 5331 705 5403 προϐάλλεται,
740 5333 901 5407 ἔργον
926 5337 983 5390 δὲ
1018 5326 1252 5408 ἐσχάτης
1273 5336 1538 5407 πονηρίας
1568 5336 1783 5408 πληροῖ.
1810 5337 1987 5408 ὀνείδη
2083 5339 2470 5410 μηδέρίψητε
2491 5342 2632 5410 τοὺς
2648 5326 3015 5416 μαργαρίτας
3036 5348 3083 5380 ’⁸
3102 5326 3442 5417 ἔμπροσθεν
3474 5326 3592 5402 τῶν
3630 5326 3760 5416 lbi?

318 5420 545 5490 περιττά
564 5420 657 5476 zeal
677 5421 996 5493 ἐγκλήματα
1012 5424 1470 5496 προστριϐόμενος
1493 5428 1603 5489 τοῖς
1626 5425 1874 5496 πλησίον,
1891 5427 1987 5480 zeal
2083 5444 2229 5496 ρων.
2260 5429 2520 5499 Καίτοιγε
2550 5430 2775 5502 προῖὼν,
2813 5434 2978 5505 φησὶν
3010 5436 3078 5503 ⁷⁷,
3113 5436 3397 5489 ἐκέλευσεν
3422 5451 3437 5466 ⁸
3479 5437 3548 5489 Ὃ
3576 5435 3759 5503 ﬁxae!!-

390 5550 876 5626 ⁶¹.ῖ9ἓις],καὶ,τοὺς
900 5553 973 5626 ιε’..
1038 5556 1082 5587 ι’
1108 5574 1242 5626 ιατη

1247 5558 1429 5639 γορεῖν
1448 5556 1593 5639 8:1).
1619 5555 1766 5639 F._p_.
1789 5574 1843 5639 Ε
1870 5557 2013 5639 οὑ.με

2186 5629 2198 5639 _
2254 5560 2299 5591 “
2321 5561 2662 5639 παραδώσεις
2684 5563 2846 5639 Egd._
2897 5565 2943 5639 ξε
2968 5565 3057 5622 Sic
3078 5566 3342 5639 7E.rvnlgo
3373 5566 3754 5639 διορθώσομαι.

317 5620 365 5708 1:
390 5621 535 5708 ορδὲι
565 5620 634 5708 ἀει
655 5622 990 5708 Anno-.20:
1016 5625 1125 5708 tép
1158 5620 1291 5708 περι
1316 5620 1447 5707 (οη).
1478 5620 1755 5708 amas)
1790 5620 1899 5708 ιι
1935 5620 2104 5708 εεοει
2138 5620 2696 5708 χάρμαιθεολλοιγξν
2719 5633 2962 5708 ς-,υηιι
2986 5620 3098 5691 κω
3117 5620 3228 5708 χάρ
3253 5620 3345 5690 πέει
3368 5620 3467 5691 εδ
3485 5620 3668 5708 me:
3688 5620 3753 5708 A;

318 5691 362 5779 ξς
391 5691 488 5779 τῆς
508 5691 959 5779 άπολργίαςβόὀ.
1023 5691 1305 5779 δ”-καὶξιά
1326 5691 1489 5779 ’τοῦτο
1509 5695 1569 5751 C.
1602 5696 1683 5779 διὸ
1706 5691 1830 5779 ,κα-ἰζ
1859 5698 1967 5779 Ε.“

2180 5691 2437 5779 κλεῖν-ξ’.-
2483 5703 2960 5779 ξοάδελφὸνλεᾱιί.
2992 5691 3253 5779 ωσεᾳὶι.
3327 5709 3373 5779 τι
3397 5702 3668 5779 ισμινλεῐ
3688 5707 3751 5779 1}.

388 5760 481 5847 zeal
500 5760 699 5847 θριξὶ.
732 5765 856 5847 tele
875 5780 985 5847 οφ.
1009 5763 1159 5847 A._F.
1185 5767 1247 5847 _'_’
1273 5766 1445 5837 ἑτέρῳ
1475 5780 1585 5847 οιη.
1902 5766 1972 5847 ,⁷⁸

2180 5786 2224 5847 [ς
2251 5767 2389 5823 Edd.
2417 5760 3040 5847 éggpoucze'aramzedaw
3063 5776 3126 5847 Ε.
3150 5760 3652 5847 νὶ³-ιεὶσάγίιηῖίῖῘΙὶ,
3686 5760 3748 5847 ξ.

318 5838 373 5885 οι
408 5846 489 5901 pr.
525 5833 585 5890 Β.
618 5833 1122 5895 Correxit‘Monlcf.
1185 5836 1232 5870 "
1259 5833 1628 5911 μαργαρίτας]
1658 5837 1781 5895 add.
1815 5835 1969 5910 ὑμῶν
2005 5836 2013 5892 1

2180 5837 2383 5912 Mosqq.
2459 5833 2696 5913 τ”φηοὶν
2721 5859 2829 5901 om.
2856 5845 2918 5902 Δ.
2939 5833 3148 5923 προῖὼν
3180 5833 3455 5916 ἐκέλευσε,
3478 5847 3650 5918 λέγων
3682 5845 3739 5903 Ε
