3868 6182
174 264 273 319 309

173 375 325 431 celet
346 415 365 441 ,
408 388 508 430 nec
534 387 641 429 non
671 388 765 428 eos
789 372 877 444 qui
923 372 1321 429 innumerorum
1345 373 1424 429 rei
1453 373 1715 429 malorum
1739 413 1756 442 ,

172 466 423 523 innoxios
454 463 876 520 criminabantur
906 480 919 517 :
955 463 1009 518 id
1047 464 1188 534 quod
1213 464 1377 519 etiam
1405 464 1490 519 hic
1517 462 1760 520 Christus

166 556 562 627 gnbindieavit,
596 570 698 612 nec
743 553 904 610 modo
929 554 1305 634 subindieavit,
1333 556 1430 613 sed
1458 565 1513 612 et
1534 556 1758 613 multum

166 648 399 703 incussit
434 649 708 714 timorem,
734 645 1029 717 indixitque
1057 647 1377 716 supplicium
1429 647 1754 703 inevitabile.

168 738 222 792 2.
250 737 322 794 In
346 755 449 809 quo
474 740 610 795 enim
630 738 848 810 judicio,
877 738 1079 808 inquit,
1104 738 1473 809 judicaveritis,
1495 739 1759 809 judicabi-

170 842 251 884 tur
273 832 340 886 de
364 832 525 888 wbis.
572 831 689 885 Non
714 831 854 886 enim
887 829 1038 885 illum
1078 828 1423 898 condemnas,
1449 830 1636 901 inquit,
1661 829 1759 886 sed

169 922 425 990 teipsum,
455 930 510 977 et
539 919 931 976 formidandum
951 919 1047 975 tibi
1079 934 1235 990 paras
1253 918 1507 986 tribunal,
1537 931 1758 977 accura-

170 1012 473 1082 tioremque
541 1010 869 1067 reddendam
943 1010 1228 1066 rationem.
1298 1009 1756 1077 Quemadmodum

169 1103 310 1157 enim
362 1103 418 1157 in
470 1102 791 1158 remissione
839 1108 1205 1171 peccatorum,
1236 1099 1499 1171 principia
1545 1115 1575 1154 a
1603 1100 1758 1156 nobis

169 1202 445 1263 petuntur,
478 1194 556 1250 sic
576 1193 702 1248 etin
728 1191 831 1247 hoc
855 1190 1076 1261 judicio,
1107 1190 1466 1245 damnationis
1493 1204 1758 1246 mensurae

169 1298 444 1358 ponuntur
471 1302 504 1341 a
533 1287 708 1342 nobis.
757 1285 872 1340 Non
917 1285 1060 1340 enim
1087 1283 1410 1354 exprobrare
1436 1291 1648 1354 oportet
1675 1282 1756 1339 vel

168 1378 454 1445 insultare,
476 1377 573 1435 sed
592 1378 882 1434 admonere
908 1392 921 1429 :
950 1391 1057 1432 non
1087 1375 1425 1441 maledicere,
1452 1375 1545 1432 sed
1571 1374 1755 1432 consi~

170 1471 299 1526 lium
344 1472 481 1527 dare
508 1488 523 1525 :
550 1485 661 1527 nec
687 1477 1002 1540 arroganter
1022 1467 1297 1539 insurgere
1314 1507 1337 1535 ,
1368 1466 1462 1524 sed
1483 1481 1605 1522 cum
1623 1466 1760 1522 dile-

170 1565 351 1620 ctione
402 1564 696 1634 corrigere.
742 1561 858 1617 Non
903 1561 1048 1619 enim
1094 1559 1270 1625 illum,
1312 1559 1408 1616 sed
1438 1567 1491 1617 te
1514 1569 1757 1616 extremo
1822 1564 1829 1572 ‘

170 1655 346 1711 trades
373 1654 661 1725 supplicio,
688 1652 814 1709 dum
841 1667 946 1708 non
970 1651 1144 1723 parcis
1168 1650 1244 1707 illi
1264 1648 1483 1721 quando
1508 1648 1750 1720 oportuit

169 1746 234 1802 de
256 1746 401 1801 illius
426 1745 636 1802 delictis
659 1745 798 1800 ferre
817 1744 1157 1800 sententiam.

233 1838 289 1892 2.
317 1837 509 1894 Viden‘
526 1835 792 1908 quomodo
822 1836 936 1891 haec
960 1834 1070 1890 duo
1090 1840 1353 1904 praecepta
1374 1842 1430 1890 et
1459 1832 1595 1889 levia
1623 1830 1748 1897 sint,

169 1942 221 1988 et
246 1946 565 2004 magnorum
611 1927 1028 2000 obsequentibus
1055 1942 1231 1984 causa
1277 1927 1559 1990 bonorum,
1610 1935 1669 1980 ut
1699 1932 1756 1981 et

171 2023 434 2078 malorum
478 2036 586 2078 non
629 2017 1075 2076 attendentibus?
1114 2018 1246 2073 Nam
1286 2026 1341 2073 et
1380 2019 1470 2088 qui
1510 2017 1755 2088 proximo

169 2114 407 2182 dimittit,
434 2129 497 2170 se
526 2113 694 2184 magis
731 2126 890 2182 quam
917 2111 1067 2166 illum
1097 2109 1215 2165 sine
1238 2110 1347 2165 ullo
1373 2109 1554 2164 labore
1592 2107 1755 2164 reati-

168 2206 262 2262 bus
289 2206 527 2270 liberat;
558 2213 614 2259 et
641 2203 731 2274 qui
760 2201 1097 2272 indulgenter
1125 2208 1341 2270 peccata
1368 2199 1594 2255 aliorum
1625 2213 1755 2255 exa-

168 2301 334 2357 minat
362 2340 380 2365 ,
430 2314 679 2367 magnum
732 2296 830 2352 sibi
878 2295 1054 2351 venire
1107 2294 1323 2351 lmaus'
1355 2310 1419 2348 ex
1466 2293 1555 2348 tali
1591 2293 1755 2348 allato

168 2392 377 2448 mlculo
406 2400 578 2460 parat.
609 2375 748 2457 Quid
778 2387 956 2458 igitur,
988 2386 1219 2456 inquies,
1246 2388 1292 2441 si
1321 2385 1608 2441 fornicatus
1637 2385 1753 2439 fue-

168 2486 233 2541 rit
255 2484 280 2538 ?
304 2500 417 2539 non
440 2482 614 2538 dicam
640 2480 831 2536 malam
854 2495 965 2535 rem
987 2494 1108 2535 esse
1134 2479 1553 2542 fornicationem,
1580 2490 1755 2547 neque

168 2576 457 2647 corripiam
503 2572 917 2631 lascivientem?
950 2571 1177 2643 Corripe
1222 2570 1459 2642 quidem,
1506 2568 1599 2626 sed
1647 2584 1752 2625 non

169 2678 223 2722 ut
265 2666 444 2721 hostis
485 2665 569 2720 vel
607 2663 857 2719 inimicus
904 2662 1163 2718 ultionem
1207 2676 1524 2732 exposcens,
1572 2659 1667 2717 sed
1698 2669 1756 2716 ut

168 2759 409 2815 medicus
444 2754 684 2813 remedia
726 2767 1012 2826 apparens.
1060 2751 1246 2823 Neque
1289 2751 1431 2808 enim
1478 2751 1631 2820 dixit,
1676 2749 1755 2807 Ne

168 2850 425 2906 cohibens
472 2854 806 2919 peccantem,
855 2844 974 2911 sed,
1022 2842 1101 2901 Ne
1142 2842 1480 2914 judices:id
1517 2851 1621 2909 est,
1675 2841 1755 2900 Ne

168 2943 394 2998 acerbus
416 2940 491 2997 sis
515 2938 700 3009 judex.
726 2938 978 3008 Alioquin
1006 2946 1183 2993 autem
1207 2952 1313 2992 non
1342 2935 1411 2992 de
1434 2935 1638 3007 magnis
1663 2950 1754 2992 re-

168 3034 266 3090 bus
288 3043 383 3090 aut
407 3032 714 3104 prohibitis,
745 3029 951 3097 utdixi,
981 3029 1076 3086 sed
1096 3029 1167 3087 de
1193 3028 1259 3084 iis
1285 3043 1405 3100 qua:
1434 3044 1540 3084 non
1572 3027 1757 3085 viden-

171 3135 253 3181 tur
272 3141 401 3181 esse
416 3124 670 3191 crimina,
699 3122 804 3178 hoc
828 3121 1030 3177 dictum
1059 3120 1179 3176 fuit.
1211 3119 1567 3190 Quamobrem
1604 3120 1755 3176 dice-

170 3217 255 3273 bat
281 3236 298 3273 :
325 3218 382 3273 5.
408 3215 550 3284 Quid
562 3216 699 3272 vides
716 3218 960 3285 festucam
972 3214 1027 3268 in
1040 3213 1187 3269 oculo
1206 3213 1381 3284 fratris
1411 3214 1484 3269 tui
1502 3213 1530 3268 2
1548 3214 1754 3269 Etenim

169 3308 320 3363 multi
370 3322 522 3364 nunc
560 3306 615 3362 id
658 3305 894 3373 faciunt,
945 3305 1041 3377 qui
1081 3305 1129 3361 si
1163 3304 1392 3361 viderint
1433 3304 1755 3361 monachum

168 3398 444 3469 superﬂuo
498 3397 691 3454 vestitu
750 3396 991 3453 indutum
1021 3436 1037 3462 ,
1085 3395 1257 3467 legem
1313 3395 1389 3452 illi
1435 3396 1757 3453 dominicam

168 3489 465 3560 objiciunt,
492 3489 620 3545 licet
644 3487 742 3558 ipsi
768 3486 930 3544 millia
957 3486 1258 3557 abripiant,
1306 3501 1371 3544 ac
1409 3487 1650 3557 quotidie
1676 3489 1760 3544 di-

168 3584 324 3639 vitias
363 3580 752 3638 accumulent:
792 3589 848 3636 et
889 3580 937 3636 si
974 3577 1204 3635 viderint
1227 3578 1457 3650 largiore
1497 3580 1575 3636 uti
1600 3579 1755 3649 cibo,

169 3672 346 3730 acerbi
374 3673 579 3728 instant
604 3678 963 3737 accusatores,
995 3670 1123 3727 licet
1139 3671 1376 3742 quotidie
1399 3670 1498 3742 ipsi
1524 3671 1759 3743 crapulm

169 3774 220 3818 et
242 3762 493 3819 ebrietati
523 3761 908 3832 dentoperam,
937 3761 1245 3833 ignorantes
1276 3777 1336 3819 se
1368 3762 1600 3833 propriis
1618 3779 1758 3819 onu-

170 3864 279 3909 stos
307 3852 566 3924 peccatis,
603 3852 859 3922 majorem
898 3850 1024 3908 hinc
1045 3852 1147 3909 sibi
1168 3851 1344 3924 ignem
1376 3853 1630 3925 colligere
1651 3895 1667 3921 ,
1694 3868 1759 3911 ac

170 3961 288 4003 sese
314 3946 468 4002 omni
500 3946 843 4003 excusatione
868 3946 1098 4017 privare.
1130 3945 1280 4015 Quod
1319 3947 1461 4003 enim
1486 3956 1575 4003 tua
1604 3962 1761 4004 accu-

172 4051 283 4097 rate
310 4041 425 4097 sint
462 4040 845 4106 examinanda,
878 4049 935 4095 tu
960 4040 1107 4110 prius
1137 4039 1274 4095 hanc
1298 4039 1469 4111 legem
1499 4041 1718 4110 posuisti
1739 4080 1755 4106 ,

171 4146 289 4186 cum
319 4131 392 4186 ita
409 4130 477 4186 de
498 4130 739 4200 proximo
761 4139 852 4186 tuo
865 4130 1133 4202 judicasti.
1156 4129 1233 4186 Ne
1256 4130 1433 4201 itaque
1453 4130 1578 4187 illud
1597 4146 1760 4203 grave

174 4236 295 4278 esse
336 4223 617 4279 existimes
639 4262 655 4288 ,
695 4222 743 4278 si
788 4221 925 4278 tales
954 4231 1010 4277 et
1052 4220 1167 4292 ipse
1204 4236 1390 4293 pinnas
1415 4220 1635 4280 daturus
1661 4224 1756 4280 sis.

174 4314 227 4369 5.
264 4312 589 4386 Hypom'ta,
634 4313 761 4385 ejice
806 4314 971 4383 primo
1000 4313 1190 4368 trabem
1218 4328 1283 4367 ea:
1326 4313 1473 4369 oculo
1502 4324 1609 4369 tuo.
1660 4316 1759 4372 llic

176 4407 307 4465 iram
346 4407 465 4463 vult
508 4406 763 4463 exhibere
800 4406 1118 4478 plurimam,
1163 4422 1323 4478 quam
1359 4409 1594 4478 concipit
1629 4425 1758 4483 erga

176 4497 288 4554 illos
326 4497 420 4569 qui
471 4496 563 4551 tali
607 4511 668 4553 se
703 4504 896 4567 gerunt
936 4495 1117 4553 modo.
1148 4496 1280 4553 Nam
1322 4501 1760 4572 quotiescumque

174 4590 282 4644 vult
317 4587 608 4644 ostendere
644 4602 892 4659 magnum
937 4601 1059 4643 esse
1090 4596 1361 4657 peccatum
1383 4627 1400 4657 ,
1432 4588 1759 4661 multamque

178 4694 384 4749 pinnam
411 4687 469 4735 et
494 4678 753 4735 ultionem
782 4677 882 4749 ipsi
911 4686 1170 4749 paratam,
1201 4693 1231 4734 a
1260 4679 1502 4736 convicio
1527 4680 1755 4737 orditur.

177 4768 639 4837 Quemadmodum
675 4776 732 4825 et
754 4776 940 4824 contra
965 4768 1116 4824 illum
1141 4768 1230 4839 qui
1264 4779 1480 4826 centum
1509 4771 1761 4830 denarios

176 4861 452 4931 exigebat,
487 4863 776 4931 indignans
820 4858 1030 4916 dicebat
1076 4876 1091 4915 :
1134 4858 1291 4916 Serve
1336 4876 1566 4931 nequam,
1614 4878 1762 4920 omne

179 4952 393 5007 debitum
413 4952 550 5006 illud
588 4950 760 5005 dimisi
799 4951 888 5006 tibi
917 4950 1138 5021 (Matth.
1172 4952 1259 5008 18.
1284 4951 1355 5008 52
1379 4951 1399 5025 )
1427 4971 1442 5009 :
1474 4954 1551 5010 sic
1578 4964 1633 5011 et
1656 4956 1762 5014 hoc

182 5044 293 5100 luco
340 5043 500 5109 dicit,
551 5042 853 5113 Hypocrita.
901 5043 1017 5099 Non
1059 5045 1202 5100 enim
1245 5060 1427 5101 curam
1463 5049 1600 5117 aequi
1645 5048 1762 5107 haec

180 5137 439 5192 sententia
487 5138 736 5202 exhibet,
786 5136 882 5193 sed
929 5136 1409 5205 inhumanitatem;
1461 5151 1517 5196 et
1556 5142 1757 5199 larvam

180 5228 386 5295 quidem
419 5227 770 5283 humanitatis
795 5243 908 5290 orre
935 5242 995 5283 se
1016 5228 1139 5296 fert,
1171 5230 1628 5289 extremam‘vero
1666 5250 1761 5291 ne-

182 5319 394 5386 quitiam
435 5328 688 5382 exercet,
734 5319 860 5373 dum
892 5318 1158 5388 superﬂua
1201 5321 1449 5391 proximo
1474 5326 1761 5395 Opprobria

182 5415 333 5478 atque
370 5408 598 5465 crimina
642 5407 869 5479 afﬁngit,
916 5417 971 5464 et
1018 5411 1195 5465 locum
1238 5412 1474 5483 magistri
1517 5415 1756 5487 invadit,

183 5501 265 5569 qui
324 5516 433 5557 non
476 5501 669 5573 dignus
728 5513 811 5557 est
854 5516 976 5559 esse
1024 5503 1313 5574 discipulus
1352 5522 1368 5560 :
1408 5509 1757 5578 quamobrem

185 5592 507 5663 hypsei-itam
538 5594 689 5651 illum
709 5594 938 5651 vocavit.
968 5594 1097 5649 Nam
1120 5595 1209 5667 qui
1237 5596 1290 5652 in
1310 5596 1498 5656 alienis
1519 5598 1590 5657 ita
1618 5616 1759 5661 acer-

242 5704 259 5736 ¹
290 5703 401 5772 Alii,
420 5718 646 5771 magnam
667 5704 762 5760 sibi
777 5705 925 5759 vertite
946 5704 1260 5772 largitionem.

1130 258 1197 315 1N
1235 257 1637 317 ΜΛΤΤΗίΕυΜ
1678 257 1905 317 HOMIL.
1950 258 2118 315 XXIII
2166 264 2236 317 al.
2282 264 2465 320 XXIV.

3354 278 3456 333 510

1872 373 1971 429 bus
1994 390 2071 441 es,
2116 385 2174 431 ut
2198 377 2360 434 etiam
2401 380 2587 450 exigua
2616 383 2794 440 videas
2815 425 2828 449 ,
2859 391 3124 457 quomodo
3169 393 3217 446 in
3253 372 3355 448 tuis
3384 398 3453 450 ita

1867 467 2140 536 negligens
2166 468 2333 536 fuisti,
2368 479 2425 526 ut
2448 473 2607 528 etiam
2633 490 2820 546 magna
2841 488 3232 540 transcurreres
3259 488 3282 539 ?
3310 487 3456 559 Ejire

1870 559 2089 626 primum
2132 561 2323 616 trabem
2352 563 2416 618 de
2443 566 2591 619 oculo
2618 575 2723 621 tuo.
2768 568 3117 642 \‘iden’qund
3162 591 3267 631 non
3310 589 3453 634 vetet

1862 649 2123 719 judicare,
2150 653 2245 709 sed
2269 653 2457 724 jubeat
2483 657 2711 726 primum
2742 659 2940 730 ejicere
2970 664 3173 721 trabem
3203 684 3268 722 cx
3296 670 3453 724 oculo

1868 748 1978 806 tuo,
2008 752 2061 796 et
2093 752 2218 800 tunc
2258 745 2483 801 aliorum
2508 758 2682 804 errata
2709 752 2997 822 con-igere.
3028 754 3159 811 Nam
3185 773 3280 813 sua
3306 762 3456 829 quis~

1865 845 1970 901 que
1999 833 2170 903 magis
2214 835 2360 915 novit
2391 852 2549 906 quam
2591 838 2762 895 aliena
2785 883 2800 908 ,
2836 852 2891 897 et
2934 844 3133 915 majora
3165 847 3309 903 videt
3335 850 3453 919 plus

1864 934 2022 1009 quam
2050 924 2291 989 minora,
2330 941 2496 998 seque
2538 930 2707 1000 magis
2752 944 2897 988 amat
2926 951 3084 1005 quam
3124 941 3448 1009 proximum.

1864 1008 2047 1083 Itaque
2068 1013 2113 1069 si
2135 1029 2315 1071 curam
2338 1032 2531 1088 gerens
2558 1020 2609 1075 id
2642 1020 2794 1091 facis,
2825 1026 2895 1080 tui
2923 1041 3104 1083 curam
3126 1008 3250 1099 gere
3279 1037 3445 1103 prius,

1863 1103 1953 1158 ubi
1980 1114 2035 1159 et
2054 1105 2248 1163 clarius
2270 1117 2327 1163 et
2370 1109 2542 1181 majus
2567 1121 2651 1168 est
2682 1125 2977 1184 peccatum.
3009 1118 3159 1186 Quod
3183 1123 3227 1177 si
3259 1132 3449 1179 temet-

1863 1198 2035 1267 ipsum
2072 1201 2372 1258 contemnis
2394 1244 2408 1269 ,
2440 1205 2615 1273 palam
2664 1216 2747 1262 est
2799 1217 2853 1264 te
2896 1225 3000 1265 non
3033 1212 3153 1268 ideo
3179 1216 3249 1271 de
3285 1216 3449 1274 fratre

1864 1298 1952 1344 tuo
1974 1288 2218 1361 judicare
2235 1333 2250 1359 ,
2293 1295 2435 1365 quod
2458 1295 2574 1366 ejus
2602 1313 2787 1355 curam
2810 1316 2967 1372 geras
2987 1344 3002 1368 ,
3034 1304 3130 1360 sed
3154 1310 3295 1377 quod
3322 1309 3447 1365 odio

1863 1381 2062 1441 habeas
2102 1395 2158 1441 et
2191 1384 2468 1444 dill'amare
2506 1389 2657 1445 velis.
2697 1391 2753 1447 Si
2782 1395 2926 1449 enim
2966 1406 3213 1466 oporteat
3240 1400 3309 1455 de
3355 1400 3446 1456 illo

1855 1471 2103 1542 judicari,
2152 1475 2221 1531 ab
2264 1493 2331 1533 eo
2358 1478 2619 1549 judicium
2668 1480 2975 1555 ferendum,
3029 1491 3118 1557 qui
3168 1488 3299 1548 nihil
3341 1492 3447 1546 tale

1859 1566 2165 1637 commisit,
2206 1584 2312 1626 non
2357 1586 2389 1627 a
2436 1583 2507 1629 te.
2545 1574 2678 1642 Quia
2718 1577 3089 1651 enimrmagna
3116 1590 3171 1638 et
3199 1583 3444 1641 sublimia

1859 1659 2039 1729 posuit
2061 1660 2411 1733 philosophias
2448 1665 2694 1737 dogmata
2712 1709 2726 1735 ,
2759 1684 2828 1726 ne
2852 1672 2972 1742 quis
2999 1672 3232 1740 diceret,
3261 1676 3313 1731 in
3341 1678 3444 1733 illis

1857 1765 2107 1808 sermone
2148 1752 2519 1825 philosophari
2549 1758 2707 1815 facile
2731 1776 2853 1817 esse
2872 1802 2888 1829 ,
2919 1772 2977 1819 ut
3011 1763 3236 1821 fidenter
3262 1778 3445 1823 osten-

1857 1843 1983 1912 dat,
2014 1858 2075 1902 se
2098 1846 2151 1901 in
2178 1861 2338 1918 supra
2364 1848 2627 1905 dictorum
2657 1852 2805 1907 nullo
2824 1855 3016 1911 rationi
3041 1857 3324 1914 reddendte
3346 1860 3444 1915 ob-

1858 1935 2077 1991 noxium
2099 1951 2220 1994 esse
2241 1979 2259 2005 ,
2286 1938 2380 1995 sed
2402 1940 2580 1995 omnia
2605 1941 2899 2020 perfecisse
2931 1946 3105 2003 :lianc
3134 1950 3439 2018 parabolam

1856 2023 2016 2081 dixit.
2065 2026 2199 2083 Nam
2249 2029 2364 2098 ipse
2403 2046 2619 2102 quoque
2668 2043 2852 2104 postea
2891 2046 3007 2092 erat
3050 2039 3384 2108 judicaturus
3424 2061 3441 2097 :

1868 2118 1956 2174 νω
1970 2120 2125 2188 vobis,
2143 2122 2321 2177 scribae
2335 2132 2381 2177 et
2403 2122 2658 2180 Pharisaei
2677 2126 2953 2198 hypocrita:
2976 2128 3190 2199 (Matth.
3213 2133 3302 2187 25.
3324 2135 3441 2205 Η),

1858 2208 2030 2279 inquit
2057 2224 2072 2275 ;
2101 2219 2154 2265 at
2184 2211 2275 2267 ille
2301 2228 2405 2268 non
2429 2223 2547 2270 erat
2581 2215 2708 2283 illis,
2737 2232 2858 2288 quae
2882 2219 3112 2285 dicebat,
3140 2222 3439 2279 obnoxius:

1859 2313 2031 2368 neque
2057 2300 2198 2355 enim
2227 2300 2484 2359 festucam
2511 2304 2758 2374 ejecerat,
2801 2324 2976 2380 neque
3003 2311 3205 2368 trabem
3236 2314 3289 2368 in
3315 2329 3445 2369 ocu-

1857 2391 1925 2446 lis
1955 2392 2187 2449 habebat
2218 2412 2234 2459 ;
2266 2394 2360 2451 sed
2390 2396 2443 2451 in
2472 2396 2557 2452 his
2583 2400 2832 2455 omnibus
2861 2400 3045 2457 insons
3069 2415 3118 2459 et
3150 2419 3336 2473 purus,
3364 2407 3445 2462 sic

1855 2485 2095 2540 omnium
2135 2495 2349 2556 peccata
2389 2489 2709 2561 corrigebat.
2739 2490 2922 2562 Neque
2947 2495 3089 2549 enim
3118 2495 3277 2552 debet
3303 2498 3348 2552 is
3374 2497 3444 2553 de

1856 2576 2065 2631 ceteris
2102 2575 2361 2646 judicare,
2385 2580 2474 2651 qui
2502 2580 2689 2636 iisdem
2718 2582 2887 2653 culpis
2917 2583 3029 2655 ipse
3054 2588 3125 2643 sit
3152 2588 3432 2645 obnoxius.

1860 2668 1929 2723 Et
1955 2668 2082 2741 quid
2110 2670 2341 2737 miraris,
2368 2672 2413 2728 si
2438 2672 2574 2729 hanc
2606 2673 2722 2745 ipse
2741 2674 2912 2747 legem
2940 2681 3197 2748 posuerit,
3228 2683 3443 2751 quando

1857 2761 1997 2817 latro
2024 2760 2078 2816 in
2105 2776 2266 2819 cruce
2311 2762 2483 2833 ipsam
2512 2766 2758 2836 agnovit,
2787 2782 2907 2822 cum
2937 2768 3095 2825 alteri
3127 2770 3318 2827 latroni
3350 2772 3439 2828 di-

1856 2861 2006 2909 ceret
2031 2869 2049 2910 :
2079 2852 2258 2922 Neque
2290 2863 2347 2908 tu
2370 2856 2515 2910 times
2551 2856 2717 2912 Deum
2749 2874 2768 2913 :
2792 2860 2929 2931 quod
2953 2877 3044 2916 nos
3069 2862 3121 2917 in
3150 2864 3327 2920 eadem
3346 2866 3443 2920 da-

1858 2946 2115 3002 mnatione
2129 2963 2303 3003 sumus
2324 2946 2476 3021 (Luc.
2497 2946 2587 3005 23.
2616 2948 2708 3021 40)
2740 2968 2753 3005 :
2781 2950 3286 3030 Christiscntentiai
3307 2972 3442 3013 con-

1856 3052 1989 3094 sona
2018 3037 2247 3095 dicens?
2287 3040 2366 3095 Tu
2400 3056 2530 3098 vero
2570 3042 2773 3099 trabem
2813 3052 2958 3100 tuam
2998 3061 3106 3101 non
3146 3048 3304 3103 modo
3334 3065 3442 3105 non

1856 3130 2039 3203 ejicis,
2085 3132 2181 3188 sed
2221 3147 2289 3188 ne
2329 3133 2477 3190 vides
2517 3134 2734 3205 quidem
2762 3151 2778 3201 ;
2805 3135 2985 3192 fratris
3029 3153 3159 3194 vero
3189 3138 3442 3197 festucam

1858 3238 1966 3278 non
1996 3224 2156 3280 modo
2184 3224 2364 3291 vides,
2392 3226 2487 3282 sed
2517 3227 2748 3297 iudicas,
2792 3228 3041 3299 illamque
3070 3230 3264 3301 ejicere
3282 3246 3445 3288 cona-

1859 3314 1935 3369 ris
1964 3331 1977 3368 :
2004 3329 2069 3371 ac
2100 3316 2148 3371 si
2178 3317 2299 3387 quis
2326 3326 2417 3373 aut
2441 3317 2734 3390 bydmpisi,
2767 3329 2861 3374 aut
2883 3321 2989 3376 alio
3015 3323 3202 3384 morbo
3228 3321 3445 3380 incura-

1860 3403 1953 3460 bili
1974 3405 2262 3463 admodum
2302 3408 2586 3475 laborans,
2616 3409 2667 3465 id
2698 3411 3027 3481 negligeret.
3070 3414 3445 3487 incusaretqne

1859 3496 2019 3553 alium
2047 3499 2136 3569 qui
2168 3500 2338 3557 levem
2373 3501 2605 3572 aliquem
2650 3510 2914 3559 tumorem
2955 3520 3060 3560 non
3100 3519 3333 3564 curaret.
3385 3509 3441 3564 Si

1860 3605 1992 3649 vero
2025 3593 2225 3649 malum
2263 3602 2349 3650 est
2374 3609 2468 3650 sua
2509 3604 2724 3665 peccata
2753 3610 2859 3650 non
2886 3596 3095 3663 videre,
3124 3598 3317 3669 duplex
3350 3600 3444 3655 tri-

1860 3688 2091 3758 plexque
2110 3688 2308 3745 malum
2336 3696 2420 3744 est
2444 3688 2516 3745 de
2544 3689 2665 3744 aliis
2683 3688 2924 3757 judicare
2942 3703 3056 3756 eos,
3080 3692 3170 3762 qui
3191 3692 3306 3748 sine
3333 3693 3445 3749 ullo

1861 3777 2061 3835 doloris
2086 3794 2247 3836 sensu
2278 3781 2459 3837 trabes
2483 3781 2536 3835 in
2574 3780 2742 3837 oculis
2764 3780 2880 3837 suis
2900 3792 3132 3853 gestant.
3160 3783 3445 3842 Peccatum

1861 3872 2056 3943 quippe
2076 3872 2226 3930 trahe
2248 3874 2461 3945 gravius
2488 3882 2590 3931 est.

1932 3968 1987 4023 5.
2026 3963 2258 4021 Christus
2285 3983 2387 4022 non
2411 3976 2541 4023 vetat
2570 3967 2701 4023 alios
2739 3984 2981 4040 arguere,
3009 3969 3099 4025 sed
3124 3971 3248 4042 quid
3272 3972 3445 4027 uetat?

1864 4058 2179 4129 Explanatio
2228 4059 2387 4124 illius,
2414 4059 2587 4116 Nolite
2639 4060 2769 4116 dare
2816 4071 2999 4116 sancta
3048 4064 3303 4130 canibus,
3342 4077 3440 4118 etc.
3544 4052 3552 4059 ’

1865 4150 2113 4222 Mysteria
2150 4167 2244 4205 cur
2269 4151 2449 4222 januis
2485 4151 2673 4206 clausis
2698 4151 3083 4206 celebrarentur.
3118 4153 3317 4209 —ﬂoc
3344 4154 3443 4224 igi»

1864 4250 1950 4298 tur
1976 4257 2071 4314 per
2095 4258 2156 4298 ea
2186 4259 2305 4313 qua:
2332 4242 2474 4297 dicta
2502 4252 2627 4298 sunt
2658 4245 2909 4313 prarcepit
2929 4285 2944 4308 ,
2984 4260 3177 4316 nempe
3203 4261 3325 4301 eum
3351 4248 3443 4316 qui

1862 4335 2132 4390 sexcentis
2161 4333 2305 4388 vitiis
2332 4333 2404 4388 sit
2426 4332 2712 4400 obnoxius,
2739 4335 2929 4390 aliena:
2957 4335 3128 4406 culpae
3150 4353 3255 4390 non
3286 4352 3443 4393 seve-

1863 4443 1982 4483 rum
2008 4441 2131 4483 esse
2160 4425 2397 4497 judicem
2429 4437 2699 4496 oportere,
2730 4428 2773 4482 si
2807 4428 3039 4484 maxime
3063 4429 3291 4484 aliorum
3315 4446 3443 4500 pec-

1861 4529 1979 4576 cata
2005 4520 2261 4576 sintlevia
2294 4538 2308 4574 :
2342 4534 2445 4574 non
2467 4518 2610 4591 quod
2639 4528 2782 4575 vetet
2809 4535 3033 4591 arguere
3050 4530 3105 4577 et
3137 4523 3440 4588 emendare,

1807 4649 1813 4656 ε
1863 4611 1956 4668 sed
1987 4610 2129 4683 quod
2160 4609 2436 4681 prohibeat
2463 4611 2674 4682 propria
2708 4611 2846 4666 mala
2868 4613 3158 4683 negligere,
3184 4622 3237 4669 et
3257 4615 3447 4670 alienis

1863 4706 2135 4763 insultare.
2162 4705 2374 4762 Etenim
2405 4705 2533 4761 illud
2565 4706 2617 4760 in
2652 4720 2902 4777 magnum
2922 4718 3168 4778 vergeret
3197 4709 3447 4779 nequitite

1862 4806 2227 4870 augmentum,
2258 4797 2635 4869 duplicemque
2673 4797 2950 4854 inveheret
2994 4799 3270 4855 malitiam.
3311 4800 3444 4854 Nam

1863 4890 1953 4961 qui
1975 4889 2208 4960 peccatis
2227 4888 2359 4954 suis,
2387 4888 2490 4943 etsi
2515 4887 2786 4959 gravibus,
2817 4889 3096 4960 neglectis,
3121 4890 3347 4945 aliorum
3370 4892 3448 4945 vi-

1864 4982 1936 5036 tia
1985 4995 2148 5051 parva
2195 4979 2438 5052 leviaque
2481 4981 2728 5036 acerbius
2776 4981 3041 5037 discutere
3090 4982 3360 5047 studeret,
3393 4985 3444 5038 in

1863 5071 2130 5142 duplicem
2172 5071 2470 5127 incurreret
2494 5071 2669 5127 labem
2694 5088 2709 5138 ;
2736 5081 2785 5126 et
2810 5072 2952 5142 quod
2987 5074 3200 5142 propria
3228 5086 3442 5143 peccata

1864 5161 2160 5232 negligeret
2205 5169 2678 5231 contemneretque
2702 5201 2718 5225 ,
2750 5169 2805 5216 et
2831 5161 2974 5230 quod
3002 5163 3241 5217 omnium
3271 5165 3446 5220 offen-

1863 5255 2069 5308 sionem
2126 5252 2563 5321 inimicitiamque
2611 5252 2665 5306 in
2714 5266 2774 5307 se
2820 5254 3143 5321 concitaret,
3189 5264 3349 5327 atque
3393 5259 3445 5315 in

1864 5352 2158 5398 extremam
2193 5342 2632 5398 inhumanitatem
2664 5342 3037 5414 feritatemque
3057 5349 3295 5417 quotidie
3323 5365 3447 5419 pro-

1863 5432 2099 5488 cederet.
2147 5432 2242 5488 His
2271 5434 2448 5503 itaque
2486 5433 2734 5487 omnibns
2761 5449 2858 5504 per
2886 5435 3023 5492 hanc
3053 5439 3330 5507 pulchram
3373 5444 3447 5499 le~

1862 5539 1983 5594 gem
2011 5524 2256 5589 sublatis,
2287 5523 2391 5579 hoc
2411 5523 2553 5578 aliud
2576 5523 2847 5595 subjungit
2876 5538 3194 5598 praeceptum
3219 5548 3234 5584 τ
3262 5532 3314 5587 6.
3344 5532 3445 5587 Νο-

1866 5623 1953 5671 tue
1990 5626 2168 5671 sancta
2195 5616 2319 5670 dare
2346 5616 2555 5671 canibus
2574 5658 2590 5682 ,
2629 5633 2787 5688 neque
2830 5621 3114 5691 proﬁciatis
3142 5622 3473 5696 margaritas

1863 5716 2052 5764 vestras
2074 5716 2190 5763 ante
2213 5722 2395 5781 porcos
2418 5706 2647 5785 (Matth.
2682 5710 2769 5769 10.
2800 5710 2927 5787 27).
2951 5713 3108 5787 Atqui
3139 5717 3190 5772 in
3217 5732 3450 5787 sequen-
