3868 6182
392 270 499 326 511

396 366 579 450 tibus,
612 382 820 456 inquies
847 425 863 451 ,
905 384 1180 455 praecipit,
1219 383 1287 438 Et
1311 386 1447 454 quod
1481 386 1536 440 in
1578 402 1704 440 aure
1743 384 1929 440 auditis
1954 427 1970 451 ,

392 478 672 545 pradicate
689 491 843 547 super
866 483 1015 530 tecta.
1048 475 1242 530 Verum
1269 474 1374 529 hoc
1404 475 1568 546 priori
1602 489 1709 531 non
1739 485 1821 531 est
1842 491 1976 531 con-

399 568 642 622 trarium.
691 567 874 637 Neque
912 566 1019 621 illic
1061 566 1308 621 omnibus
1345 566 1500 635 jubet
1540 566 1851 635 prazdicarc,
1882 565 1977 621 sed

397 660 462 713 iis
500 660 691 730 quibus
722 658 1117 730 pmdicandum
1148 668 1260 725 est,
1303 674 1423 714 cum
1452 658 1642 715 fiducia
1686 660 1739 715 id
1776 658 1975 716 facere.

390 749 569 806 Canes
596 758 770 806 autem
801 751 887 806 hic
907 759 1063 807 vocat
1082 751 1170 822 qui
1200 751 1252 805 in
1283 751 1555 820 impietate
1583 749 1744 807 vitam
1776 750 1979 808 ducunt

395 842 691 907 ineurabili,
721 852 775 897 et
810 842 861 897 in
888 843 1081 913 quibus
1109 857 1233 913 spes
1267 844 1410 898 nulla
1435 844 1747 900 mutationis
1784 847 1839 901 In
1872 860 1980 901 me-

391 936 518 989 lius.
568 934 768 988 Porcos
806 949 932 990 vero
962 934 1081 988 illos
1110 934 1198 1004 qui
1230 934 1442 988 luxuria
1473 935 1731 1003 perditam
1761 950 1978 1006 semper

394 1026 557 1080 vitam
588 1036 771 1095 agunt,
802 1038 937 1094 quos
958 1040 1146 1080 omnes
1171 1024 1476 1095 hujusmodi
1498 1025 1737 1081 doctrina
1767 1027 1979 1084 dicebat

393 1116 659 1187 indignos.
693 1116 806 1171 Iloc
834 1117 975 1171 enim
1005 1117 1166 1172 etiam
1206 1117 1400 1172 Paulus
1433 1118 1695 1189 significat
1732 1119 1815 1175 bis
1851 1136 1976 1177 ver-

393 1208 474 1262 bis
505 1230 519 1262 :
556 1207 806 1262 Animalis
832 1219 1001 1261 autem
1046 1209 1195 1263 homo
1218 1226 1319 1263 non
1356 1211 1570 1280 percipit
1611 1228 1671 1266 ea
1705 1227 1819 1282 qua:
1845 1211 1975 1281 Spi-

390 1298 521 1351 ritus
546 1307 709 1354 sunt:
742 1298 955 1352 stultitia
982 1299 1113 1352 enim
1146 1308 1218 1354 est
1242 1300 1322 1355 illi
1351 1301 1430 1370 (I.
1454 1301 1571 1356 Cor.
1600 1301 1656 1357 2.
1687 1304 1801 1374 14).
1834 1303 1974 1359 Alibi

390 1402 604 1457 quoque
643 1402 788 1456 saepe
829 1388 961 1442 dicit
1003 1390 1125 1443 vita:
1164 1390 1560 1460 corruptionem
1589 1392 1645 1447 in
1671 1406 1829 1448 causa
1855 1407 1976 1449 esse

390 1492 487 1532 cur
512 1479 822 1548 perfectiora
842 1479 1088 1550 dogmata
1120 1494 1225 1535 non
1256 1482 1596 1550 recipiantur.
1630 1482 1806 1551 Quare
1828 1491 1976 1539 vetat

392 1572 521 1641 ipsis
559 1572 749 1641 januas
783 1572 978 1641 aperiri
1013 1572 1313 1642 :siquidem
1350 1582 1626 1643 postquam
1659 1574 1973 1642 didicerint,

390 1662 681 1719 ferociores
733 1663 986 1719 evadunt.
1033 1663 1161 1719 Haec
1214 1664 1427 1735 quidem
1472 1667 1655 1735 probis
1693 1682 1756 1723 ac
1793 1677 1974 1724 mente

390 1756 690 1810 valentibus
716 1757 945 1810 revelata
967 1796 982 1821 ,
1012 1756 1317 1812 veneranda
1342 1758 1593 1813 videntur
1623 1776 1636 1812 :
1663 1759 1973 1816 soeordibus

390 1861 517 1901 vero
548 1848 715 1917 magis
744 1848 1075 1903 honorantur
1106 1848 1364 1917 ignorata.
1402 1848 1470 1902 Iis
1510 1848 1668 1918 igitur
1702 1850 1826 1920 quia
1865 1865 1973 1906 non

390 1946 613 2006 possunt
636 1952 705 1993 ex
744 1948 932 1993 natura
968 1938 1059 1993 illa
1090 1938 1352 2005 ediscere,
1382 1940 1737 2008 occultentur,
1780 1941 1970 2012 inquit,

391 2039 449 2086 ut
481 2032 667 2086 saltem
691 2047 759 2086 ex
784 2031 1085 2101 ignorantia
1113 2031 1200 2087 illa
1224 2041 1591 2088 revereantur.
1619 2032 1801 2103 Neque
1827 2032 1972 2088 enim

390 2137 583 2192 porcus
608 2122 752 2177 novit
792 2122 919 2194 quid
945 2124 1017 2179 sit
1054 2124 1357 2195 margarita.
1386 2125 1519 2192 Quia
1545 2125 1705 2196 igitur
1742 2140 1848 2181 non
1871 2140 1968 2181 no-

390 2213 484 2277 vit,
504 2229 577 2268 ne
596 2213 772 2269 videat
792 2213 1031 2283 quidem,
1062 2229 1129 2270 ne
1149 2214 1427 2270 conculcet
1449 2229 1512 2271 ea
1534 2230 1653 2286 qua:
1680 2231 1787 2270 non
1802 2215 1970 2271 novit.

388 2301 530 2357 Nihil
558 2304 699 2358 enim
728 2303 932 2359 accedit
956 2304 1021 2358 iis
1041 2304 1131 2374 qui
1166 2305 1237 2359 ita
1273 2318 1397 2360 sunt
1426 2305 1599 2362 affecti
1637 2307 1682 2361 si
1715 2306 1970 2375 audiant,

388 2395 492 2450 nisi
522 2394 695 2465 majus
736 2394 1012 2450 damnum.
1061 2396 1270 2451 Etenim
1306 2406 1489 2453 sancta
1518 2398 1587 2453 ab
1613 2398 1678 2454 iis
1706 2407 1973 2455 temeran-

386 2495 501 2551 tur,
539 2494 724 2556 utpote
761 2487 853 2541 illa
880 2487 1246 2557 ignorantibus
1276 2506 1289 2542 :
1320 2499 1373 2545 et
1404 2489 1502 2559 ipsi
1525 2489 1757 2547 ferocius
1783 2501 1969 2552 contra

387 2592 487 2633 nos
518 2577 800 2648 insurgunt
824 2578 1035 2633 armati.
1066 2579 1179 2635 lloe
1209 2580 1353 2635 enim
1384 2581 1648 2652 significat
1676 2582 1804 2638 illud
1838 2601 1851 2638 :
1888 2583 1972 2638 Ne

386 2670 677 2724 conculceut
702 2687 807 2736 eas,
834 2680 884 2726 et
905 2675 1135 2727 conversi
1160 2674 1456 2745 dirumpant
1483 2691 1591 2730 vos.
1627 2677 1733 2732 Sed
1762 2678 1832 2732 ita
1859 2676 1973 2732 for-

389 2765 511 2817 titer
537 2763 745 2819 bmrere
765 2764 1052 2830 debebant,
1077 2773 1130 2819 ut
1157 2766 1322 2822 semel
1348 2768 1537 2831 tradita
1570 2769 1761 2825 invicta
1783 2784 1971 2826 mane-

386 2862 529 2920 rent,
558 2869 657 2909 nec
675 2870 860 2910 ansam
888 2856 991 2910 illis
1017 2864 1203 2912 contra
1230 2873 1328 2914 nos
1362 2859 1683 2929 praeberent.
1707 2862 1821 2917 Non
1844 2878 1975 2933 prte-

385 2941 512 2997 bent
532 2951 709 2997 autem
729 2943 815 2997 illa
838 2958 1044 3009 ansam,
1063 2946 1155 3001 sed
1178 2946 1231 3000 hi
1253 2948 1341 3017 qui
1366 2950 1510 3017 porci
1533 2960 1688 3005 sunt:
1712 2954 1970 3023 quemad-

387 3032 600 3087 modum
620 3034 903 3103 margarita
920 3034 1143 3104 pedibus
1157 3036 1376 3103 calcata,
1398 3052 1503 3094 non
1518 3040 1658 3110 quod
1671 3043 1971 3111 spernenda

386 3124 457 3179 sit
495 3124 863 3190 conculcatur,
896 3125 990 3181 sed
1020 3126 1140 3196 quia
1188 3128 1241 3182 in
1272 3143 1462 3198 porcos
1492 3131 1694 3186 incidit.
1726 3135 1804 3188 Ac
1846 3134 1971 3204 pul-

383 3217 514 3273 chre
537 3216 671 3273 dixit
697 3234 710 3272 :
734 3217 972 3274 Conversi
990 3220 1285 3292 dirumpunt
1309 3236 1414 3278 vos.
1441 3223 1752 3281 Modestiam
1775 3229 1972 3299 quippe

384 3310 672 3377 simulant,
725 3318 783 3366 ut
828 3310 1079 3377 discant;
1127 3320 1407 3383 postquam
1454 3330 1585 3371 vero
1629 3316 1966 3386 didicerunt,

382 3405 474 3459 alii
526 3420 594 3460 ex
645 3404 766 3460 aliis
815 3404 989 3460 effecti
1043 3403 1273 3461 illudunt
1324 3406 1514 3475 nobis,
1580 3409 1863 3465 traducunt
1916 3420 1972 3466 et

384 3495 609 3552 irrident
652 3511 751 3552 nos
793 3497 944 3567 quasi
990 3495 1263 3568 deceptos.
1295 3498 1523 3570 Ideoque
1562 3501 1757 3557 Paulus
1787 3502 1971 3558 Timo-

382 3587 509 3643 theo
554 3586 767 3644 dicebat
813 3605 828 3641 :
882 3588 1043 3653 Quem
1071 3597 1120 3643 et
1163 3598 1219 3643 tu
1266 3590 1432 3645 devita
1459 3606 1480 3646 :
1525 3592 1674 3647 valde
1711 3594 1845 3647 enim
1883 3610 1969 3649 re-

380 3679 505 3733 stitit
553 3680 716 3734 verbis
770 3681 955 3735 nostris
1002 3678 1023 3752 (
1060 3679 1117 3734 2.
1172 3678 1309 3735 Tim.
1368 3682 1423 3737 4.
1465 3680 1617 3755 15);
1674 3699 1969 3755 rursusque

380 3770 527 3835 alibi,
559 3770 627 3825 Et
651 3770 742 3825 hos
768 3770 930 3825 devita
955 3770 1035 3840 (.
1065 3770 1198 3825 Tim.
1233 3772 1288 3826 5.
1317 3772 1410 3843 5);
1437 3780 1513 3840 et,
1546 3772 1856 3828 Haeretieum
1875 3776 1971 3829 lto-

382 3865 567 3917 minem
597 3874 708 3935 post
732 3880 889 3918 unam
912 3874 958 3918 et
995 3865 1209 3918 alteram
1234 3865 1625 3920 admonitionem
1650 3867 1816 3922 devita
1835 3866 1966 3938 (Tit.

381 3954 434 4007 5'.
468 3954 578 4023 I0).
610 3952 725 4009 Non
752 3954 912 4024 igitur
937 3953 1006 4010 ab
1031 3954 1137 4010 illis
1156 3964 1452 4022 armantur,
1485 3957 1581 4013 sed
1605 3971 1791 4014 eorum
1813 3972 1970 4014 occa-

382 4047 536 4101 sione
561 4046 707 4101 stulti
746 4046 999 4113 evadunt,
1026 4046 1217 4116 majori
1243 4050 1542 4119 arrogantia
1578 4050 1787 4121 repleti.
1812 4051 1966 4106 Ideo-

381 4153 486 4209 que
506 4154 612 4194 non
635 4153 819 4208 parum
847 4138 979 4194 lucri
1008 4138 1130 4195 inde
1151 4140 1374 4205 accedit,
1402 4141 1446 4195 si
1469 4140 1522 4196 in
1544 4155 1643 4197 sua
1669 4142 1965 4213 ignorantia

382 4240 676 4286 maneant:
723 4231 802 4287 sic
830 4232 974 4287 enim
1018 4246 1125 4286 non
1154 4231 1225 4286 ita
1255 4231 1568 4301 despiciant.
1618 4234 1674 4290 Si
1716 4248 1844 4289 vero
1886 4234 1969 4289 di-

381 4333 555 4387 scant,
595 4323 791 4394 duplex
822 4324 1045 4393 emergit
1074 4323 1345 4379 damnum.
1392 4324 1474 4380 Illi
1512 4326 1654 4382 enim
1686 4326 1809 4382 inde
1833 4326 1966 4382 nihil

382 4416 585 4471 fructus
612 4415 934 4485 percipient;
965 4416 1073 4471 imo
1099 4417 1267 4488 magis
1294 4416 1575 4483 lzedentur,
1599 4418 1800 4489 tibique
1820 4420 1967 4477 mille

382 4509 591 4576 negotia
633 4508 989 4563 suscitabunt.
1036 4507 1271 4564 Audiant
1308 4509 1344 4564 ii
1370 4511 1459 4580 qui
1487 4510 1827 4582 impudenter
1852 4527 1968 4568 om-

382 4598 537 4653 nibus
564 4613 624 4653 se
646 4597 962 4666 admiscent,
1007 4606 1061 4655 et
1088 4600 1392 4655 veneranda
1418 4615 1643 4672 qumque
1666 4602 1966 4672 spernenda

379 4690 632 4747 reddunt.
677 4690 810 4745 Nam
854 4691 1105 4762 mysteria
1146 4691 1266 4747 ideo
1293 4692 1472 4763 januis
1498 4692 1693 4750 clausis
1726 4692 1968 4749 celebra-

380 4795 522 4851 mus,
545 4790 599 4836 et
626 4796 734 4837 non
775 4779 1011 4836 initiatos
1046 4781 1338 4851 abigimus,
1377 4796 1487 4838 non
1519 4782 1661 4853 quod
1689 4781 1970 4842 infirmita-

381 4884 487 4928 tem
513 4872 799 4943 quamdam
827 4873 879 4929 in
909 4872 1015 4929 illis
1044 4872 1531 4943 deprehendamus,
1554 4875 1648 4931 sed
1670 4877 1791 4947 quia
1813 4876 1967 4932 multi

380 4962 801 5035 imperfectiores
846 4971 994 5030 sunt,
1025 4977 1183 5035 quam
1229 4971 1289 5019 ut
1338 4964 1468 5033 ipsis
1511 4966 1716 5035 possint
1752 4965 1964 5022 adesse.

356 5044 504 5110 'ldeo
540 5055 631 5110 ille
666 5055 829 5110 multa
869 5055 924 5110 in
966 5054 1232 5126 parabolis
1260 5055 1572 5126 loquebatur
1593 5057 1811 5125 Iudaeis,
1841 5059 1965 5129 quia

380 5146 624 5203 videntes
648 5162 756 5203 non
781 5147 1052 5205 videbant.
1077 5148 1412 5219 Quapropter
1433 5149 1631 5206 Paulus
1655 5151 1967 5221 scirejussit

380 5236 651 5304 quomodo
696 5246 941 5307 oporteat
977 5238 1261 5310 unicuique
1302 5239 1651 5310 respondere.
1692 5242 1722 5294 7
1779 5239 1962 5308 Petite,

380 5334 427 5378 et
452 5324 654 5380 dabitur
682 5328 849 5393 vobis;
878 5332 1105 5400 quaerite,
1138 5339 1183 5386 et
1204 5331 1500 5397 invenietis;
1528 5332 1742 5400 pulsate,
1775 5341 1823 5387 et
1852 5349 1967 5403 ape-

381 5417 537 5471 rietur
556 5417 711 5474 vobis.
741 5419 873 5487 Quia
901 5421 1042 5477 enim
1064 5437 1252 5494 magna
1277 5432 1332 5479 et
1360 5423 1670 5479 admiranda
1693 5426 1962 5495 praecepit,

382 5507 631 5564 omnibus
664 5509 828 5579 jussit
854 5510 1132 5569 affectibus
1156 5528 1276 5570 esse
1328 5514 1653 5585 superiores,
1682 5514 1753 5570 ad
1792 5515 1967 5585 ipsum

374 5601 571 5658 *czelutn
603 5600 835 5667 adduxit,
862 5615 923 5660 ac
950 5604 1168 5661 studere
1191 5607 1463 5677 praecepit,
1511 5620 1617 5663 non
1658 5614 1717 5663 ut
1762 5605 1964 5677 angelis

1100 266 1158 325 S.
1196 267 1473 326 JOANNIS
1509 266 1979 327 CilRYSOSlOMl
2018 265 2333 325 ARCHlEP.
2375 261 2931 324 CONSTAN'IINOP.

3538 263 3646 321 3i!

2067 390 2120 437 et
2147 380 2516 451 archangelis,
2542 378 2635 435 sed
2663 379 2763 449 ipsi
2788 378 3034 433 omnium
3060 375 3289 431 Domino
3308 376 3350 442 ,
3379 382 3645 446 quantum

2069 469 2182 525 fieri
2218 470 2366 536 licet,
2408 468 2617 525 similes
2642 467 2833 523 simus.
2883 465 3192 536 Discipulos
3217 470 3346 519 vero
3380 478 3487 518 non
3542 464 3650 518 hoc

2068 562 2245 619 solum
2294 561 2576 633 perlicere,
2608 558 2701 616 sed
2738 567 2794 614 et
2827 559 2965 614 alios
3006 558 3300 616 emendare
3330 556 3516 627 jussit,
3582 568 3651 609 ac

2067 652 2379 708 discernere
2411 651 2550 705 inter
2587 652 2757 706 malos
2786 645 2841 706 et
2874 650 3067 714 bonos,
3097 640 3238 704 inter
3266 661 3432 703 canes
3459 657 3651 702 etnon

2068 757 2233 799 canes
2261 742 2455 811 (multa
2482 750 2665 797 autem
2688 750 2817 798 sunt
2840 742 2894 796 in
2926 739 3243 797 hominibus
3277 738 3542 807 occulta),
3582 753 3655 793 ne

2067 834 2311 890 dicerent
2349 832 2464 887 haec
2492 831 2627 887 dura
2655 840 2709 886 et
2730 831 3094 886 intolerabilia
3120 844 3261 885 esse.
3320 828 3455 883 Nam
3482 828 3537 882 in
3563 844 3655 883 se-

2068 923 2362 997 quentibus
2400 922 2515 978 hazc
2553 922 2749 979 Petrus
2781 922 3055 993 loquitur:
3102 922 3235 985 Quis
3272 930 3442 990 potest
3471 920 3656 972 salvus

2069 1018 2223 1072 esse?
2268 1013 2335 1069 Et
2363 1030 2584 1071 rursus:
2636 1014 2698 1070 Si
2718 1015 2796 1068 ita
2823 1023 3088 1068 estcausa
3123 1012 3375 1074 hominis,
3427 1026 3531 1063 non
3560 1024 3659 1063 ex-

2067 1108 2211 1176 pedit
2240 1109 2431 1163 nubere
2462 1105 2683 1175 (Matth.
2710 1105 2795 1161 l9.
2832 1103 2906 1159 25
2944 1104 3053 1174 10).

2151 1209 2205 1264 4.
2240 1208 2506 1280 Praecepta
2532 1212 2817 1282 evangelica
2854 1213 3106 1284 precando
3142 1214 3364 1270 allevare
3402 1214 3665 1271 debemus.

2084 1297 2512 1355 Perseverandum
2534 1301 2589 1355 in
2615 1302 2861 1356 oratione.
3014 1302 3093 1359 Ne
3137 1304 3299 1375 igitur
3348 1304 3467 1361 haec
3495 1305 3661 1361 etiam

2081 1406 2223 1447 nunc
2249 1390 2461 1456 dicant,
2493 1406 2614 1448 cum
2658 1391 2767 1461 jam
2798 1392 2851 1448 in
2878 1394 3303 1463 praecedentibus
3342 1396 3669 1452 ostendisset

2081 1481 2167 1536 illa
2218 1496 2339 1537 esse
2380 1481 2591 1551 facilia,
2637 1484 2931 1540 ratiociniis
2968 1484 3334 1556 frequentibus
3380 1487 3669 1551 adductis,

2080 1586 2199 1641 quae
2218 1571 2272 1627 id
2291 1572 2518 1629 suadere
2548 1582 2783 1643 possent,
2814 1573 3031 1631 demum
3063 1577 3327 1633 facilitatis
3352 1576 3669 1633 coronidem

2079 1662 2330 1732 apponit,
2356 1677 2465 1718 non
2505 1663 2709 1736 vulgari
2753 1666 3049 1735 excogitata
3089 1666 3141 1721 in
3170 1666 3441 1723 laboribus
3467 1682 3669 1723 conso-

2080 1754 2318 1822 latione,
2379 1770 2573 1827 nempe
2633 1756 2966 1812 assiduarum
3014 1772 3231 1827 precum
3275 1757 3493 1823 auxilio.
3546 1757 3670 1813 Non

2077 1847 2209 1902 satis
2248 1847 2394 1903 enim
2434 1862 2556 1903 esse
2596 1847 2757 1915 dicit,
2798 1848 2843 1904 si
2880 1848 2933 1903 id
2963 1848 3221 1919 perlicere
3249 1865 3515 1916 curemus,
3569 1850 3669 1903 sed

2078 1953 2369 2009 supernum
2398 1954 2520 1995 esse
2543 1940 2796 1995 auxilium
2828 1940 3220 2010 implorandum
3253 1959 3265 1994 :
3297 1942 3440 2011 quod
3481 1942 3671 2011 utique

2077 2030 2256 2085 veniet
2282 2038 2338 2085 et
2361 2029 2533 2085 aderit
2560 2071 2574 2095 ,
2616 2029 2777 2101 inque
2799 2032 3181 2087 certaminibus
3205 2046 3304 2087 nos
3328 2032 3571 2102 juvabit,
3611 2041 3671 2088 et

2078 2118 2256 2175 omnia
2296 2118 2467 2174 facilia
2502 2119 2708 2175 reddet.
2743 2119 2868 2175 Ideo
2892 2129 3073 2190 petere
3099 2122 3289 2191 jussit,
3326 2137 3391 2177 ac
3421 2137 3483 2178 se
3510 2122 3671 2177 datu-

2077 2225 2196 2265 rum
2221 2210 2530 2280 spopondit.
2557 2209 2756 2266 Verum
2797 2210 3069 2282 postulare
3109 2211 3271 2282 jussit
3316 2226 3421 2266 non
3446 2212 3624 2267 obiter
3647 2250 3666 2278 ,

2077 2299 2172 2355 sed
2200 2314 2321 2357 cum
2352 2299 2661 2357 assiduitate
2684 2311 2738 2356 et
2761 2302 3101 2359 contentione
3146 2317 3357 2374 magna.
3382 2302 3493 2359 lIoc
3517 2304 3671 2358 enim

2076 2390 2338 2461 significat
2367 2390 2497 2447 illud
2518 2433 2532 2458 ,
2562 2391 2799 2458 Quwrite.
2828 2391 2960 2448 Nam
2987 2394 3074 2463 qui
3106 2395 3313 2462 quaerit,
3342 2394 3463 2448 aliis
3488 2395 3671 2447 omni-

2076 2483 2178 2538 bus
2213 2498 2279 2539 ex
2323 2492 2507 2539 mente
2550 2483 2869 2549 eliminatis,
2919 2484 2997 2539 rei
3048 2492 3251 2538 tantum
3291 2484 3528 2553 qumsitze
3572 2483 3672 2538 dat

2077 2588 2315 2643 operam,
2344 2573 2649 2643 nullamque
2679 2574 3019 2643 praesentium
3048 2574 3207 2629 habet
3236 2574 3513 2628 rationem.
3548 2572 3669 2627 No-

2078 2672 2203 2720 runt
2226 2673 2372 2720 certe
2398 2663 2526 2719 illud
2551 2672 2813 2735 quotquot
2839 2663 2922 2719 vel
2942 2679 3077 2719 auro
3096 2664 3176 2718 vel
3207 2665 3377 2720 servis
3411 2664 3628 2719 amissis
3648 2706 3667 2729 ,

2078 2757 2194 2812 hzcc
2219 2766 2403 2827 postea
2444 2766 2705 2827 quaerunt.
2740 2756 2868 2812 Illud
2900 2756 3096 2813 indicat
3140 2772 3237 2827 per
3260 2772 3445 2814 vocem
3476 2757 3624 2812 illam
3644 2796 3668 2824 ,

2078 2848 2300 2914 Quterite
2321 2865 2340 2915 ;
2365 2863 2484 2904 cum
2512 2863 2640 2903 vero
2668 2847 2819 2914 dicit,
2853 2847 3083 2912 Putsate,
3114 2848 3461 2905 vehementer
3488 2857 3547 2905 et
3573 2864 3670 2903 ar-

2075 2940 2221 2996 denti
2261 2941 2441 2996 animo
2484 2939 2844 2996 accedendum
2890 2955 3010 2996 esse
3053 2941 3335 3013 significat.
3362 2940 3440 2998 Ne
3482 2943 3669 3012 itaque

2074 3032 2357 3098 concidas,
2390 3032 2461 3087 mi
2502 3032 2700 3100 homo,
2728 3049 2906 3105 neque
2947 3034 3208 3091 minorem
3234 3034 3301 3090 de
3328 3036 3521 3091 virtute
3560 3052 3668 3088 cn-

2074 3139 2187 3178 ram
2214 3123 2503 3191 exhibeas,
2531 3139 2689 3195 quam
2720 3124 2787 3180 de
2833 3127 3091 3195 pecuniis.
3139 3126 3246 3182 Has
3281 3126 3477 3198 quippe
3513 3142 3668 3196 sa'pe

2073 3229 2320 3283 quaerens
2347 3229 2451 3270 non
2482 3215 2729 3271 invenisti
2754 3233 2769 3282 ;
2800 3226 2853 3272 et
2882 3227 3057 3274 tamen
3094 3233 3217 3274 cum
3254 3218 3416 3289 probe
3442 3218 3582 3275 scias
3607 3228 3669 3274 te

2074 3304 2213 3361 forte
2266 3319 2375 3360 non
2416 3306 2789 3372 inventurum,
2832 3322 3047 3366 omnem
3099 3309 3343 3379 exploras
3385 3309 3665 3380 quaerendi

2074 3396 2291 3451 modum
2325 3414 2339 3452 :
2368 3395 2457 3452 hic
2481 3412 2608 3453 vero
2632 3399 2973 3466 sponsionem
3011 3398 3212 3455 habens
3238 3407 3290 3455 te
3319 3415 3535 3469 prorsus
3560 3414 3664 3455 ac-

2073 3496 2349 3557 cepturum
2375 3500 2525 3554 esse,
2550 3502 2617 3543 ne
2642 3488 2915 3543 minimam
2944 3489 3158 3559 quidem
3190 3490 3330 3546 illius
3352 3489 3510 3547 studii
3535 3505 3667 3560 par-

2075 3588 2182 3634 tem
2212 3578 2452 3635 exhibes.
2497 3578 2555 3635 Si
2585 3594 2713 3634 vero
2738 3594 2844 3633 non
2870 3580 3048 3635 statim
3071 3580 3301 3650 accipias
3320 3622 3336 3647 ,
3368 3596 3435 3637 ne
3459 3581 3666 3651 despe-

2072 3686 2181 3728 res.
2212 3670 2336 3728 Ideo
2361 3672 2505 3728 enim
2536 3672 2709 3741 dixit,
2739 3671 2978 3739 Pulsate,
3005 3683 3065 3729 ut
3087 3674 3373 3741 ostendat,
3414 3676 3663 3744 quamvis

2072 3780 2179 3821 non
2205 3765 2385 3820 statim
2411 3765 2633 3835 aperiat,
2667 3765 2988 3822 manendum
3022 3776 3198 3822 tamen
3227 3781 3367 3824 esse.
3394 3766 3450 3824 Si
3477 3777 3661 3824 autem

2074 3871 2207 3913 meae
2260 3872 2363 3912 non
2410 3857 2601 3912 credas
2649 3857 2960 3927 sponsioni,
3018 3858 3205 3913 saltem
3252 3858 3376 3915 huic
3409 3862 3663 3929 exemplo

2070 3948 2250 4005 crede.
2275 3948 2328 4005 9.
2354 3948 2481 4015 Quis
2507 3965 2571 4003 ea:
2595 3947 2732 4003 vobis
2758 3958 2847 4014 est,
2881 3949 3072 4019 inquit,
3108 3958 3251 4021 pater
3270 3951 3313 4017 ,
3344 3951 3424 4005 cui
3448 3950 3494 4006 si
3516 3950 3663 4019 lius

2072 4047 2209 4109 petat
2231 4054 2430 4108 panem,
2450 4038 2694 4106 numquid
2718 4039 2939 4109 lapidem
2964 4039 3101 4093 dabit
3127 4040 3171 4093 ei
3186 4040 3212 4094 .
3230 4039 3381 4110 Apud
3409 4039 3660 4095 homines

2070 4131 2283 4201 quidem
2308 4130 2355 4185 si
2383 4129 2436 4185 id
2466 4130 2774 4200 frequenter
2797 4130 2958 4185 facias
2978 4170 2993 4195 ,
3033 4130 3290 4185 molestus
3317 4140 3372 4186 et
3393 4144 3662 4186 onerosus

2072 4223 2272 4280 videris
2301 4241 2315 4278 :
2344 4223 2484 4294 apud
2512 4224 2677 4278 Deum
2702 4233 2899 4287 autem,
2928 4223 2972 4277 si
3002 4221 3103 4278 hoc
3131 4238 3237 4277 non
3266 4221 3450 4287 facias,
3482 4224 3661 4292 magis

2070 4314 2138 4369 ad
2186 4314 2319 4368 iram
2356 4327 2681 4368 commoves.
2734 4311 2789 4367 Si
2836 4322 3012 4368 autem
3038 4311 3268 4382 petendo
3293 4326 3607 4382 permaneas
3632 4351 3655 4377 ,

2070 4406 2277 4463 etiamsi
2329 4420 2434 4461 non
2482 4405 2662 4461 statim
2710 4403 2975 4473 accipias,
3022 4403 3251 4474 accipies
3281 4412 3479 4459 tamen.
3528 4404 3659 4461 Ideo

2070 4513 2301 4569 namque
2339 4498 2518 4553 clausa
2547 4505 2630 4552 est
2647 4496 2825 4566 janua,
2856 4504 2917 4551 ut
2966 4506 3018 4550 te
3055 4495 3121 4550 ad
3151 4495 3464 4566 pulsandum
3496 4495 3660 4550 indu-

2069 4601 2174 4646 cat.
2202 4590 2329 4646 Ideo
2354 4603 2461 4644 non
2499 4587 2678 4643 statim
2703 4586 2923 4652 annuit,
2960 4595 3019 4640 ut
3062 4595 3210 4655 petas
3242 4603 3256 4640 :
3288 4600 3444 4640 mane
3492 4585 3659 4655 igitur

2070 4681 2123 4737 id
2143 4694 2329 4751 agens,
2357 4686 2413 4734 et
2448 4678 2634 4748 procul
2684 4676 2847 4732 dubio
2875 4676 3125 4745 accipies.
3166 4675 3243 4731 Ne
3285 4676 3427 4730 enim
3454 4675 3604 4730 dicas
3635 4693 3655 4731 :

2069 4771 2208 4841 Quid
2238 4771 2418 4842 igitur,
2442 4769 2487 4825 si
2513 4777 2711 4839 petam,
2743 4776 2799 4823 et
2825 4780 2930 4822 non
2955 4766 3211 4837 accipiam
3296 4781 3393 4837 per
3420 4766 3657 4836 parabo-

2069 4862 2176 4919 lam
2203 4870 2254 4918 te
2276 4863 2329 4916 in
2349 4874 2445 4930 spe
2463 4859 2729 4923 rmavit,
2759 4857 3050 4913 ratiociniis
3076 4871 3287 4912 rursum
3318 4870 3467 4924 usus,
3493 4865 3658 4926 atque

2071 4954 2317 5012 humanis
2341 4951 2600 5023 exemplis
2632 4960 2685 5005 te
2712 4949 2781 5005 ad
2802 4948 3049 5005 fiduciam
3078 4963 3141 5005 ea
3164 4949 3217 5003 in
3248 4963 3309 5004 re
3336 4946 3656 5003 sumendam

2068 5047 2349 5113 inducens,
2370 5044 2496 5102 dum
2518 5057 2614 5114 per
2631 5040 2748 5097 hac
2773 5040 3026 5103 ostendit,
3050 5055 3154 5096 non
3177 5040 3337 5095 modo
3362 5036 3657 5111 petendum

2069 5155 2210 5210 esse,
2263 5138 2359 5196 sed
2407 5152 2527 5208 qua:
2552 5133 2776 5206 petenda
2814 5133 2942 5188 sint.
2988 5132 3117 5200 Quis
3141 5133 3273 5186 enim
3302 5147 3366 5186 ea
3395 5130 3535 5185 vobis
3578 5140 3656 5183 est

2071 5243 2231 5305 pater,
2255 5216 2407 5285 cuiii
2432 5226 2572 5297 lius
2599 5233 2736 5296 petat
2761 5240 2963 5295 panem,
2992 5221 3238 5292 numquid
3264 5220 3486 5292 lapidem
3511 5219 3656 5274 dabit

2068 5325 2148 5381 illi
2166 5325 2193 5380 ?
2210 5322 2392 5393 itaque
2420 5320 2592 5375 sinon
2616 5315 2813 5387 accipis
2833 5356 2849 5383 ,
2894 5312 3014 5369 ideo
3041 5327 3148 5369 non
3167 5312 3385 5383 accipis,
3414 5310 3537 5381 quia
3569 5310 3655 5365 Ia-

2069 5416 2246 5490 pidem
2268 5412 2426 5485 petis.
2446 5408 2666 5467 Etiamsi
2695 5407 2839 5465 enim
2871 5404 3010 5460 filius
3036 5405 3133 5473 sis,
3154 5402 3205 5459 id
3232 5417 3338 5459 non
3361 5401 3563 5459 sufficit
3586 5399 3656 5457 ad

2126 5574 2153 5645 ,
2208 5569 2325 5632 Alii,
2384 5565 2472 5617 sed
2544 5562 2642 5628 ipsi
2759 5559 2978 5611 Domino.
3013 5557 3117 5621 Alli,
3140 5557 3226 5611 sed
3250 5556 3533 5623 angelorum
3560 5566 3654 5608 Do-

2070 5645 2317 5754 mlfoitox,
2336 5694 2490 5756 pater,
2516 5686 2660 5747 deest
2682 5686 2734 5737 In
2754 5682 3061 5752 quibusdam.
