3918 6280
135 272 233 328 311

145 401 303 438 can
326 384 415 449 εὶς
448 383 514 438 τὸ
535 384 666 450 οὖς,
693 384 992 453 κηρύξατε
1013 384 1111 438 ἐπὶ
1136 384 1254 439 τῶν
1280 385 1564 455 δωμάτων
1597 387 1664 440 ⁷⁸.
1692 387 1830 439 Ἀλλ’

146 472 272 524 οὐδέ
307 470 470 523 τοῦτο
504 472 748 523 ἐναντίον
791 472 909 524 ἐστὶ
953 471 1032 542 τῷ
1078 473 1347 544 προτέρῳ.
1390 474 1524 525 Οὐδὲ
1558 474 1665 545 γὰρ
1716 475 1836 527 ἐκεῖ

149 562 323 612 πᾶσιν
357 557 547 622 ἀτελῶς
576 558 836 623 ἐπέταξεν
865 560 1059 623 εἰπεῖν,
1081 560 1197 615 ἀλλ’
1231 556 1313 623 οἷς
1338 562 1420 616 δεῖ
1447 564 1641 626 εἰπεῖν,
1694 563 1835 635 μετά

148 646 479 717 παρρησίας
517 648 710 700 εἰπεῖν.
770 645 953 710 Κύνας
1004 647 1060 701 δέ
1086 648 1315 703 ἐνταῦθα
1346 649 1469 714 τοὺς
1524 652 1582 704 ἐν
1611 651 1836 721 ἀσεϐείᾳ.

147 732 371 794 ζῶντας
406 733 630 802 ἀνιάτῳ,
662 734 758 786 καὶ
792 733 1096 804 μεταϐολῆς
1129 736 1226 805 τῆς
1253 736 1347 789 ἐπὶ
1377 736 1436 788 τὸ
1468 739 1711 806 κρεῖττον
1737 738 1837 791 οὐκ

147 820 384 889 ἔχοντας
430 821 617 874 ἐλπίδα
650 821 890 891 ᾐνίξατο,
930 821 1025 875 καὶ
1058 821 1274 892 χοίρους
1300 824 1425 887 τοὺς
1456 825 1514 877 ἐν
1554 824 1837 895 ἀκολάστῳ

151 908 257 976 βίῳ
288 908 669 977 διατρίϐοντας
716 908 1026 971 διαπαντὸς,
1060 908 1266 980 οὕσπερ
1312 909 1558 974 ἀπαντας
1586 909 1838 975 ἀναξίους

152 996 362 1063 ἔφησεν
388 990 528 1047 εἶναι
556 995 654 1064 τῆς
688 995 945 1066 τοιαύτης
983 995 1320 1067 ἀκροάσεως.
1365 995 1537 1051 Τοῦτο
1582 996 1712 1066 γοῦν
1744 997 1839 1050 καὶ

150 1084 181 1133 ὁ
215 1079 437 1143 Παῦλος
472 1078 648 1149 δηλῶν
692 1077 877 1148 ἔλεγε·
929 1082 1197 1150 Ψυχικὸς
1234 1081 1304 1135 δὲ
1333 1083 1379 1114 ⁷⁸
1430 1081 1738 1151 ἅνθρωπος
1766 1084 1838 1137 οὐ

151 1168 400 1237 δέχεται
435 1167 508 1220 τὰ
538 1167 643 1219 τοῦ
677 1168 1013 1235 πνεύματος
1036 1183 1051 1197 ·
1082 1169 1275 1236 μωρία
1324 1168 1434 1239 γὰρ
1476 1168 1637 1235 αὐτῷ
1683 1169 1835 1223 ἐστι.

154 1258 271 1309 Καὶ
306 1253 579 1323 πολλαχοῦ
631 1254 689 1307 δέ
730 1253 955 1324 ἐτέρωθι
998 1253 1115 1323 βίου
1153 1253 1451 1326 διαφθορὰν
1474 1255 1652 1308 αἰτίαν
1677 1256 1841 1327 φησὶν

154 1340 302 1396 εἶναι
324 1341 421 1395 τοῦ
449 1342 522 1412 μὴ
546 1340 796 1412 δέχεσθαι
824 1340 891 1394 τά
913 1341 1221 1413 τελειότερα
1236 1342 1498 1413 δόγματα.
1522 1341 1613 1395 Διὸ
1630 1341 1840 1395 κελεύει

112 1468 117 1473 ρ
158 1432 237 1501 μὴ
268 1430 610 1484 ἀναπετάσαι
648 1429 748 1492 τάς
790 1428 959 1499 θύρας
988 1430 1171 1493 αὐτοῖς
1194 1448 1209 1461 ·
1241 1432 1335 1484 καὶ¹
1371 1430 1481 1499 γὰρ
1518 1429 1842 1501 θρασύτεροι

153 1520 405 1589 γίνονται
432 1518 570 1589 μετά
604 1519 667 1571 τὸ
710 1519 919 1589 μαθεῖν.
968 1519 1093 1581 Τοῖς
1141 1519 1240 1589 μὲν
1263 1519 1371 1590 γὰρ
1408 1519 1715 1590 εὐγνώμοσι
1748 1518 1843 1572 καὶ

154 1608 288 1660 νοῦν
339 1607 558 1676 ἔχουσιν
602 1603 1057 1673 ἐκκαλυπτόμενα
1091 1605 1265 1675 σεμνά
1293 1605 1578 1675 φαίνεταιο
1635 1608 1748 1669 τοῖς
1784 1604 1844 1658 δὲ

155 1694 537 1764 ἀναισθήτοις,
584 1693 716 1745 ὅταν
744 1691 1005 1762 ἀγνοῆται
1053 1691 1275 1760 μᾶλλον.
1332 1693 1484 1747 Ἐπεὶ
1520 1693 1568 1725 ⁸⁸
1597 1690 1692 1747 οὖν
1736 1693 1848 1747 ἀπὸ

155 1785 261 1853 τῆς
290 1782 513 1851 φύσεως
536 1781 599 1833 οὐ
623 1779 878 1833 δύνανται
907 1780 1047 1834 αὐτά
1084 1780 1444 1851 καταμαθεῖν,
1472 1781 1515 1813 ⁸⁸
1551 1781 1845 1852 [καλυπτέ-

158 1873 405 1935 σθωσαν,
441 1869 626 1939 φησὶν,
669 1867 779 1940 ἴνα]
821 1869 926 1922 κᾶν
956 1867 1064 1922 ἀπὸ
1092 1868 1193 1938 τῆς
1230 1871 1454 1937 ἀγνοίας
1487 1870 1846 1925 ἀἰδεσθῶσιν.

159 1960 303 2014 οὐδὲ
331 1960 444 2035 γὰρ
475 1960 505 2011 δ
529 1957 682 2030 [288]
713 1960 895 2029 χοῖρος
922 1952 1053 2024 οἵδε,
1080 1958 1133 2011 τί
1170 1958 1301 2011 ποτέ
1332 1959 1451 2011 ἐστι
1479 1958 1847 2031 μαργαρίτης.

160 2048 379 2102 Οὐκοῦν
394 2047 584 2118 ἐπειδὴ
605 2047 708 2100 οὐκ
733 2042 862 2111 οἶδε,
887 2047 1021 2117 μηδέ
1045 2046 1244 2117 ὁράτω,
1275 2047 1360 2100 ἴνα
1389 2046 1463 2118 μὴ
1485 2048 1851 2118 καταπατήσῃ

159 2139 196 2189 δι
225 2137 332 2189 οὐκ
356 2130 521 2189 οἶδεν.
555 2134 722 2187 Οὐδὲν
762 2132 874 2203 γὰρ
906 2135 1114 2202 γίνεται
1139 2134 1318 2199 πλέον,
1359 2135 1392 2206 ἢ
1438 2134 1608 2206 βλάϐη
1648 2136 1850 2205 μείζων

158 2227 274 2288 τοῖς
306 2222 455 2277 οῦτω
484 2221 853 2293 διακειμένοις
885 2222 977 2276 καὶ
1007 2222 1287 2276 ἀκούουσι.
1328 2223 1439 2277 Καὶ
1484 2225 1593 2295 γὰρ
1618 2224 1686 2277 τά
1718 2222 1851 2293 ἀγια

160 2312 587 2383 ἐμπαροινεῖται
627 2310 760 2379 παρ’
804 2309 1062 2374 ἐκείνων,
1122 2310 1222 2363 οὐκ
1284 2310 1500 2364 εἰδότων
1559 2311 1680 2365 τίνα
1735 2312 1852 2366 ἐστί

161 2400 377 2453 ταῦτα’
412 2400 508 2452 καὶ
538 2399 738 2451 ἐκεῖνοι
786 2397 985 2467 μᾶλλον
1035 2398 1355 2469 ἐπαίρονται
1403 2400 1497 2452 καὶ
1539 2400 1850 2465 ὁπλίζονται

163 2488 289 2541 καθ’
323 2486 507 2556 ήμῶν.
550 2483 721 2538 Τοῦτο
753 2485 861 2556 γάρ
886 2486 1035 2537 ἐστι·
1068 2484 1165 2553 Μὴ
1209 2485 1714 2554 καταπατήσωσι,
1751 2487 1850 2541 καὶ

162 2573 543 2645 στραφέντες
582 2572 856 2643 ῥήξωσιν
904 2570 1081 2639 ὑμᾶς.
1131 2574 1242 2626 Καὶ
1289 2574 1395 2645 μὴν
1435 2574 1608 2639 οὕτως
1656 2575 1852 2645 ἰσχυρὰ

163 2664 273 2717 ἔδει
295 2659 459 2725 εἶναι,
482 2663 666 2731 φησὶν,
697 2660 774 2723 ώς
803 2661 905 2718 καὶ,
916 2660 1055 2731 μετά
1074 2660 1133 2713 τὺ
1162 2660 1353 2731 μαθεῖν
1375 2662 1624 2715 ἀνάλωτα
1648 2662 1850 2732 μένειν,

165 2753 262 2806 καὶ
300 2752 377 2822 μὴ
431 2750 691 2820 παρέχειν
722 2748 929 2821 ἐτέροις
983 2748 1155 2811 λαϐὰς
1202 2748 1323 2801 καθ’
1357 2748 1533 2820 ήμῶν.
1580 2748 1716 2802 Ἀλλ’
1751 2751 1853 2803 οὐκ

164 2841 357 2893 ἐκεῖνα
396 2836 626 2907 παρέχει
651 2875 665 2900 ,
698 2835 832 2889 ἀλλά
858 2835 919 2887 τὸ
948 2835 1165 2906 χοίρους
1201 2829 1341 2890 εἶναι
1370 2835 1592 2900 τούτους
1616 2853 1630 2867 ο
1662 2836 1853 2907 ὥσπερ

164 2925 261 2982 οὖν
283 2925 378 2980 καὶ
402 2928 431 2979 ό
458 2923 809 2995 μαργαρίτης
832 2922 1336 2994 καταπατούμενος,
1359 2924 1460 2977 οὐκ
1480 2923 1664 2995 ἐπειδὴ
1698 2926 1857 2978 εὐκα-

166 3012 517 3084 ταφρόνητός
546 3013 685 3078 ἐστι,
718 3012 1139 3077 καταπατεῖται,
1167 3010 1283 3065 ἀλλ’
1312 3011 1498 3082 ἐπειδὴ
1529 3014 1608 3075 εἰς
1643 3012 1856 3083 χοίρους

169 3101 424 3154 ἐνέπεσε.
461 3099 573 3153 Καὶ
622 3097 804 3161 καλῶς
833 3094 955 3151 εἶπε
982 3116 994 3128 ·
1047 3097 1420 3167 Στραςεέντες
1460 3098 1737 3167 ῥήξωσιν
1784 3100 1852 3153 ⁸⁸.

181 3189 608 3259 Ὑποκρίνονται
654 3186 764 3257 γάρ
788 3186 1109 3252 ἐπιείκειαν,
1140 3185 1281 3240 ὥστε
1310 3185 1503 3257 μαθεῖν
1525 3204 1537 3216 ·
1568 3183 1687 3240 εἶτα
1709 3188 1858 3240 ἐπει-

169 3279 268 3331 δάν
297 3275 568 3346 μάθωσιν,
603 3272 781 3344 ἕτεροι
811 3273 930 3326 ἀνθ’
963 3273 1167 3344 ἐτέρων
1194 3272 1477 3343 γενόμενοι
1512 3272 1854 3342 κωμῳδοῦσι,

169 3364 525 3436 χλευάζουσι,
551 3360 785 3430 γελῶσιν
813 3360 862 3392 ⁸³
883 3360 959 3423 ώς
986 3358 1365 3431 ἀπατηθέντας
1387 3360 1554 3429 ἡμᾶς.
1577 3360 1674 3412 Διά
1701 3359 1859 3412 τοῦτο

171 3454 269 3507 καὶ
293 3455 323 3507 ὁ
352 3450 569 3511 Παῦλος
598 3449 753 3516 ἐλεγε
791 3446 868 3519 τῷ
916 3446 1167 3518 Τιμοθέῳ
1186 3464 1199 3476 ·
1243 3448 1353 3500 Ὃν
1381 3446 1479 3499 καί
1507 3446 1589 3499 σὺ
1616 3446 1855 3515 φυλάσ-

172 3558 296 3595 σου
316 3556 329 3571 ·
352 3538 501 3594 λίαν
524 3536 636 3607 γὰρ
661 3534 997 3603 ἀνθέστηκε
1017 3534 1146 3601 τοῖς
1168 3533 1480 3604 ἡμετέροις
1497 3536 1701 3604 λόγοις
1719 3550 1732 3565 ο
1762 3535 1858 3588 καὶ

174 3628 343 3682 πάλιν
375 3623 637 3694 ἀλλαχοῦ,
699 3623 847 3691 Τσὺς
891 3624 1200 3687 τοιούτους
1246 3621 1587 3689 ἀποτρέπου
1620 3621 1700 3653 ⁸⁸·
1740 3621 1856 3686 καὶ,

172 3715 490 3784 Δίρετικὸν
510 3713 830 3781 ἄνθρωπον
854 3713 1006 3781 μετὰ
1032 3711 1181 3780 μίαν
1210 3709 1309 3764 καί
1335 3709 1624 3777 δευτέραν
1652 3712 1859 3763 νουθε-

174 3807 327 3859 σίαν
383 3800 699 3869 παραιτοῦ.
754 3799 830 3853 Οὐ
868 3799 1049 3854 τοίνυν
1077 3797 1208 3868 παρ’
1258 3797 1483 3851 ἐκείνων
1524 3796 1856 3859 ὁπλίζονται,

176 3895 295 3948 ἀλλ’
323 3894 482 3947 αὐτοὶ
526 3892 743 3961 ἀνόητοι
790 3889 963 3961 ταύτῃ
1011 3887 1273 3956 γίνονται,
1330 3886 1574 3949 πλείονος
1604 3884 1859 3948 ἀπονοίας

176 3979 572 4051 πληρούμενοι.
598 3977 697 4031 Διά
726 3976 886 4030 τοῦτο
922 3977 984 4029 οὐ
1015 3975 1209 4046 μικρὸν
1246 3973 1435 4046 κέρδος
1462 3974 1523 4025 τὸ
1562 3974 1621 4025 ἐν
1667 3973 1860 4043 ἀγνοίᾳ

180 4070 366 4139 μένειν
397 4066 624 4129 αὐτούς’
656 4064 778 4118 οὐδὲ
808 4063 916 4134 γὰρ
942 4062 1086 4117 οὕτω
1114 4063 1159 4095 ⁸⁸
1185 4060 1638 4132 καταφρονοῦσιν.
1679 4062 1777 4113 Ἂν
1802 4061 1859 4113 δὲ

178 4156 425 4227 μάθωσι,
457 4152 622 4223 διπλῆ
653 4155 687 4224 ή
724 4152 917 4223 ζημία.
970 4150 1133 4204 Αὐτοί
1165 4168 1225 4202 τε
1258 4150 1364 4221 γάρ
1408 4149 1559 4203 οὐδὲν
1606 4146 1858 4201 ἐντεῦθεν

176 4242 591 4314 καρπώσονται,
622 4238 761 4293 ἀλλά
782 4239 876 4293 καὶ
903 4238 1261 4310 βλαϐήσονται
1298 4237 1560 4307 μειζόνως
1580 4276 1595 4299 ,
1641 4237 1736 4289 καὶ
1775 4237 1859 4290 σοὶ

180 4330 355 4402 μυρία
383 4328 679 4399 παρέξουσι
704 4326 1023 4398 πράγματα.
1054 4325 1424 4378 ’Δκουέτωσαν
1445 4324 1494 4377 οἰ
1525 4324 1690 4377 πᾶσιν
1709 4324 1859 4376 ἀναι-

174 4419 286 4484 δῶς
317 4414 779 4487 συμπλεκόμενοι,
812 4413 907 4467 καὶ
936 4411 1004 4467 τὰ
1036 4411 1208 4482 σεμνά
1250 4412 1703 4482 εὐκαταφρόνητα
1739 4428 1858 4465 ποι-

174 4507 390 4569 οῦντες.
421 4503 534 4557 Καὶ
555 4502 664 4573 γὰρ
691 4500 762 4555 τά
790 4502 1063 4572 μυστήρια
1088 4499 1175 4553 διὰ
1207 4497 1362 4552 τοῦτο
1389 4497 1486 4561 τὰς
1513 4496 1682 4569 θύρας
1715 4496 1859 4553 κλεί-

176 4613 332 4659 οντες
359 4595 408 4627 ⁸⁸
434 4591 812 4662 ἐπιτελοῦμεν,
844 4589 939 4643 καί⁵
969 4590 1094 4652 τούς
1147 4587 1425 4659 ἀμυήτους
1453 4588 1728 4658 είργομεν,
1760 4586 1861 4640 οὐκ

176 4684 372 4754 ἐπειδὴ
432 4681 717 4735 ἀσθένειαν
770 4677 1119 4748 κατέγνῳμεν
1173 4676 1285 4729 τῶν
1336 4674 1695 4744 τελουμένων,
1745 4674 1860 4730 ἀλλ’

176 4771 378 4841 ἐπειδὴ
403 4767 756 4836 ἀτελέστερον
785 4766 835 4819 οἰ
865 4764 1048 4818 πολλοί
1085 4764 1221 4835 πρὸς
1249 4763 1390 4818 αὐτά
1427 4762 1507 4816 ἐτι
1541 4763 1857 4818 διάκεινται.

176 4860 283 4915 Διά
306 4858 373 4929 δὴ
396 4855 555 4909 τοῦτο
577 4854 673 4908 καὶ
693 4851 855 4915 αὐτὸς
878 4853 924 4885 ⁸⁷
948 4854 1006 4905 ἐν
1041 4851 1375 4923 παραϐολαῖς
1396 4850 1564 4907 πολλά
1588 4854 1705 4916 τοῖς
1726 4852 1861 4905 Ἰου-

177 4946 357 5010 eam
419 4943 731 5012 διελέγετο,
790 4939 978 5012 ἐπειδὴ
1021 4938 1308 5010 βλέποντες
1362 4939 1462 4993 οὐκ
1493 4938 1736 4992 ἔϐλεπον.
1762 4938 1861 4992 Διά

178 5034 344 5089 τοῦτο
366 5034 465 5086 καὶ
503 5034 531 5085 ὁ
560 5029 774 5093 Παῦλος
799 5028 1086 5082 ἐκέλευσεν
1112 5027 1329 5092 εἰδέναι,
1367 5027 1482 5090 πιῖις
1518 5027 1599 5081 δεῖ
1628 5028 1709 5080 ἐνὶ
1735 5026 1859 5080 ἐκάη

181 5140 298 5192 στῳ
325 5117 745 5190 ἀποκρίνεσθαι.
780 5116 1023 5182 Αἰτεῖτε,
1073 5115 1172 5168 καί
1200 5112 1517 5181 δοθήσεται
1554 5113 1697 5183 ὑμῖν
1725 5132 1739 5148 ο
1771 5113 1863 5181 ζη-

182 5210 361 5271 τεῖτε,
400 5206 499 5261 καί
529 5204 816 5274 εὑρήσετε
835 5220 848 5235 ·
887 5206 1151 5273 κρούετε,
1174 5203 1273 5257 καί
1297 5202 1679 5273 ἀνοιγήσεται
1698 5201 1860 5271 ὑμῖν.

193 5296 422 5366 Ἐπειδὴ
448 5294 559 5367 γὰρ
583 5291 796 5365 μεγάλα
821 5290 1051 5359 ἐπέταξε
1082 5292 1177 5346 καὶ
1195 5290 1503 5363 θαυμαστὰ,
1527 5292 1621 5345 καὶ
1646 5290 1864 5345 πάντων

1187 274 1253 325 ΙΝ
1293 272 1703 327 ΜΔΤῊΗΕΙῘΜ
1744 271 1977 329 ΙΙΟΜΙῙ..
2016 272 2202 328 XXIII.
2248 276 2322 330 al.
2362 276 2553 333 XXIV.

3502 285 3621 342 5i?

1944 389 2197 443 ἐκέλευσε
2238 390 2347 445 τῶν
2380 391 2569 447 παθῶν
2609 390 2748 449 εἶναι
2782 396 3106 469 ἀνωτέρους,
3154 399 3247 454 καὶ
3278 400 3414 468 πρὸς
3447 401 3610 455 αὐτὸν
3638 448 3641 451 .

1941 475 2114 544 ῆγαγε
2139 476 2230 531 τὸν
2255 478 2508 549 οὐρανὸν,
2532 480 2629 534 καὶ
2655 482 2974 547 σπουδάζειν
3001 484 3282 553 ἐπέταξεν,
3314 488 3415 541 οὐκ
3445 488 3611 557 ἀγγέ-

1938 560 2073 625 λοις,
2096 562 2215 617 οὐδέ
2244 565 2629 635 ἀρχαγγέλοις,
2653 568 2770 622 ἀλλ’
2800 570 2951 641 αὐτῷ
2987 571 3068 641 τῷ
3104 573 3215 626 τῶν
3240 574 3377 628 ὅλων
3417 575 3464 607 ⁸⁸
3515 578 3616 628 Ae-

1943 649 2116 723 σπότῃ
2147 651 2284 705 κατά
2306 652 2368 705 τὸ
2410 654 2689 725 ἐγχωροῦν
2722 657 2939 727 ὁμοίους
2970 658 3239 727 γίνεσθαι,
3272 662 3399 724 τοὺς
3424 662 3480 715 δέ
3509 679 3619 733 μα’

1943 734 2111 806 θητάς
2138 737 2237 790 οὐκ
2268 739 2464 803 αὐτοὺς
2509 743 2703 811 μόνους
2753 742 2925 798 ταῦτα
2977 746 3298 817 κατορθοῦν,
3350 747 3485 802 ἀλλά
3517 750 3614 803 καὶ

1941 824 2159 895 ἐτέρους
2183 825 2424 898 διορθοῦν
2451 828 2724 895 ἐκέλευσε,
2754 832 2847 884 καὶ
2875 832 3170 904 διακρίνειν
3195 834 3321 897 τούς
3346 837 3614 906 πονηροὺς

1944 913 2037 966 καὶ
2070 914 2195 976 τοὺς
2227 915 2286 967 οὐ
2322 914 2616 981 τοιούτους,
2646 918 2771 981 τούς
2816 917 2985 982 κύνας
3029 920 3120 973 καὶ
3156 921 3282 985 τοὺς
3324 922 3386 974 οὐ
3426 922 3612 985 κύνας,

1945 996 2115 1068 (πολὺ
2142 998 2199 1051 δέ
2226 998 2285 1053 τὸ
2314 1000 2793 1074 ἐπικεκρυμμένον
2816 1005 2875 1058 ἐν
2906 1006 3272 1077 ἀνθρώποις),
3308 1008 3395 1075 ἵνα
3429 1011 3503 1079 μὴ
3536 1009 3618 1062 λέ-

1943 1102 2130 1153 γωσιν,
2164 1086 2247 1139 ὅτι
2276 1086 2486 1157 χαλεπά
2511 1089 2683 1144 ταῦτα
2716 1092 2806 1144 καὶ
2843 1093 3120 1165 ἀφόρητα·
3162 1096 3255 1148 καὶ
3289 1095 3396 1166 γὰρ
3427 1097 3484 1148 ἐν
3505 1098 3617 1158 τοῖς

1948 1172 2087 1243 μετά
2110 1171 2284 1228 ταῦτα
2311 1176 2339 1227 ὁ
2375 1175 2581 1246 Πέτρος
2605 1178 2904 1247 ἐφθέγξατό
2930 1199 2982 1234 τι
3017 1181 3257 1235 τοιοῦτον
3287 1180 3454 1236 εἰπών
3477 1199 3490 1213 ’
3521 1184 3617 1247 Τίς

1944 1260 2192 1314 δύναται
2224 1261 2489 1330 σωθῆναι
2511 1279 2529 1327 ;
2558 1265 2653 1317 καὶ
2682 1265 2845 1320 πάλιν
2864 1283 2879 1298 ·
2903 1270 2973 1321 El
2992 1268 3179 1333 οὕτως
3199 1268 3369 1323 ἐστίν
3400 1270 3439 1337 ή
3461 1269 3632 1322 αίτία

1947 1349 2053 1403 τοῦ
2080 1350 2417 1417 ἀνθρώπου,
2460 1355 2532 1404 οὐ
2569 1355 2861 1424 συμφέρει
2888 1356 3176 1427 γαμῆσαι.
3562 1343 3567 1348 ”

2017 1436 2079 1488 δ’.
2115 1438 2231 1490 ’Ἱνα
2254 1435 2349 1490 οὖν
2382 1439 2456 1510 μὴ
2504 1440 2677 1495 ταῦτα
2707 1443 2903 1513 λέγωσι
2932 1446 3026 1498 καὶ
3064 1445 3179 1509 νῦν,
3208 1444 3356 1516 [289]
3387 1444 3623 1516 μάλιστα

1951 1522 2051 1591 μὲν
2083 1525 2177 1577 καὶ
2205 1524 2295 1579 διά
2324 1526 2433 1580 τῶν
2465 1528 2771 1600 ἔμπροσθεν
2799 1531 3079 1598 ἀπέδειξεν
3125 1533 3322 1588 εῦκολα
3352 1535 3500 1597 ὄντα,
3531 1534 3620 1588 λο-

1949 1612 2181 1682 γισμοὺς
2208 1612 2378 1677 τιθεὶς
2414 1615 2641 1679 πολλοὺς
2674 1618 2770 1671 καὶ
2828 1623 3087 1689 συνεχεῖς,
3134 1622 3260 1685 τούς
3291 1621 3621 1691 δυναμένους

1948 1699 2135 1750 πεῖσαι
2154 1714 2167 1729 ο
2197 1698 2382 1753 λοιπὸν
2402 1700 2459 1753 δὲ
2482 1702 2574 1754 καὶ
2598 1703 2696 1773 τὴν
2719 1706 2986 1775 κορωνίδα
3011 1707 3207 1775 ἐπάγει
3231 1708 3330 1778 τῆς
3351 1708 3635 1771 εὐκολίας,

1946 1784 2009 1837 οὐ
2038 1786 2137 1858 τὴν
2161 1787 2429 1857 τυχοῦσαν
2476 1790 2706 1843 ἐπινοῶν
2748 1792 3097 1862 παραμυθίαν
3122 1794 3240 1856 τοῖς
3286 1794 3490 1858 πόνοιςι
3523 1794 3627 1865 τήν

1947 1873 2057 1926 ἀπὸ
2080 1873 2192 1925 τῶν
2221 1873 2398 1945 εὐχῶν
2423 1873 2532 1928 τῶν
2564 1879 2909 1948 καρτερικῶν
2935 1880 2981 1912 ⁸⁸
3007 1881 3344 1951 συμμαχίαν.
3389 1881 3464 1935 Οὐ
3514 1880 3627 1952 γὰρ

1948 1960 2147 2024 αὐτοὺς
2198 1961 2518 2027 σπουδάζειν
2572 1963 2653 2017 δεῖ
2708 1964 2921 2034 μόνους,
2982 1970 3167 2036 φησὶν,
3218 1967 3355 2021 ἀλλά
3399 1969 3495 2021 καὶ
3525 1968 3623 2039 τὴν

1949 2047 2156 2102 ἀνωθεν
2185 2048 2371 2102 καλεῖν
2389 2049 2642 2120 βοήθειαν
2661 2067 2675 2080 ·
2706 2052 2801 2105 καὶ
2836 2053 3051 2117 πάντως
3071 2054 3190 2124 ήξει
3215 2055 3308 2107 καὶ
3334 2055 3637 2125 παρέσται,

1950 2136 2045 2189 καὶ⁴
2080 2136 2445 2206 συνεφάψεται
2474 2136 2583 2191 τῶν
2607 2137 2836 2206 ἀγώνων
2887 2142 3040 2211 ἡμῖν,
3067 2142 3160 2194 καὶ
3211 2141 3387 2194 πάντα
3411 2124 3625 2211 ποιήσει
3731 2124 3735 2128 ’

1952 2222 2128 2293 ῥᾴδια.
2163 2224 2262 2277 Διά
2302 2223 2461 2277 τοῦτο
2508 2226 2603 2278 καὶ
2650 2227 2822 2280 αἰτεῖν
2876 2228 3151 2291 ἐκέλευσε,
3185 2229 3281 2282 καὶ
3328 2228 3427 2298 τὴν
3481 2227 3625 2281 δόσιν

1949 2312 2346 2382 ἐνηγγυήσατο.
2385 2312 2532 2381 Πλὴν
2579 2314 2678 2383 οὐχ
2723 2314 2912 2378 ἁπλῶς
2940 2317 3111 2369 αἰτεῖν
3144 2316 3453 2378 ἐκέλευσεν,
3492 2314 3629 2369 ἀλλά

1956 2398 2094 2470 μετά
2124 2398 2477 2470 προσεδρείας
2502 2400 2699 2470 πολλῆς
2730 2402 2825 2455 καὶ
2857 2402 3119 2466 εὐτονίας.
3162 2404 3333 2457 Τοῦτο
3366 2405 3473 2475 γάρ
3508 2407 3627 2456 ἐστι

1952 2487 2034 2550 τὸ,
2059 2487 2321 2555 Ζητεῖτε.
2350 2488 2462 2540 Καὶ
2486 2488 2594 2558 γὰρ
2631 2490 2660 2541 ὁ
2685 2487 2884 2558 ζητῶν,
2917 2490 3093 2543 πάντα
3122 2489 3367 2543 ἐκϐαλὼν
3388 2490 3490 2560 τῆς
3511 2491 3615 2544 δια-

1951 2562 2120 2638 νοίας,
2158 2572 2295 2644 πρὸς
2316 2575 2493 2627 ἐκεῖνο
2521 2574 2730 2641 γίνεται
2763 2575 2809 2606 ⁹⁰
2836 2576 2996 2644 μόνον
3023 2576 3085 2628 τὸ
3125 2575 3481 2647 ζητούμενον,
3535 2576 3629 2632 καὶ

1952 2661 2141 2715 οὐδένα
2174 2661 2283 2714 τῶν
2319 2662 2601 2732 παρόντων
2638 2663 2827 2718 ἐννοεῖ.
2877 2663 2987 2717 Καὶ
3028 2663 3175 2716 ῐσασι
3215 2660 3373 2716 τοῦτο
3401 2662 3430 2716 ὃ
3462 2662 3626 2729 λέγω,

1951 2751 2064 2803 ὅσοι
2091 2749 2124 2819 ἢ
2154 2749 2375 2821 χρυσίον
2402 2750 2435 2820 ἢ
2460 2749 2679 2812 οἰκέτας
2700 2748 3061 2813 ἀπολέσαντες
3093 2749 3464 2819 ἐπιζητοῦσιν.
3498 2750 3628 2802 Ἀπὸ

1957 2836 2054 2907 μὲν
2078 2831 2171 2889 οὖν
2204 2835 2299 2889 τοῦ
2322 2835 2525 2906 ζητεῖν,
2559 2836 2717 2889 τοῦτο
2735 2851 2751 2867 ·
2781 2836 2890 2890 ἀπὸ
2919 2836 2975 2890 δὲ
3004 2837 3100 2890 τοῦ
3131 2840 3368 2909 κρούειν,
3400 2836 3462 2893 τὸ
3490 2840 3629 2907 μετὰ

1957 2923 2314 2994 σφοδρότητος
2342 2924 2623 2997 προσιέναι
2646 2924 2741 2977 καὶ
2764 2923 2971 2997 θερμῆς
2993 2924 3230 2988 διανοίας
3255 2924 3517 2995 ἐδήλωσε.
3540 2925 3630 2982 Μὴ

1954 3011 2133 3065 τοίνυν
2185 3012 2527 3085 καταπέσῃς,
2565 3012 2837 3083 ἄνθρωπε,
2886 3012 3021 3084 μηδὲ
3069 3012 3325 3066 ἐλάττονα
3388 3011 3630 3085 ἐπιδείξῃ

1958 3098 2086 3169 περὶ
2132 3098 2230 3169 τὴν
2263 3098 2462 3169 ἀρετὴν
2494 3097 2728 3169 σπουδὴν
2757 3099 2854 3169 τῆς
2889 3098 3017 3171 περὶ
3064 3101 3133 3151 τὰ
3156 3099 3417 3168 χρήματα
3447 3096 3628 3150 ἐπιθυ-λ

1960 3186 2108 3255 μίας.
2153 3185 2367 3237 Ἐκεῖνα
2422 3184 2521 3255 μὲν
2570 3185 2679 3256 γὰρ
2733 3186 2993 3248 πολλάκις
3044 3185 3284 3255 ζητήσας
3304 3184 3403 3253 οὐχ
3433 3176 3589 3255 εὗρες
3616 3198 3629 3213 ο

1956 3272 2071 3327 ἀλλ’
2104 3272 2253 3342 ὅμως
2298 3271 2604 3326 καὶταῦτα
2641 3271 2819 3336 εἰδὼς.
2857 3274 2938 3326 ὅτι
2982 3272 3042 3325 οὐ
3092 3272 3310 3335 πάντως
3358 3270 3633 3340 εὑρήσεις,

1958 3362 2137 3415 πάντα
2166 3362 2337 3422 κινεῖς
2367 3360 2596 3430 ἐρεύνης
2619 3360 2823 3431 τρόπον
2910 3359 3141 3414 ἐνταῦθα
3171 3358 3228 3411 δὲ
3269 3359 3362 3411 καὶ
3392 3359 3631 3425 ἐπαγγε-
3694 3394 3703 3401 κ

1956 3449 2077 3502 λίαν
2105 3448 2245 3519 ἔχων
2298 3448 2379 3500 ὅτι
2427 3447 2572 3518 λήψῃ
2608 3447 2824 3510 πάντως
2846 3486 2861 3511 ,
2911 3445 3033 3498 οὐδέ
3083 3447 3145 3497 τὸ
3194 3444 3483 3497 πολλοστὸν
3535 3444 3632 3514 τῆς

1960 3536 2197 3606 σπουδῆς
2229 3534 2443 3605 ἐκείνης
2489 3533 2857 3586 ἐπιδείκνυσαι
2896 3532 3081 3602 μέρος.
3128 3532 3191 3585 Εἰ
3230 3531 3287 3584 δὲ
3319 3531 3395 3601 μὴ
3428 3528 3632 3592 εὐθέως

1957 3623 2255 3695 λαμϐάνεις
2276 3664 2291 3687 ,
2326 3620 2463 3692 μηδέ
2502 3619 2677 3681 οὕτως
2708 3618 2983 3689 ἀπογνῷς.
3021 3617 3120 3670 Διά
3147 3617 3257 3687 γάρ
3299 3617 3457 3670 τοῦτο
3488 3613 3629 3678 εἷπε,

1959 3710 2205 3783 κρούετε,
2238 3709 2327 3762 ῖνα
2363 3706 2511 3778 δείξῃ
2543 3707 2621 3759 ὅτι
2642 3703 2746 3759 κᾶν
2768 3704 2971 3767 εὐθέως
3000 3704 3075 3775 μὴ
3105 3704 3291 3777 ἀνοίξῃ
3317 3703 3415 3773 τὴν
3441 3701 3629 3772 θύραν,

1960 3798 2301 3870 παραμένειν
2329 3795 2431 3849 δεῖ.
2458 3795 2525 3847 Εἰ
2570 3793 2628 3846 δὲ
2670 3794 2919 3854 ἀπιστεῖς
2944 3808 3047 3861 μου
3084 3793 3151 3861 τῇ
3184 3790 3490 3859 ἀποφάσει,
3528 3787 3633 3841 κᾶν

1958 3887 2037 3958 τῷ
2084 3884 2441 3953 ὑποδείγματι
2493 3880 2805 3934 πίστευσον.
2863 3880 2960 3945 Τίς
2990 3877 3101 3949 γάρ
3131 3879 3301 3932 ἐστιν
3337 3877 3409 3941 ἐξ
3430 3875 3632 3945 ὑμῶν,

1961 3973 2148 4045 φησὶν,
2183 3970 2258 4026 δν
2302 3972 2336 4025 ό
2377 3967 2505 4035 υίὸς
2549 3965 2733 4022 αὐτοῦ
2774 3965 3011 4033 αἰτήσει
3054 3965 3232 4033 ἄρτον
3256 3964 3326 4030 ’⁸,
3346 3962 3434 4032 μὴ
3461 3962 3634 4018 λίθον

1959 4058 2240 4115 ἐπιδώσει
2280 4054 2440 4121 αὐτῷ
2457 4071 2477 4119 ;
2529 4055 2644 4107 Ἐπ’
2673 4051 2978 4123 ἀνθρώπων
3012 4052 3109 4123 μὲν
3139 4052 3270 4121 γὰρ,
3299 4049 3367 4103 ἂν
3396 4048 3634 4118 συνεχῶς

1961 4149 2118 4202 τοῦτο
2151 4148 2329 4217 ποιῇς,
2362 4144 2455 4197 καὶ
2480 4141 2707 4213 ὀχληρὸς
2732 4142 2827 4195 καὶ
2854 4140 3025 4212 βαρὺς
3055 4135 3195 4192 εῖναι
3224 4139 3433 4200 δοκεῖς’
3467 4137 3559 4189 ἐπ)⁸
3577 4135 3635 4188 δὲ

1962 4237 2055 4292 τοῦ
2075 4234 2233 4297 Θεοῦ,
2260 4235 2388 4287 ὅταν
2416 4234 2490 4303 μὴ
2515 4230 2674 4284 τοῦτο
2721 4232 2901 4298 ποιῇς,
2930 4228 3052 4281 τότε
3095 4225 3421 4295 παροξύνεις
3453 4223 3635 4293 μειζό-

1961 4345 2088 4390 νως.
2115 4327 2212 4378 Ἂν
2243 4323 2301 4377 δὲ
2352 4320 2616 4391 ἐπιμένῃς
2646 4322 2692 4352 ’⁸
2722 4318 2905 4378 αίτῶν,
2944 4316 3047 4370 κάν
3097 4315 3171 4386 μὴ
3201 4313 3403 4376 εὐθέως
3431 4313 3634 4383 λάϐῃς,

1961 4413 2107 4486 λήψῃ
2136 4412 2371 4471 πάντως.
2404 4406 2502 4460 Διά
2529 4405 2638 4476 γὰρ
2659 4404 2817 4459 τοῦτο
2850 4404 3162 4457 κέκλεισται
3202 4403 3235 4472 ή
3267 4400 3427 4471 θύρα,
3458 4400 3544 4452 ῖνα
3574 4416 3635 4451 σε

1963 4506 2041 4566 εἰς
2067 4501 2128 4554 τὸ
2160 4496 2378 4569 κρούειν
2401 4493 2645 4565 ἐναγάγῃ
2664 4510 2679 4525 ·
2707 4491 2793 4545 διὰ
2821 4490 2979 4544 τοῦτο
3014 4490 3113 4542 οὐκ
3143 4487 3343 4551 εὐθέως
3371 4486 3632 4549 ἐπινεύει,

1966 4591 2053 4645 ἵνα
2075 4588 2322 4658 αἰτήσῃς.
2344 4582 2489 4638 Μένε
2508 4581 2685 4636 τοίνυν
2704 4578 2877 4633 ταῦτα
2894 4577 3084 4641 ποιῶν,
3104 4577 3199 4630 καὶ
3221 4576 3367 4647 λήψῃ
3395 4576 3632 4636 πάντως.

1969 4678 2086 4732 Ἵνα
2115 4673 2225 4744 γὰρ
2257 4671 2332 4743 μὴ
2385 4669 2556 4742 λέγῃς
2577 4685 2591 4700 ·
2624 4666 2677 4720 τί
2705 4661 2820 4728 οὖν,
2871 4664 2937 4718 ἂν
2981 4665 3188 4735 αἰτήσω
3217 4664 3309 4715 καὶ
3347 4662 3421 4732 μὴ
3447 4660 3635 4724 λάϐω;

1965 4761 2267 4833 ἐπετείχισέ
2299 4776 2382 4813 σοι
2412 4756 2509 4828 τὴν
2536 4754 2848 4826 παραϐολὴν
2868 4793 2883 4817 ,
2914 4751 3205 4821 λογισμοὺς
3247 4749 3407 4803 πάλιν
3433 4748 3641 4811 τιθεὶς,

1966 4852 2062 4907 καί¹
2087 4850 2196 4904 ἀπὸ
2215 4847 2321 4901 τῶν
2347 4844 2701 4916 ἀνθρωπίνων
2723 4840 3064 4912 πραγμάτων
3093 4840 3173 4900 εἰς
3196 4836 3256 4890 τὸ
3278 4836 3403 4905 περὶ
3430 4834 3637 4886 τούτων

1967 4936 2190 5007 θαρρεῖν
2228 4931 2438 4998 ἐνάγων
2457 4946 2471 4959 ·
2500 4928 2711 5005 δεικνὺς
2732 4925 2821 4978 διὰ
2852 4923 3177 4986 τούτων,ὅτι
3206 4920 3306 4972 οὐκ
3336 4920 3507 5007 αἰτεῖν
3529 4917 3636 5007 χρὴ

1974 5001 2154 5095 μόνον,
2174 5017 2311 5074 ἀλλά
2328 5017 2423 5072 καὶ
2450 5015 2485 5071 δι
2501 5016 2607 5086 χρὴ
2637 5002 2827 5067 αἰτεῖν.
2857 5011 2953 5076 Τίς
2979 5009 3090 5078 γάρ
3110 5008 3282 5095 ἐστιν
3304 5005 3351 5039 ’³
3378 5004 3447 5069 ἐξ
3472 5001 3639 5095 ὑμῶν

1969 5093 2185 5180 πατὴρ,
2204 5111 2276 5164 δν
2305 5111 2338 5163 ὀ
2364 5106 2495 5171 υίὸς
2513 5103 2699 5160 αὐτοῦ
2726 5099 2961 5169 αἰτήσει
2989 5098 3187 5166 ἄρτον,
3211 5094 3297 5165 μὴ
3318 5095 3492 5148 λίθον
3508 5093 3637 5146 ἐπι-

1967 5200 2147 5254 δώσει
2178 5194 2367 5260 αὺτῷ;
2393 5195 2556 5246 ’Ὥστε
2590 5192 2657 5246 ἀν
2711 5189 2785 5260 μὴ
2811 5187 3003 5257 λάϐῃς,
3042 5181 3229 5253 ἐπειδὴ
3270 5180 3416 5233 λίθον
3443 5180 3636 5242 αἰτεῖς,

1969 5288 2030 5343 οὐ
2076 5285 2393 5357 λαμϐάνεις.
2429 5283 2493 5336 Εἰ
2529 5279 2638 5350 γὰρ
2670 5277 2765 5332 καὶ
2792 5275 2904 5338 υίὸς
2934 5269 3004 5340 εἴ,
3036 5273 3137 5327 οὐκ
3175 5272 3336 5341 ἀρκεῖ
3365 5268 3523 5322 τοῦτο
3558 5270 3639 5330 εἰς

248 5478 573 5548 ⁷⁶δομάτων
610 5474 671 5531 c.
706 5474 889 5548 0.__"
918 5474 975 5528 δὲ
1018 5489 1142 5548 om._
1175 5477 1243 5548 ᾼ.
1283 5472 1344 5528 c.
1387 5474 1448 5527 F.
1525 5472 1574 5548 ξι
1613 5472 1754 5548 Ἐπει

1982 5472 2009 5525 l.
2085 5469 2130 5502 ⁸³
2152 5465 2329 5520 Verba
2362 5461 2569 5518 inclusa
2597 5459 2650 5513 in
2681 5457 2831 5512 nullo
2867 5454 3056 5510 codice
3095 5450 3299 5516 inveni,
3323 5460 3377 5504 et
3409 5458 3640 5548 lutei-qlae

183 5518 469 5619 interpli'es
504 5547 763 5619 neglexit.
792 5543 870 5599 Ne
899 5554 1078 5646 taEI‘nen
1111 5545 1370 5646 delere'm,
1394 5544 1567 5601 movit
1607 5544 1754 5645 conj:

184 5620 576 5646 Lana-adn“...
612 5630 877 5646 -ΛηΑηη-ιι
976 5630 1069 5646 Iuntl
1107 5629 1272 5646 tu:an
1315 5629 1372 5646 ne
1430 5624 1635 5646 Domni-th
1663 5628 1690 5646 σι

1982 5518 2014 5594 ii
2042 5518 2380 5599 αἰδεσθῶίσιν,
2416 5547 2516 5602 pro
2552 5545 2661 5598 quo
2694 5543 2803 5582 non
2835 5541 2999 5580 ausus
3028 5539 3146 5577 sum
3186 5537 3252 5575 ex
3286 5536 3396 5575 uno
3420 5520 3544 5573 cod.
3574 5518 3636 5574 Β.

1982 5611 2084 5646 Rnn
2143 5607 2402 5646 enhlnlnc-
2453 5600 2721 5646 revocavi-
2792 5599 2837 5629 δ’
2865 5592 3120 5646 ῥήξωσιν]
3157 5592 3281 5646 add.
3319 5590 3463 5646 ὑμᾶς

710 5592 896 5671 οηετε.
930 5614 1070 5687 Erge
1107 5592 1396 5675 cancellog.
1430 5592 1635 5669 leniore
1663 5592 1754 5668 a'E

186 5692 235 5724 "
257 5688 637 5755 καταγελῶσιν
673 5633 735 5741 β.
780 5687 878 5755 Ep.
952 5685 998 5717 ⁸⁸
1017 5684 1357 5755 ἀποστρέφου
1396 5687 1510 5755 At
1534 5684 1581 5715 ⁸⁸
1611 5681 1754 5737 οὕτω

1982 5592 2107 5664 Ben.
2143 5592 2721 5668 sublaloéfrevdcavi.
2792 5599 2837 5629 ⁸⁸
2864 5592 3127 5674 ῥήξωσιή
3157 5592 3281 5646 add.
3319 5592 3463 5659 ὑμᾶς
3502 5592 3635 5642 Edd.

1982 5681 2072 5755 βξ.
2094 5677 2153 5731 πο
2229 5675 2606 5755 ⁸⁶.κλείςαντξε
2641 5670 2703 5751 l:3-
2852 5662 3033 5755 “re?!
3057 5666 3171 5755 ,ἓῑῖ
3212 5658 3368 5755 '33:!“-
3396 5658 3635 5755 (ἒξ-,Βιζ-

186 5692 235 5724 ⁶³
257 5681 637 5755 καταγελῶσιν
673 5681 735 5741 F.
780 5687 878 5755 Ep.
952 5681 1357 5755 εδάποστρέφου
1396 5687 1510 5755 At
1534 5684 1581 5715 ⁸⁸
1611 5681 1754 5737 οὕτω

1982 5658 2165 5754 eiii“:
2180 5658 2606 5754 f“.x)ka'£aav1_s_¢
2750 5668 2823 5754 ":7
2852 5658 3033 5734 αὐτὸς]
3057 5658 3163 5754 ἒῖο
3396 5658 3635 5754 63.30-

186 5728 363 5815 ιιιὶλυε
402 5728 553 5811 Arni.
577 5755 760 5812 cmlcri
780 5728 984 5819 αὐτοῖς.
1016 5754 1082 5809 Hi
1104 5728 1293 5807 ευιὲηἶ
1319 5768 1441 5807 cum
1472 5752 1533 5808 F.
1562 5755 1714 5807 Arm.
1737 5770 1754 5804 ι

1982 5728 2157 5821 έέᾴίᾱιξ
2194 5744 2470 5821 οπιίιιυηι.
2519 5728 2884 5821 ,δέτιῶνδλων
2916 5728 3032 5821 οιιιί
3057 5734 3209 5821 δίον.-
3230 5730 3369 5821 Βεηὲ
3386 5728 3635 5821 μδθκκαρῖ

1006 5799 2371 5901 '{25552}E29541}?ﬁé'méézg'jj}:'"Wx,
2402 5810 2603 5885 πατὴρ,
2630 5809 2688 5866 δν
2724 5809 2818 5864 ἐὰν
2847 5809 2875 5862 ό
2908 5806 3022 5869 υίὸς
3048 5800 3212 5860 αὐτοῦ
3252 5799 3447 5870 αἰτήσῃ
3476 5799 3641 5867 ἄρτον

189 5902 328 5958 Edd.

407 5891 455 5932 ’ί
475 5891 766 5969 ἐπιμείνῃς
788 5895 849 5951 C.
924 5896 969 5929 ’³
1002 5891 1148 5949 ἐστιν
1170 5910 1277 5949 om.
1291 5891 1371 5949 'A.
1393 5896 1450 5948 ὃν
1480 5895 1640 5950 ἐὰν...
1670 5903 1725 5947 ιιι
1762 5909 1943 5965 supra.
1978 5891 2113 5947 Edd.
