3868 6182
200 271 294 328 513
1102 274 1166 331 ΙΝ
1205 271 1612 332 MATTIUEUM
1649 270 1881 329 HOMIL.
1925 269 2112 327 XXIII.
2161 271 2232 327 al.
2275 270 2460 328 XXIV.

199 389 561 460 accipiendum
595 407 610 446 :
633 390 740 446 imo
760 387 886 446 illud
907 388 1078 461 ipsum
1101 391 1341 461 impedit,
1363 389 1646 462 quominus
1673 402 1766 443 ac-

197 481 356 549 cipias
378 523 392 542 ,
422 480 598 550 quod,
648 479 786 536 Illius
807 495 928 536 cum
956 480 1034 537 sis
1056 523 1072 548 ,
1097 481 1185 536 illa
1215 491 1364 551 petas
1405 496 1524 552 quae
1545 494 1652 535 non
1677 479 1771 534 tibi

197 569 502 638 expediant.
533 572 600 626 Et
642 581 696 625 to
738 572 915 642 itaque
939 570 1069 626 nihil
1109 572 1435 626 mundanum
1461 581 1612 642 petas
1635 610 1650 635 ,
1675 568 1772 625 sed

195 662 489 730 spiritualia
518 662 692 717 omnia
718 670 808 726 ;et
833 672 983 717 certo
1005 663 1255 732 accipies.
1282 663 1487 719 Etenim
1518 661 1770 717 Salomon

195 751 309 818 quia
354 751 444 804 illa
483 752 634 821 petiit
659 767 777 823 quae
803 760 986 822 petere
1004 752 1303 823 oportebat,
1331 753 1452 809 vide
1478 768 1636 822 quam
1665 752 1774 807 cito

195 845 474 910 acceperit.
513 843 625 897 Duo
651 843 811 913 igitur
831 843 1122 900 observare
1146 853 1359 914 oportet
1386 853 1629 898 orantem
1650 883 1666 907 ,
1715 851 1774 897 ut

194 943 244 986 et
268 932 616 990 vehementer
643 943 805 1004 petat,
827 944 882 991 et
908 951 970 990 ea
999 943 1143 1006 petat
1166 951 1289 1006 quae
1313 934 1415 990 sibi
1440 934 1730 1004 expediunt
1756 950 1769 987 :

193 1023 620 1094 quandoquidem
662 1034 715 1078 et
744 1040 869 1091 vos,
919 1027 1120 1097 inquit,
1164 1027 1370 1082 etiamsi
1402 1035 1579 1095 patres
1618 1025 1771 1092 sitis,

197 1115 330 1168 filios
360 1124 573 1170 vestros
593 1125 772 1185 petere
793 1116 964 1171 sinitis
988 1133 1003 1182 ;
1047 1128 1103 1172 et
1139 1117 1182 1170 si
1207 1117 1523 1173 damnosum
1547 1116 1617 1170 sit
1645 1114 1772 1170 illud

195 1204 333 1273 quod
366 1214 585 1274 petunt,
618 1207 857 1276 negatis;
887 1207 969 1261 sin
995 1207 1123 1262 utile
1149 1207 1238 1273 sit,
1266 1208 1498 1262 annuitis
1531 1214 1585 1262 et
1612 1206 1770 1261 datis.

194 1295 269 1348 Tu
296 1297 457 1365 igitur
476 1295 590 1351 hate
612 1299 871 1366 cogitans,
894 1312 960 1353 ne
991 1298 1218 1353 absistas
1234 1339 1248 1364 ,
1272 1297 1444 1353 donec
1465 1299 1769 1368 acceperis;

195 1401 258 1440 ne
282 1385 535 1451 recedas,
562 1387 733 1442 donec
775 1388 1044 1444 inveneris
1069 1405 1086 1454 ;
1139 1404 1207 1444 ne
1230 1391 1462 1445 studium
1494 1391 1734 1446 remittas
1752 1431 1769 1456 ,

193 1476 359 1531 donec
374 1478 653 1544 aperiatur
671 1477 854 1547 janua.
883 1478 939 1532 Si
956 1479 1102 1534 enim
1131 1479 1232 1534 hoc
1257 1481 1436 1536 animo
1457 1481 1768 1546 accesseris,
1809 1533 1812 1538 .

194 1568 495 1637 dixerisque
513 1608 530 1633 ,
556 1566 667 1623 Nisi
695 1569 942 1639 recipiam
966 1610 982 1630 .
1024 1584 1129 1624 non
1159 1572 1293 1626 abeo
1314 1610 1330 1636 ,
1358 1586 1577 1640 prorsus
1626 1571 1771 1626 acci-

197 1661 302 1729 pies
323 1699 340 1725 ,
373 1661 418 1713 si
469 1669 647 1716 tamen
675 1661 766 1716 illa
793 1671 974 1731 petas,
1016 1677 1136 1731 quae
1163 1671 1218 1718 et
1240 1662 1290 1717 ei
1317 1678 1348 1717 a
1381 1678 1488 1732 quo
1531 1662 1668 1731 petis
1717 1669 1773 1718 et

196 1752 281 1806 tibi
309 1751 527 1820 expedit
568 1762 630 1807 ut
654 1751 865 1807 dentur.
907 1753 1162 1820 Quaenam
1189 1769 1348 1823 porro
1374 1765 1499 1808 sunt
1523 1753 1637 1809 hate
1660 1753 1684 1807 ?
1711 1752 1769 1809 Si

192 1843 486 1912 spiritualia
518 1854 668 1914 petas
709 1845 917 1910 omnia;
957 1846 1002 1900 si
1030 1853 1306 1915 postquam
1348 1845 1578 1900 offensas
1605 1845 1770 1901 remi-

195 1936 324 1998 sisti,
361 1937 442 1989 sic
477 1935 704 1990 accedas
741 1936 1107 1992 remissionem
1139 1947 1358 2006 petens;
1391 1938 1434 1992 si
1460 1937 1663 2008 absque
1692 1937 1771 1993 ira

193 2037 244 2078 et
301 2025 778 2095 disceptationibus
830 2020 1040 2082 sanctas
1086 2041 1274 2082 manus
1316 2027 1622 2083 attollamus
1668 2029 1768 2098 (I.

195 2115 319 2168 Tim.
348 2116 401 2168 2.
432 2117 526 2186 8).
569 2115 629 2172 Si
657 2117 736 2172 sic
765 2126 1004 2186 petamus
1025 2158 1040 2184 ,
1062 2116 1402 2187 accipiemus.
1456 2117 1609 2174 Nunc
1642 2132 1771 2174 vero

193 2217 366 2263 nostra
398 2208 585 2278 petitio
615 2209 790 2264 irrisio
825 2218 938 2275 est,
975 2211 1255 2281 potiusque
1291 2211 1561 2267 ebriorum
1593 2210 1768 2266 homi-

193 2317 335 2366 num,
361 2316 523 2371 quam
545 2300 866 2357 sobriorum.
906 2302 1042 2369 Quid
1075 2302 1261 2373 igitur,
1303 2302 1545 2374 inquies,
1585 2303 1630 2356 si
1656 2303 1769 2372 spi-

191 2394 396 2448 ritualia
427 2403 603 2462 petam
625 2435 640 2459 ,
682 2409 783 2448 nec
806 2395 1102 2464 accipiam?
1137 2394 1255 2450 Non
1280 2394 1517 2450 studiose
1555 2393 1770 2464 procul-

189 2487 346 2540 dubio
393 2487 707 2555 postulasti,
737 2488 819 2542 vel
869 2487 1094 2557 teipsqu
1154 2487 1426 2558 indignant
1472 2487 1643 2543 fecisti
1678 2487 1770 2558 qui

185 2580 488 2648 acciperes,
535 2587 627 2633 aut
671 2579 827 2635 citius
864 2597 1022 2651 quam
1063 2596 1159 2650 par
1185 2589 1300 2635 erat
1333 2581 1657 2638 abscessisti.
1703 2581 1772 2637 Et

183 2685 304 2735 cur,
339 2671 548 2741 inquies
569 2711 585 2738 ,
619 2686 725 2726 non
753 2671 887 2726 dixit
929 2687 1047 2742 qua:
1079 2681 1325 2741 oporteat
1361 2673 1583 2742 petere?
1607 2671 1769 2728 Certe

185 2763 288 2833 jam
338 2763 518 2817 omnia
549 2763 696 2834 prius
720 2763 854 2818 dixit
873 2804 888 2828 ,
919 2773 974 2818 et
1001 2763 1234 2819 ostendit
1271 2779 1367 2833 pro
1394 2764 1585 2834 quibus
1610 2779 1767 2820 acce—

183 2856 312 2910 dere
335 2863 602 2925 oporteat.
628 2854 704 2911 Ne
726 2856 899 2925 itaque
917 2855 1085 2921 dicas,
1111 2856 1348 2922 Accessi,
1365 2863 1418 2910 et
1435 2871 1540 2910 non
1561 2857 1763 2926 accepi.

185 2949 297 3005 Non
337 2950 483 3005 enim
515 2964 611 3019 per
638 2950 802 3005 Deum
842 2950 990 3004 stetit
1016 2951 1301 3020 quominus
1325 2951 1629 3020 acceperis,
1677 2949 1767 3020 qui

185 3042 317 3097 adeo
358 3041 571 3112 diligit,
621 3051 678 3095 nt
712 3051 888 3112 patres
946 3041 1046 3096 hac
1101 3042 1151 3096 in
1200 3057 1257 3097 re
1308 3050 1511 3098 tantum
1546 3043 1766 3110 vincat,

183 3143 439 3203 quantum
469 3134 604 3188 hanc
632 3134 917 3203 nequitiam
950 3132 1154 3188 bonitas
1185 3142 1419 3202 superat.
1446 3134 1530 3188 II.
1549 3133 1610 3188 Si
1635 3133 1768 3186 enim

185 3242 286 3291 vos,
313 3242 432 3278 cum
456 3226 565 3280 sitis
594 3225 736 3292 ntali,
769 3226 922 3279 nostis
949 3225 1078 3279 bona
1116 3224 1254 3286 dati;
1264 3224 1388 3278 dare
1412 3224 1532 3292 ﬁliis
1555 3224 1729 3278 vestris
1748 3265 1764 3292 ,

183 3328 367 3387 quanto
405 3317 569 3386 magis
593 3316 748 3370 Pater
783 3326 940 3372 vester
965 3316 1176 3370 ca'lestis
1192 3315 1218 3368 Ρ
1253 3315 1378 3370 Haec
1407 3330 1566 3385 porro
1593 3314 1765 3382 dixit,

185 3427 287 3465 non
333 3411 641 3482 vituperans
690 3409 973 3464 humanam
1015 3417 1256 3463 naturam
1281 3448 1296 3473 ,
1329 3423 1426 3462 nec
1467 3421 1637 3478 genus
1673 3421 1769 3462 no-

184 3510 350 3554 strum
379 3501 579 3554 malum
610 3515 728 3556 esse
769 3501 1153 3571 pronuntians;
1196 3499 1369 3554 absit:
1399 3498 1492 3553 sed
1531 3513 1768 3553 amorem

184 3602 486 3661 paternum,
519 3592 564 3646 si
593 3608 712 3648 curn
743 3593 976 3647 bonitate
1000 3592 1091 3646 Dei
1115 3601 1487 3660 comparetur,
1510 3590 1765 3646 malitiam

183 3686 498 3755 appellans:
527 3693 674 3739 tanta
701 3684 902 3740 scilicet
929 3683 1069 3739 inest
1098 3683 1173 3737 illi
1199 3683 1515 3752 benignitas.

253 3781 308 3834 5.
353 3778 599 3832 Vidistin'
651 3777 902 3832 invictum
950 3784 1317 3846 argumentum
1345 3817 1360 3843 ,
1411 3774 1551 3846 qttod
1599 3776 1770 3844 possit

181 3873 344 3928 etiam
378 3872 756 3942 deSperantem
797 3870 849 3924 in
899 3869 1090 3923 bonam
1135 3883 1285 3938 spem
1325 3869 1624 3924 revocare?
1671 3868 1768 3924 llic

180 3963 396 4034 quidem
451 3962 700 4032 exemplo
753 3968 960 4030 patrum
1008 3959 1297 4014 bonitatem
1347 3959 1440 4014 Dei
1487 3958 1762 4014 ostendit:

184 4058 429 4128 superius
475 4065 650 4110 autem
677 4070 742 4110 ex
769 4053 924 4109 donis
950 4054 1060 4107 suis
1088 4052 1409 4122 majoribus,
1441 4067 1507 4108 ex
1554 4052 1727 4105 anima
1748 4092 1764 4117 ,

184 4167 243 4205 ex
269 4163 538 4219 corpore;
569 4156 625 4202 et
661 4161 920 4216 nusquam
946 4154 1104 4216 caput
1149 4144 1410 4199 bonorum
1436 4145 1621 4211 aliert,
1669 4159 1767 4199 ne-

183 4257 283 4311 que
336 4241 504 4311 ipsius
545 4239 830 4294 adventum
874 4239 925 4292 in
954 4237 1187 4293 medium'
1221 4236 1477 4292 adducit:
1507 4251 1629 4291 nam
1677 4235 1766 4306 qui

184 4332 350 4385 tilium
371 4329 725 4386 occidendum
762 4328 936 4393 dedit,
966 4327 1235 4398 quomodo
1263 4327 1416 4382 nobis
1442 4323 1546 4381 non
1588 4326 1766 4381 omnia

182 4420 444 4476 donabit?
489 4419 613 4474 llaec
654 4434 784 4473 vero
813 4419 1046 4474 nondum
1089 4427 1398 4473 evenerant.
1427 4417 1533 4474 Sed
1571 4418 1766 4473 Paulus

185 4511 309 4567 illud
334 4511 495 4566 affert
531 4510 616 4568 his
641 4509 818 4565 verbis
847 4526 862 4563 τ
895 4509 1228 4579 Qui-proprio
1266 4510 1375 4577 filio
1395 4524 1494 4562 non
1522 4509 1762 4579 pepercit,

183 4603 432 4672 quomodo
455 4618 557 4655 non
572 4602 726 4655 etiam
752 4616 868 4653 cum
891 4617 950 4654 eo
975 4601 1145 4654 omnia
1171 4601 1312 4654 nobis
1340 4601 1546 4654 donabit
1572 4601 1590 4674 (
1613 4601 1760 4655 Rom.

184 4696 234 4749 8.
267 4694 406 4764 52)’
455 4694 571 4763 Ipse
601 4709 728 4748 vero
753 4692 996 4748 Christus
1045 4707 1111 4747 ex
1157 4692 1402 4747 humanis
1430 4691 1602 4748 adhuc
1643 4708 1766 4748 cum

185 4788 290 4841 illis
333 4787 570 4841 disserit.
627 4785 825 4840 Deinde
850 4783 1136 4839 ostendens
1159 4823 1175 4850 ,
1203 4799 1302 4839 nec
1330 4784 1555 4838 orationi
1596 4783 1765 4838 ﬁden-

183 4879 304 4934 dum
335 4893 489 4943 esse,
514 4877 560 4936 si
584 4891 645 4932 ea
668 4891 787 4946 qua:
812 4875 864 4930 in
893 4876 1044 4931 nobis
1072 4884 1197 4932 sunt
1223 4876 1568 4945 negligamus,
1594 4892 1767 4947 neque

185 4970 227 5023 si
258 4970 343 5022 illa
387 4981 677 5031 curemus,
706 4975 903 5020 nostra:
947 4979 1089 5020 cura:
1131 4979 1194 5020 ac
1230 4965 1519 5036 diligentim
1563 4975 1766 5021 tantum

187 5059 453 5115 ridendum
496 5074 620 5114 esse
639 5098 654 5122 ,
679 5057 774 5112 sed
803 5072 1092 5127 supernum
1118 5071 1239 5112 esse
1266 5057 1640 5127 requirendum
1667 5072 1767 5112 au-

184 5153 404 5214 xiliuzn,
435 5159 492 5204 et
539 5159 720 5204 nostra
764 5149 920 5203 simul
969 5148 1237 5203 afferenda
1286 5163 1441 5212 esse,
1485 5158 1540 5204 et
1565 5148 1666 5204 hoc
1713 5159 1768 5206 et

186 5244 308 5300 illud
352 5243 662 5313 frequenter
705 5243 944 5311 apponit.
999 5241 1132 5297 Nam
1189 5253 1307 5312 post
1358 5243 1520 5297 multa
1565 5243 1768 5298 monita

183 5337 397 5390 modum
425 5333 613 5390 orandi
639 5333 839 5400 docuit,
871 5341 925 5388 et
953 5342 1231 5403 postquam
1257 5332 1309 5387 id
1333 5333 1586 5388 docuerat
1604 5373 1619 5400 ,
1648 5348 1768 5388 rur-

183 5439 272 5480 sus
314 5426 381 5480 ad
421 5423 687 5495 agendum
713 5423 1020 5479 cohortatus
1043 5433 1165 5490 est;
1208 5423 1401 5480 abhinc
1431 5424 1622 5480 iterum
1648 5438 1765 5478 mo-

187 5517 293 5571 nuit
320 5517 580 5572 orandum
611 5531 734 5572 esse
774 5515 1116 5587 frequenter,
1167 5531 1289 5571 cum
1336 5516 1510 5582 dixit,
1564 5515 1764 5583 Petita,

181 5608 406 5675 quam,
443 5606 674 5677 πυρώσω
703 5607 802 5662 sub
829 5606 944 5662 haec
983 5622 1218 5673 rursum,
1249 5607 1457 5662 virtutis
1498 5607 1767 5665 studiosos

183 5712 299 5763 esse
322 5707 605 5770 oportere;
654 5713 774 5771 nam
805 5699 918 5769 ait,
949 5699 1035 5755 12.
1068 5699 1254 5756 Omnia
1279 5716 1398 5771 ergo
1442 5716 1764 5774 qittecuntquc

1877 385 2030 440 vultis
2057 394 2114 440 ut
2142 386 2332 458 faciant
2378 386 2516 442 vobis
2561 386 2785 444 homines
2805 429 2821 459 ,
2849 395 2905 445 et
2937 403 3024 446 vos
3047 389 3198 461 facile
3223 390 3362 456 illis;
3411 394 3464 448 in

1879 477 2025 534 brevi
2052 477 2225 547 spatio
2253 487 2443 534 cuncta
2469 493 2749 536 resumens
2778 522 2794 549 ,
2845 481 3236 553 ostendensque
3254 524 3270 550 ,
3311 498 3464 538 com-

1880 568 2218 640 pendiosam,
2244 569 2448 625 facilem
2471 611 2487 638 ,
2523 571 2880 643 omnibusque
2917 580 3099 628 notam
3142 587 3263 630 esse
3295 574 3466 630 virtu-

1880 669 2010 716 tem.
2056 661 2241 732 Neque
2289 662 2602 733 simpliciter
2646 663 2812 732 dixit,
2853 665 3214 735 Quaecumque
3265 665 3460 730 vultis;

1879 752 1996 818 sed,
2026 752 2210 807 Omnia
2230 771 2349 826 ergo
2377 771 2704 826 quaecumque
2743 758 2911 812 vultis.
2953 757 3087 814 Nam
3115 758 3264 825 illud,
3297 758 3458 830 Ergo,

1880 857 1988 897 non
2043 843 2159 900 sine
2208 858 2368 900 causa
2406 845 2634 916 adjecit,
2689 846 2784 902 sed
2816 846 2918 903 hoc
2956 848 3298 905 subindieans
3343 867 3358 903 :
3407 851 3465 906 Si

1879 934 2065 999 vultis,
2119 935 2319 1005 inquit,
2343 937 2547 1002 audiri,
2576 954 2696 993 cum
2726 939 2866 1008 illis,
2909 956 3028 1011 qua:
3065 941 3206 1009 dixi,
3253 951 3308 998 et
3349 942 3465 999 haec

1880 1022 2054 1079 facite.
2084 1024 2341 1093 Quaenam
2382 1027 2513 1081 illa?
2544 1027 2883 1098 Quoscumque
2907 1031 3056 1084 vultis
3082 1041 3135 1084 ut
3161 1031 3354 1101 faciant
3377 1047 3464 1087 var

1879 1114 1954 1169 bis
1993 1114 2238 1171 homines.
2291 1116 2476 1173 Viden‘
2499 1119 2768 1189 quomodo
2797 1121 3125 1190 ostenderit,
3173 1137 3295 1179 cum
3342 1139 3466 1180 ora.-

1881 1204 2026 1260 tione
2068 1205 2233 1260 etiam
2277 1206 2447 1278 probo
2473 1208 2595 1263 vitae
2638 1210 2878 1266 instituto
2925 1212 3078 1268 nobis
3123 1227 3258 1283 opus
3299 1215 3485 1270 essei'

1879 1295 2061 1368 Neque
2087 1298 2253 1366 dixit,
2305 1299 2665 1372 Quaecumque
2703 1303 2937 1359 volueris
2966 1303 3060 1359 tibi
3091 1319 3120 1359 a
3154 1306 3264 1362 Deo
3307 1306 3419 1363 fieri
3444 1349 3461 1374 ,
3549 1294 3552 1298 ’

1881 1385 1997 1444 hate
2023 1389 2104 1443 fac
2151 1397 2208 1444 et
2253 1391 2536 1459 proximo:
2569 1407 2637 1448 ne
2673 1392 2913 1460 diceres,
2948 1396 3012 1450 Et
3055 1398 3322 1467 quomodo
3363 1398 3472 1455 hoc

1877 1477 2017 1532 effici
2045 1479 2255 1549 potest?
2284 1480 2372 1536 ille
2401 1481 2541 1536 Deus
2565 1491 2649 1538 est
2669 1523 2686 1550 ,
2717 1492 2771 1539 et
2797 1499 2896 1554 ego
2920 1484 3120 1553 homo;
3152 1487 3278 1555 sed,
3309 1488 3466 1556 Qua:-

1876 1581 2106 1638 cumque
2155 1569 2388 1627 volueris
2435 1572 2531 1627 tibi
2586 1572 2701 1628 ﬁeri
2742 1588 2772 1628 a
2829 1589 3128 1644 conservo,
3178 1577 3296 1633 haec
3323 1587 3377 1634 et
3405 1587 3464 1633 tu

1879 1661 2129 1730 proximo
2177 1670 2270 1718 tuo
2317 1664 2592 1720 exhibeas.
2647 1667 2784 1734 Quid
2823 1666 2922 1723 hac
2959 1684 3019 1725 re
3064 1670 3280 1726 levius?
3334 1672 3462 1742 quid

1872 1754 2110 1825 iustius?
2137 1755 2336 1812 Deinde
2363 1766 2486 1812 ante
2511 1761 2727 1827 praemia
2752 1760 2952 1830 grande
2973 1764 3295 1818 encomium.
3329 1763 3458 1819 Hinc

1876 1854 1951 1899 est
1977 1845 2109 1900 enim
2136 1845 2219 1900 lea:
2244 1887 2259 1912 ,
2287 1856 2335 1901 ct
2370 1849 2646 1918 prophetae.
2676 1850 2829 1906 Unde
2872 1853 3207 1910 manifestum
3257 1865 3340 1910 est
3376 1869 3463 1911 se-

1876 1936 2110 1993 cundum
2165 1947 2404 1994 naturam
2453 1941 2609 1996 nobis
2657 1942 2833 1999 inesse
2878 1945 3164 2014 virtutem,
3192 1957 3246 2002 et
3286 1962 3386 2002 nos
3431 1963 3461 2002 a

1878 2028 2033 2084 nobis
2059 2030 2189 2099 ipsis
2207 2031 2335 2102 quid
2363 2032 2434 2086 sit
2473 2033 2736 2103 agendum
2762 2035 2932 2101 scire,
2975 2053 3148 2106 neque
3195 2053 3351 2108 posse
3393 2040 3460 2095 ad

1877 2120 2190 2190 ignorantia:
2219 2122 2616 2178 excusationem
2654 2139 2903 2195 umquam
2928 2127 3236 2197 confugere.

1946 2212 2102 2266 Arcto
2127 2221 2200 2267 est
2225 2213 2306 2266 via
2330 2229 2443 2284 quis
2482 2215 2621 2269 ducit
2668 2216 2736 2269 ad
2776 2218 2966 2283 vitam;
3011 2220 3260 2288 quomodo
3297 2220 3464 2291 facilis

1877 2303 2072 2358 evadat.
2102 2333 2172 2343 —
2199 2305 2286 2360 I3.
2330 2303 2525 2359 Intrate
2548 2322 2638 2376 per
2665 2317 2929 2378 angustam
2960 2319 3180 2377 portam,
3223 2312 3461 2379 quoniam

1876 2395 1982 2450 lata
2007 2403 2078 2449 est
2108 2405 2255 2465 porta
2275 2437 2290 2462 ,
2320 2405 2366 2450 et
2387 2397 2611 2466 spatiosa
2647 2398 2727 2451 via
2753 2408 2844 2462 est,
2888 2415 3002 2468 qua:
3029 2401 3164 2454 ducit
3189 2401 3257 2455 ad
3293 2403 3464 2473 perdi-

1877 2487 2081 2550 tionem,
2114 2498 2162 2541 ct
2206 2489 2354 2541 mulli
2378 2497 2514 2554 sunt,
2543 2489 2627 2557 qui
2667 2489 3017 2560 ingrediuntur
3055 2508 3146 2561 per
3183 2509 3293 2546 eam
3322 2508 3341 2547 :
3369 2493 3457 2547 N.

1875 2589 1924 2634 ct
1951 2589 2092 2633 arcta
2119 2590 2191 2634 est
2219 2590 2365 2651 porta
2390 2621 2404 2644 ,
2436 2591 2484 2634 et
2524 2591 2739 2651 angusta
2761 2583 2860 2648 via,
2885 2598 2997 2652 qua?
3023 2584 3160 2637 ducit
3196 2585 3264 2637 ad
3283 2585 3455 2650 vitam,

1876 2680 1922 2725 et
1945 2672 2092 2740 pauci
2119 2681 2258 2736 sunt,
2297 2671 2384 2740 qui
2411 2671 2666 2726 inveniunt
2711 2689 2842 2726 eam.
2881 2675 3040 2741 Atqui
3070 2681 3249 2743 postea
3280 2673 3408 2729 dicit
3441 2692 3455 2727 :

1873 2761 2069 2832 Iugum
2113 2779 2278 2817 meum
2316 2779 2467 2817 suave
2508 2774 2614 2830 est,
2643 2775 2690 2818 et
2728 2752 2854 2819 onus
2894 2782 3058 2819 meum
3090 2767 3192 2821 leve
3225 2765 3453 2838 (Matth.

1878 2855 1967 2908 II.
2007 2854 2149 2926 30);
2198 2865 2358 2925 atque
2382 2857 2540 2910 etiam
2572 2856 2622 2910 in
2653 2857 2751 2923 iis,
2783 2873 2904 2927 qua:
2949 2859 3104 2928 paulo
3148 2871 3272 2914 ante
3311 2859 3453 2914 dicta

1875 2955 2038 3010 sunt,
2093 2946 2322 3016 idipsum
2365 2947 2719 3003 subindicavit
2769 2967 2782 3001 :
2829 2951 3096 3020 quomodo
3135 2959 3314 3006 autem
3370 2951 3458 3006 hic

1874 3047 2075 3093 arctam
2102 3039 2244 3094 illam
2269 3049 2654 3111 angnstamque
2679 3040 2807 3096 dicit
2832 3044 2992 3098 esse?
3021 3043 3179 3100 Certe
3209 3046 3253 3098 si
3280 3053 3456 3100 atten-

1874 3130 2018 3186 deris
2040 3171 2053 3195 ,
2084 3130 2170 3186 hic
2195 3132 2358 3186 etiam
2388 3132 2623 3186 declarat
2661 3133 2802 3188 illam
2831 3133 3113 3189 admodum
3141 3149 3259 3189 esse
3285 3135 3457 3190 levent

1873 3233 1927 3278 et
1955 3222 2184 3278 facilem.
2211 3222 2280 3277 Et
2317 3224 2614 3293 quomodo,
2647 3223 2852 3294 inquies
2871 3266 2887 3292 ,
2919 3225 3007 3280 illa
3028 3267 3043 3292 ,
3086 3241 3204 3295 quae
3232 3235 3377 3282 arcta
3404 3236 3459 3281 et

1873 3323 2115 3385 angusta,
2145 3314 2315 3371 facilis
2341 3317 2485 3372 erit?
2536 3316 2667 3386 Quia
2696 3317 2780 3372 via
2832 3326 2943 3382 est,
2994 3328 3047 3373 ct
3089 3329 3274 3388 porta;
3321 3320 3460 3374 sicut

1873 3409 2034 3464 etiam
2060 3409 2148 3462 illa
2174 3409 2276 3464 alia
2301 3449 2317 3475 ,
2346 3410 2446 3464 etsi
2477 3409 2582 3464 lata
2609 3420 2663 3465 et
2689 3411 2924 3479 spatiosa
2943 3452 2959 3476 ,
3001 3411 3084 3465 via
3114 3421 3196 3465 est
3219 3420 3272 3465 et
3319 3411 3457 3480 ipsa.

1873 3499 1931 3556 In
1969 3499 2050 3554 his
2078 3509 2254 3555 autem
2284 3499 2412 3554 nihil
2447 3511 2657 3566 manet,
2701 3501 2795 3556 sed
2841 3511 3118 3556 transeunt
3165 3501 3339 3555 omnia
3386 3501 3456 3556 ad

1874 3591 2011 3648 hanc
2051 3593 2211 3648 vitam
2265 3591 2618 3661 pertinentia,
2665 3595 2778 3647 sive
2805 3593 3008 3656 tristia,
3039 3592 3151 3648 sive
3179 3606 3453 3661 prOSpera.

1872 3686 1982 3741 Nec
2020 3685 2142 3740 ideo
2171 3693 2376 3740 tantum
2419 3685 2588 3740 facilis
2621 3695 2703 3741 est
2727 3686 2926 3750 virtus;
2958 3684 3052 3740 sed
3081 3700 3112 3738 a
3156 3685 3261 3739 line
3297 3685 3457 3738 etiam

1872 3777 2078 3833 facilior
2122 3778 2382 3833 redditur.
2420 3776 2602 3847 Neque
2641 3777 2781 3832 enim
2826 3786 3028 3830 tantum
3056 3775 3199 3844 quod
3248 3774 3460 3830 labores

1873 3877 1931 3924 et
1954 3868 2177 3924 sudores
2223 3876 2513 3933 transeant,
2545 3868 2637 3924 sed
2663 3868 2821 3922 etiam
2851 3868 2991 3938 quod
3019 3867 3162 3922 bono
3192 3867 3317 3934 line,
3349 3867 3459 3920 vita

1874 3973 2066 4029 nempe
2084 4000 2100 4026 ,
2130 3959 2501 4023 terminentur,
2535 3957 2586 4012 id
2608 3958 3029 4013 consolationem
3058 3956 3457 4012 decertantibus

1874 4065 2065 4120 parere
2093 4049 2275 4104 debet.
2302 4048 2482 4118 Itaque
2509 4058 2563 4103 et
2584 4049 2814 4104 brevitas
2833 4049 3076 4104 laborum
3104 4055 3160 4104 et
3186 4046 3472 4103 aeternitas.

1872 4157 2212 4206 coronarum,
2247 4150 2301 4198 et
2326 4142 2476 4213 quod
2497 4142 2612 4197 haec
2631 4142 2738 4196 sint
2764 4142 2938 4213 priora
2963 4181 2978 4206 ,
3013 4141 3100 4203 illa
3128 4155 3254 4195 vero
3277 4151 3458 4210 poste.

1873 4234 2049 4298 riora;
2084 4233 2197 4288 haec
2223 4240 2368 4288 certe
2393 4233 2568 4287 omnia
2619 4233 2902 4287 maximam
2943 4232 2994 4286 in
3037 4231 3309 4286 laboribus
3332 4229 3461 4296 alle-

1871 4335 1993 4381 rant
2017 4325 2457 4380 consolationem.
2485 4325 2820 4394 Quapropter
2853 4323 3048 4378 Paulus
3075 4324 3245 4378 levem
3291 4322 3459 4383 tribu-

1874 4419 2126 4473 lationem
2191 4418 2444 4484 vocavit,
2502 4432 2606 4471 non
2653 4417 2725 4472 ob
2785 4425 3030 4471 naturam
3100 4415 3458 4476 accidentium

1873 4525 2053 4567 rerum
2073 4551 2088 4576 ,
2130 4509 2224 4565 sed
2255 4510 2323 4565 ob
2355 4517 2651 4579 promptam
2683 4509 3008 4564 voluntatem
3038 4506 3375 4571 certantium,
3404 4516 3468 4561 et.

1872 4615 2023 4671 spem
2068 4601 2386 4655 futurorum.
2439 4598 2566 4654 Leve
2625 4598 2959 4652 tribulationis
2991 4639 3006 4664 ,
3058 4596 3262 4667 inquit,
3302 4613 3460 4665 supra

1871 4694 2100 4760 modum,
2149 4701 2389 4748 aternum
2417 4691 2594 4763 gloria:
2621 4691 2818 4761 pondus
2863 4700 3122 4760 operatur,
3165 4707 3263 4743 non
3291 4690 3459 4742 consi-

1873 4786 2164 4841 derantibus
2214 4785 2356 4840 nobis
2408 4801 2521 4854 qua:
2563 4784 2816 4850 videntur,
2845 4783 2934 4837 sed
2961 4798 3075 4852 quae
3105 4799 3202 4836 non
3230 4782 3459 4835 videntur

1874 4879 1894 4948 (
1918 4879 1971 4932 2.
2002 4877 2116 4934 Cor.
2148 4879 2205 4934 4.
2240 4878 2328 4932 l7.
2359 4877 2480 4948 I8).
2525 4876 2655 4931 Nam
2686 4876 2731 4931 si
2755 4875 2946 4930 ﬂuctus
2969 4883 3022 4929 et
3049 4875 3214 4928 maria
3242 4871 3415 4926 nautis
3438 4911 3454 4933 ,

1871 4987 1936 5027 ac
1986 4971 2162 5027 caedes
2199 4971 2528 5040 vulneraque
2575 4969 2860 5034 militibus,
2906 4966 3078 5021 hiems
3129 4974 3286 5034 atque
3337 4962 3457 5031 gelu

1871 5063 2138 5131 agricolis,
2171 5060 2539 5132 pugilibusque
2566 5060 2870 5130 frequentes
2905 5057 3102 5126 plagze,
3139 5055 3287 5109 leves
3317 5054 3450 5108 tole-

1874 5153 2176 5224 rabilesque
2207 5153 2457 5210 videntur
2476 5194 2491 5220 ,
2523 5151 2592 5206 ob
2623 5165 2771 5220 spem
2817 5147 3177 5218 praemiorum,
3208 5159 3328 5214 quae
3373 5155 3458 5198 ta-

1872 5260 1994 5300 men
2045 5245 2184 5300 ﬂuxa
2235 5245 2573 5315 perituraque
2626 5250 2789 5296 sunt:
2824 5239 2992 5292 multo
3038 5237 3205 5308 magis
3242 5237 3458 5307 quando

1872 5339 2062 5393 caelum
2089 5337 2240 5393 nobis
2259 5379 2276 5404 ,
2305 5335 2588 5390 ineﬂ‘abilia
2617 5333 2755 5387 bona
2773 5371 2789 5398 ,
2817 5330 3140 5400 praemiaque
3183 5332 3459 5384 immorta-

1873 5430 1945 5484 lia
1992 5435 2360 5499 proponuntur
2384 5467 2398 5492 ,
2445 5425 2646 5480 nullum
2673 5423 2794 5494 quis
2821 5423 3164 5494 prmsentium
3192 5421 3454 5478 malorum

1873 5533 2088 5575 sensum
2119 5516 2395 5589 percipiat.

1944 5612 1999 5666 6.
2039 5609 2190 5678 Quod
2216 5611 2260 5664 si
2297 5608 2387 5678 qui
2422 5608 2486 5662 iis
2513 5607 2670 5664 etiam
2711 5607 2920 5679 positis,
2961 5605 3101 5662 viam
3135 5605 3273 5658 illam
3303 5600 3445 5658 labo-

1877 5704 2073 5761 riosam
2097 5716 2217 5760 esse
2243 5709 2453 5774 putant,
2481 5715 2547 5758 ex
2575 5699 2786 5760 illorum
2826 5699 3030 5760 desidia
3055 5707 3257 5757 tantum
3285 5697 3455 5756 oritui:
