3868 6182
444 233 549 289 5Ιὸ

442 343 560 399 huic
580 344 834 414 saepieio.
868 346 1003 405 Vide
1023 350 1169 407 enim
1183 367 1349 423 quam
1368 356 1540 413 levem
1564 358 1713 416 illam
1738 361 1844 418 alio
1866 363 2031 419 modo

442 436 673 501 cfliciat,
702 452 823 493 eum
844 437 1002 509 jubet
1044 456 1150 496 non
1190 445 1530 504 commisceri
1569 450 1824 515 canibus.
1859 468 2039 523 neque

444 527 625 596 porcis
647 542 707 582 se
735 528 966 596 tradere,
994 540 1047 585 et
1073 547 1263 589 cavere
1288 550 1317 588 a
1347 536 1847 611 pseudoprophetis,
1873 542 2031 598 dunt-

440 634 543 688 que
580 634 681 675 eos
711 620 944 693 undique
983 623 1242 681 sollicitos
1271 627 1465 683 reddit.
1499 630 1615 686 Hoc
1658 632 1831 701 ipsum
1876 651 2028 703 vero,

440 711 581 779 quod
615 711 757 767 illam
787 725 989 769 arctam
1031 717 1287 787 appellat,
1316 721 1555 777 maxime
1579 725 1791 780 confert
1815 726 1881 781 ad
1910 742 2026 783 eam

440 802 648 858 facilem
676 804 1022 873 reddendam,
1052 809 1348 865 admonens
1378 812 1497 868 illos
1528 822 1587 868 ut
1610 816 1852 886 vigilem.
1879 818 2031 876 Sicut

442 896 585 949 enim
613 896 832 964 Paulus,
859 913 980 954 cum
1016 900 1171 965 dixit,
1203 901 1325 957 Non
1349 916 1421 960 est
1451 907 1594 961 nobis
1618 909 1908 966 cotiuctatio
1934 913 2029 967 ad-

441 998 609 1039 versus
655 988 953 1058 sanguinem
992 1000 1038 1043 et
1077 1008 1281 1047 carnem
1310 994 1526 1064 (Ep/tes.
1574 997 1626 1054 6.
1660 998 1774 1070 12),
1827 1016 1935 1057 non
1967 1013 2025 1057 ut

439 1074 676 1144 dejiciat,
719 1078 814 1133 sed
845 1089 902 1134 ut
945 1082 1115 1152 erigat
1154 1084 1380 1140 militum
1411 1088 1643 1157 animos,
1672 1090 1724 1145 id
1753 1090 1883 1147 dicit
1910 1114 1923 1150 :
1948 1095 2025 1150 sic

439 1163 554 1234 ipse
592 1166 848 1225 Dominus
873 1180 929 1225 ut
957 1173 1190 1230 viatores
1226 1192 1256 1230 a
1300 1190 1491 1233 somno
1518 1181 1735 1249 excitet,
1777 1198 2023 1254 asperam

439 1255 569 1310 dicit
614 1258 751 1313 viam
782 1277 994 1331 :neque
1038 1264 1139 1320 hoc
1176 1270 1547 1326 tantummodo
1592 1272 1659 1327 ad
1699 1275 2022 1346 vigilandum

437 1344 662 1415 inducit,
686 1351 779 1405 sed
810 1354 971 1407 etiam
1007 1372 1127 1410 cum
1158 1358 1359 1427 adjicit,
1392 1363 1588 1419 multos
1625 1380 1745 1423 esse
1762 1344 1863 1438 qui
1893 1385 2023 1442 sup-

437 1438 678 1506 plantare
714 1444 996 1512 studeant;
1023 1450 1272 1521 quodque
1298 1455 1514 1523 gravius
1554 1467 1659 1525 est,
1693 1476 1799 1519 non
1835 1438 2023 1534 aperte

436 1526 758 1598 irrumpunt,
806 1535 900 1588 sed
941 1552 1061 1592 sese
1099 1542 1410 1602 occultant:
1444 1545 1746 1617 hujusmodi
1792 1526 2022 1626 namque

434 1627 515 1672 est
554 1622 1136 1697 pseudoprophetarum
1173 1648 1364 1703 genus.
1389 1634 1499 1699 Sed
1521 1655 1590 1697 ne
1620 1642 1747 1699 illud
1778 1622 2025 1705 conside-

435 1722 543 1775 res,
579 1711 767 1783 inquit,
797 1718 940 1786 quod
965 1720 1035 1775 sit
1057 1736 1243 1793 aspera
1270 1735 1325 1781 et
1360 1738 1527 1796 arcta,
1555 1732 1655 1788 sed
1678 1749 1786 1805 quo
1811 1736 2023 1794 desinat

436 1802 740 1872 perpende;
770 1822 942 1878 neque
971 1811 1112 1880 qttod
1139 1818 1402 1872 contraria
1443 1821 1526 1875 via
1568 1823 1639 1878 sit
1665 1802 1772 1881 lata
1809 1836 1864 1882 et
1901 1844 2023 1897 spa-

436 1891 593 1959 tiosa,
625 1894 718 1949 sed
760 1913 918 1966 quem
949 1900 1106 1956 linem
1140 1904 1350 1962 habeat.
1381 1910 1507 1966 lizec
1532 1928 1695 1983 porro
1736 1919 1913 1975 omnia
1939 1921 2023 1975 di-

435 1979 524 2045 cit,
553 1990 610 2036 ut
640 1984 792 2040 nobis
819 1989 1051 2045 animum
1076 1994 1267 2065 erigat,
1294 2006 1350 2052 ut
1373 2008 1428 2054 et
1454 1979 1586 2058 alibi
1610 2005 1820 2062 dicebat
1847 2027 1862 2064 :
1896 2008 2019 2065 Vio-

436 2069 558 2124 lenti
602 2076 805 2145 rapiunt
836 2080 965 2133 illud
987 2079 1199 2153 (Matth.
1239 2088 1327 2144 11.
1361 2090 1472 2165 12).
1512 2092 1645 2151 Nam
1674 2098 1765 2166 qui
1803 2099 1871 2155 ad
1910 2116 2020 2158 cer-

435 2170 613 2219 tamen
683 2167 1016 2242 ingreditur,
1081 2177 1171 2233 ubi
1224 2179 1368 2236 clare
1434 2181 1580 2241 videt
1641 2190 2017 2257 agonothetam

436 2256 788 2313 certaminum
821 2260 1059 2319 laborem
1096 2267 1470 2339 admirantem,
1510 2256 1737 2333 alacrior
1768 2280 2017 2339 efficitur.

438 2340 516 2397 Ne
544 2344 703 2414 igitur
739 2351 977 2409 animum
1014 2355 1463 2431 despondeamus,
1500 2381 1620 2422 cum
1657 2372 1824 2429 multa
1864 2376 2022 2433 nobis

432 2428 558 2488 hinc
583 2434 751 2492 tristia
785 2442 1097 2501 acciderint.
1121 2449 1282 2505 Arcta
1310 2428 1456 2508 enim
1479 2466 1561 2513 est
1585 2459 1691 2527 via,
1721 2470 1776 2517 et
1795 2478 2018 2535 augusta

430 2532 583 2592 porta
612 2543 627 2581 :
655 2536 711 2583 at
744 2545 850 2585 non
880 2534 1066 2592 civitas
1094 2538 1204 2594 illa.
1238 2540 1467 2616 Ideoque
1496 2564 1603 2604 non
1627 2549 1715 2609 hic
1751 2532 2016 2625 speranda

408 2610 581 2681 'quies
606 2625 708 2709 est,
737 2635 909 2693 neque
940 2624 1047 2682 illic
1073 2632 1365 2700 putandum
1380 2610 1592 2709 aliquid
1628 2610 1806 2701 inesse
1828 2610 2013 2707 triste:

428 2701 561 2759 Cum
590 2705 728 2763 dixit
753 2720 955 2780 autem,
987 2716 1153 2774 Pauci
1176 2732 1294 2777 sunt
1327 2728 1417 2796 qui
1440 2701 1699 2788 inveniunt
1724 2752 1856 2805 eaut,
1890 2755 2015 2796 rur-

428 2808 522 2848 sus
563 2799 853 2858 multorum
900 2805 986 2862 hic
1028 2809 1290 2880 ignaviam
1338 2816 1602 2891 declarat,
1640 2833 1696 2881 et
1741 2828 2014 2888 auditores

428 2885 680 2960 instituit,
705 2909 774 2950 ne
800 2898 1086 2957 multorum
1110 2905 1268 2962 rebus
1296 2885 1835 2983 prosperis'animum
1860 2923 2015 2981 adhi-

426 2977 607 3047 beant,
630 2985 725 3087 sed
751 3001 1039 3057 paucorum
1068 2977 1358 3057 laboribus.
1384 2977 1603 3064 Plurimi
1630 2977 2008 3087 namque,

425 3083 535 3124 non
575 3073 735 3131 modo
772 3093 870 3149 per
911 3083 1055 3139 illam
1099 3088 1238 3145 viam
1289 3109 1393 3149 non
1438 3096 1714 3170 incedunt,
1762 3107 1860 3163 sed
1909 3125 2011 3167 nec

424 3159 569 3216 illam
614 3166 818 3238 eligunt
862 3175 1112 3246 quidem;
1157 3184 1298 3251 quod
1346 3196 1644 3248 extremum
1688 3159 2008 3269 insipientia;

422 3262 525 3309 cst.
557 3256 750 3316 Verum
790 3279 896 3320 non
926 3279 1009 3323 est
1033 3273 1358 3333 multitudini
1385 3256 1808 3351 attendendqu
1834 3308 2008 3364 neque

423 3340 549 3448 inde
586 3350 785 3408 turbari
812 3368 1050 3428 oportet,
1075 3364 1170 3420 sed
1211 3381 1410 3436 paucos
1436 3345 1554 3431 illos
1577 3377 1793 3448 imitari,
1820 3393 1877 3440 et
1904 3340 2005 3441 un-

420 3432 582 3506 dique
615 3455 735 3497 sese
773 3446 1087 3519 colligentes
1123 3432 1343 3530 sic'per
1387 3479 1508 3521 eum
1551 3468 1824 3531 incedere.
1870 3476 2004 3535 Nam

420 3539 773 3602 praeterquam
818 3541 960 3608 quod
1008 3557 1228 3616 angusta
1278 3552 1367 3609 illa
1407 3565 1509 3623 est,
1550 3562 1701 3618 multi
1742 3576 1867 3624 sunt
1914 3574 2004 3641 qui

418 3621 759 3691 supplantare
801 3632 1054 3700 student,
1097 3654 1164 3695 ne
1204 3640 1303 3698 illo
1339 3621 1603 3718 intretur;
1653 3621 2001 3724 quamobrein

417 3710 725 3783 subiunxit:
753 3718 839 3773 15.
886 3724 1141 3781 Attendite
1191 3748 1223 3785 a
1265 3736 1411 3804 falsis
1458 3710 2004 3810 prophetis.

418 3801 551 3853 enim
589 3805 658 3857 ad
698 3821 783 3862 vos
820 3811 872 3866 in
913 3818 1211 3875 vestimentis
1254 3825 1421 3880 ovium
1449 3844 1469 3883 :
1492 3831 1793 3893 intrinsecus
1833 3852 2003 3899 autem

417 3906 534 3946 sunt
560 3894 667 3963 lupi
695 3916 925 3972 rapaces.
968 3906 1109 3964 Ecce
1137 3926 1258 3968 cum
1294 3918 1516 3977 canibus
1543 3933 1597 3980 et
1635 3894 2001 3997 porcis

415 3981 728 4044 insidiarum
772 4008 963 4062 genus,
1004 4001 1174 4058 multo
1200 4007 1549 4073 periculosius
1588 3981 1700 4072 ιιίο.
1746 4020 1826 4077 nn
1855 4024 1997 4081 enim

415 4084 540 4129 sunt
578 4080 866 4151 manifesti,
900 4096 953 4143 et
981 4091 1154 4159 palam
1184 4099 1593 4173 aggrediuntur;
1637 4108 1694 4164 hi
1730 4126 1866 4172 vero
1902 4131 1998 4174 oc—

413 4164 566 4222 culti.
596 4168 732 4273 ideo
770 4174 838 4229 ab
882 4178 986 4235 illis
1028 4164 1540 4253 quidem'abstinere
1575 4164 1871 4273 jussitiab

414 4270 542 4313 vero
577 4258 981 4334 diligentissime
1015 4289 1223 4345 cavere,
1250 4295 1323 4337 ac
1351 4284 1397 4339 si
1436 4258 1651 4347 dillicile
1689 4258 1761 4351 εεὶ
1797 4298 1867 4354 ad
1896 4303 1997 4370 pri-

412 4361 560 4405 mum
591 4351 709 4411 illos
740 4372 1086 4431 congressum
1109 4371 1426 4441 explorare:
1460 4379 1686 4455 ideoque
1714 4386 1867 4457 dixit,
1895 4351 1992 4447 Iit-

410 4443 611 4511 tendite,
640 4458 695 4502 ut
720 4451 785 4506 ad
802 4453 920 4509 illos
946 4457 1386 4524 internoscendos
1411 4443 1658 4532 redderet
1688 4443 1993 4552 diligentio-

410 4547 517 4586 res.
546 4534 744 4595 Deinde
765 4559 832 4597 ne
856 4548 1153 4621 audientes,
1184 4555 1236 4611 in
1264 4568 1407 4614 arcta
1434 4572 1490 4619 et
1519 4578 1743 4637 angusta
1782 4534 1995 4632 inultis-

408 4637 514 4691 que
556 4632 821 4685 contraria
870 4636 951 4691 via
1011 4641 1365 4704 incedendum
1419 4632 1660 4720 esse,'a
1713 4664 1891 4729 porcis
1937 4677 1994 4723 et

407 4715 630 4772 canibus
659 4724 975 4796 cavendum,
1010 4731 1332 4808 iusuperque
1368 4755 1400 4796 a
1435 4745 1731 4816 maligniori
1767 4768 1986 4824 genere,

407 4820 600 4878 nempe
628 4810 903 4881 luporum;
928 4835 994 4874 ne
1017 4823 1245 4881 tristium
1271 4844 1449 4886 rerum
1487 4810 1830 4901 multitudine
1854 4862 1988 4903 con-

403 4896 608 4969 cidant,
637 4900 690 4957 in
721 4910 1046 4965 contrariam
1076 4916 1259 4973 multis
1288 4918 1559 4982 incessuri
1584 4930 1744 5001 viain,
1768 4948 1991 5006 praster-

402 5003 574 5062 eaque
603 4994 688 5051 his
729 4997 797 5054 de
833 5001 993 5059 rebus
1017 5005 1233 5063 solliciti
1262 5011 1446 5081 futuri,
1475 4994 1988 5099 qumdam’tempore

402 5093 609 5150 patrum
633 5101 850 5146 suorum
879 5104 1027 5164 gesta
1050 5103 1392 5172 memoravit,
1414 5093 1906 5185 pseudoprophetas
1932 5122 1986 5178 in

400 5175 633 5233 medium
664 5180 967 5252 adducens;
997 5191 1172 5259 prisce
1205 5175 1435 5267 namque
1461 5201 1581 5256 talia
1619 5175 1983 5279 con-tigerunt.

400 5259 576 5319 Nolite
618 5284 736 5339 ergo
779 5278 956 5331 terreri
995 5279 1147 5349 (Luc.
1176 5282 1269 5340 21.
1316 5259 1392 5360 9),
1446 5259 1982 5362 inquit:nih.i,l‘et‘ti'tn

398 5371 623 5428 novum,
677 5363 810 5421 nihil
858 5367 1154 5431 inauditum
1201 5381 1427 5438 accidet.
1475 5384 1697 5444 Veritati
1753 5408 1983 5465 namque

398 5448 657 5508 fallaciam
695 5472 908 5559 semper
935 5466 1206 5527 substituit
1232 5473 1498 5534 diabolus.
1528 5448 1977 5559 Psettdoprtiplie:

400 5548 479 5597 tas
499 5554 672 5600 autem
696 5545 780 5606 hic
801 5567 906 5608 non
929 5554 1208 5619 bmreticos
1234 5566 1366 5624 mihi
1385 5570 1725 5632 subindicare
1747 5545 1977 5649 videtur,

394 5631 492 5688 sed
542 5650 657 5707 eos,
704 5641 794 5712 qui
841 5658 963 5705 cum
1004 5657 1242 5727 corrupti
1288 5662 1527 5723 moribus
1582 5674 1638 5723 et
1691 5669 1800 5727 vita
1842 5673 1975 5746 sint,

1195 239 1254 297 S.
1293 242 1577 302 JOANNIS-
1602 246 2008 309 οιιιηεοδτα

2117 254 2433 316 ARCIIIEP.
2473 260 3008 326 CONSTANTINOP.

3620 286 3723 344 318

2142 365 2352 424 virtutis
2375 368 2575 428 larvam
2593 376 3164 463 circumferunton
3186 386 3499 449 seductores
3527 410 3722 456 vocare

2139 457 2292 513 multi
2333 459 2529 517 solent.
2560 463 2919 532 Quamobrem
2958 457 3236 545 subjunxit
3268 479 3473 549 dicens,
3520 486 3605 541 l6.
3643 488 3723 543 Ex

2136 550 2384 618 fructibus
2420 570 2594 610 eorum
2619 562 2930 630 cognoscetis
2966 581 3070 619 eos.
3102 566 3235 623 Nam
3262 572 3404 640 apud
3444 573 3726 635 hazreticos

2136 640 2349 709 quidem
2374 643 2595 702 honesta
2622 649 2725 703 vita
2746 665 2891 721 saepe
2917 658 3213 726 reperitur;
3236 663 3374 731 apud
3400 664 3501 720 hos
3521 679 3726 734 autem,

2135 744 2271 799 quos
2312 733 2441 800 dixi,
2479 752 2790 807 numquam.
2814 742 2951 810 Quid
2982 747 3161 816 igitur,
3190 751 3419 821 inquies,
3452 756 3497 810 si
3542 733 3724 815 mores

2137 820 2337 892 ﬁngant
2373 825 2664 884 honestos?
2703 831 2810 888 Sed
2845 834 2999 893 facile
3026 820 3323 910 capientur.
3351 845 3494 903 Talis
3523 851 3729 921 quippe

2136 922 2218 967 est
2258 914 2416 986 hujus
2444 918 2545 974 via:
2573 930 2783 991 natura,
2833 941 2937 997 qua
2982 930 3233 988 incedere
3270 934 3427 1006 jussi,
3459 939 3726 999 laboriosa

2134 1022 2339 1078 nempe
2362 1021 2418 1067 et
2454 1014 2607 1070 dura.
2636 1016 2925 1089 Hypocrita
2962 1040 3092 1081 vero
3114 1025 3349 1085 laborem
3382 1031 3521 1089 ferre
3564 1036 3725 1103 nolit,

2133 1098 2229 1153 sed
2268 1102 2521 1161 simutare
2550 1115 2753 1165 tantum
2780 1112 3047 1185 :ideoque
3081 1116 3237 1175 facile
3275 1098 3720 1193 deprehenditur.

2133 1188 2266 1257 Quia
2287 1194 2429 1249 enim
2451 1196 2603 1265 dixit,
2631 1199 2796 1256 Pauci
2812 1215 2930 1259 sunt
2950 1208 3038 1277 qui
3060 1208 3315 1267 inueniunt
3334 1188 3467 1282 eam,
3491 1220 3728 1275 secernit

2131 1293 2226 1334 eos
2252 1281 2321 1335 ab
2349 1283 2473 1352 illis,
2497 1288 2586 1357 qui
2621 1305 2743 1345 cum
2768 1306 2873 1348 non
2896 1295 3214 1364 invenerint,
3244 1281 3508 1361 invenisse
3543 1315 3726 1363 tamen

2130 1382 2191 1424 se
2215 1371 2489 1443 simulant,
2512 1377 2707 1447 jubens
2727 1398 2834 1438 non
2863 1385 2930 1440 ad
2956 1386 3100 1456 illos,
3134 1393 3223 1461 qui
3253 1393 3455 1451 larvam
3481 1399 3723 1454 circum—

2129 1457 2328 1530 ferunt,
2356 1467 2647 1537 respicere,
2679 1471 2779 1527 sed
2801 1474 2869 1529 ad
2910 1476 3032 1533 illos
3057 1457 3165 1549 qui
3186 1498 3314 1539 vere
3350 1495 3407 1540 et
3442 1503 3511 1542 ex
3535 1492 3727 1546 animo

2129 1551 2182 1607 in
2212 1554 2306 1610 illa
2344 1557 2618 1616 incedunt.
2656 1564 2725 1619 Et
2762 1580 2863 1635 qua
2887 1567 2957 1623 de
2982 1585 3166 1637 causa,
3199 1573 3427 1643 inquies,
3460 1593 3566 1634 non
3593 1582 3722 1637 illos

2128 1653 2286 1701 notos
2310 1646 2456 1717 fecit,
2480 1653 2575 1708 sed
2600 1668 2700 1709 nos
2732 1657 2784 1711 in
2807 1659 3118 1731 explorandi
3145 1679 3328 1721 curam
3353 1672 3622 1740 conjecit?
3655 1674 3722 1731 Ut

2130 1735 2429 1806 vigilemus,
2460 1751 2518 1798 et
2554 1745 2769 1802 solliciti
2792 1764 3019 1822 semper
3057 1755 3246 1823 simus,
3286 1759 3414 1816 dum
3460 1778 3721 1823 cavemus

2128 1839 2235 1879 non
2262 1828 2423 1885 modo
2445 1831 2513 1888 ab
2539 1834 2771 1891 inimicis
2797 1839 2903 1896 illis
2928 1844 3017 1913 qui
3045 1844 3218 1914 palam
3259 1850 3393 1906 tales
3429 1865 3593 1919 sunt,
3622 1858 3723 1913 sed

2126 1916 2195 1971 ab
2236 1917 2302 1973 iis
2348 1922 2510 1977 etiam
2551 1926 2639 1995 qui
2690 1942 2813 1986 sese
2858 1933 3166 1992 occultant:
3193 1953 3328 2009 quos
3371 1916 3724 2003 subiudicans

2128 2006 2322 2066 Paulus
2345 2011 2557 2072 dicebat
2585 2035 2599 2072 :
2628 2017 2694 2073 Et
2718 2038 2808 2090 per
2826 2021 2998 2081 dulces
3022 2006 3276 2085 sermones
3291 2033 3537 2090 seducunt
3561 2041 3724 2093 corda

2125 2099 2464 2160 innocentium
2493 2108 2668 2179 (liam.
2698 2114 2786 2170 16.
2817 2116 2928 2187 18).
2953 2117 3032 2174 Ne
3058 2121 3237 2192 itaque
3266 2125 3562 2195 turbemur,
3592 2147 3725 2187 cum

2126 2194 2322 2251 multos
2365 2197 2730 2269 hujuscemodi
2773 2207 2937 2263 etiam
2978 2226 3120 2268 nunc
3162 2214 3429 2273 videmus.
3483 2218 3615 2276 Nam
3668 2236 3721 2279 et

2127 2281 2256 2340 illud
2283 2301 2443 2357 supra
2468 2290 2712 2351 Christus
2743 2298 3007 2367 praulixit.

2197 2375 2250 2431 7.
2293 2376 2361 2432 Et
2401 2383 2670 2452 perpende
2711 2386 2829 2457 ejus
2869 2394 3353 2454 mansuetudinem.
3404 2398 3519 2456 Non
3563 2404 3716 2461 enim

2124 2463 2294 2533 dixit,
2322 2467 2514 2529 Punite
2541 2474 2658 2531 illos
2680 2517 2696 2543 ,
2728 2480 2844 2546 sed,
2872 2479 3066 2539 Cavete
3092 2501 3159 2541 ne
3181 2488 3249 2542 ab
3274 2490 3380 2545 illis
3408 2492 3680 2550 laedamini
3703 2538 3722 2562 ,

2122 2569 2192 2610 ne
2220 2557 2417 2615 incauti
2457 2562 2510 2618 in
2556 2565 2678 2621 illos
2721 2569 2987 2628 incidatis.
3030 2575 3272 2645 Deinde,
3305 2596 3372 2636 ne
3417 2582 3566 2639 dicas
3605 2602 3723 2643 non

2122 2660 2282 2715 posse
2328 2649 2628 2722 hujusmodi
2671 2656 2917 2719 homines
2956 2666 3246 2725 internosci
3278 2711 3292 2735 ,
3322 2672 3392 2728 ab
3434 2673 3725 2734 hominum

2121 2742 2372 2812 exemplo
2398 2760 2583 2803 rursus
2610 2751 2943 2810 ratiocinium
2963 2757 3178 2815 adhibet
3204 2762 3389 2819 dicens
3411 2784 3424 2821 :
3446 2766 3721 2839 Numquid

2120 2830 2365 2903 colligunt
2394 2835 2458 2889 de
2481 2837 2643 2907 spinis
2679 2857 2801 2897 uvas
2823 2885 2839 2911 ,
2867 2856 2953 2899 aut
2984 2848 3048 2902 de
3075 2850 3270 2907 tributis
3303 2856 3433 2922 ﬁcus
3453 2858 3480 2911 .9
3508 2830 3611 2915 17..
3624 2862 3721 2917 Sic

2120 2924 2281 2993 omnis
2306 2925 2457 2981 arbor
2480 2930 2643 2997 bona,
2669 2933 2825 2989 bonos
2851 2942 3047 3006 fructus
3074 2943 3235 3011 facit;
3262 2947 3398 3000 mala
3425 2958 3597 3004 autem
3620 2970 3719 3009 ar-

2119 3011 2209 3067 bor
2249 3015 2447 3086 [ructus
2496 3024 2659 3077 malos
2705 3026 2849 3096 facit.
2888 3028 2974 3084 18.
3019 3030 3143 3087 Non
3188 3047 3348 3104 potest
3389 3040 3543 3095 arbor
3580 3043 3718 3100 bona

2116 3106 2317 3173 [ructus
2338 3110 2499 3165 malos
2520 3116 2687 3182 [acere
2703 3155 2720 3181 ,
2744 3133 2834 3172 nec
2861 3120 3012 3175 arbor
3040 3124 3175 3179 mala
3210 3127 3404 3196 fructus
3434 3130 3594 3189 bonos
3619 3140 3712 3204 fa-

2117 3210 2247 3250 cere.
2281 3197 2433 3265 Quod
2472 3212 2649 3261 autem
2679 3206 2807 3263 dicit
2835 3209 3144 3281 hujusmodi
3180 3219 3464 3277 est:Nihil
3509 3197 3721 3283 habeant

2116 3287 2244 3342 mite
2262 3291 2343 3344 vel
2371 3291 2561 3362 dulce;
2589 3298 2780 3365 pellem
2811 3301 2983 3358 solum
3010 3306 3126 3360 ovis
3148 3319 3379 3378 gestant,
3411 3313 3533 3369 ideo
3553 3315 3717 3374 facile

2118 3377 2566 3441 internoscuntur.
2593 3387 2660 3443 Et
2687 3405 2757 3446 ne
2785 3392 2865 3448 vel
2894 3377 3170 3452 minimum
3197 3399 3432 3470 dubites,
3459 3410 3721 3464 naturali-

2116 3467 2215 3525 bus
2249 3476 2654 3534 necessitatibus
2689 3494 2964 3553 comparat
3004 3501 3068 3542 ea
3097 3505 3216 3559 quae
3256 3467 3555 3551 aliter—heri
3600 3515 3712 3554 non

2114 3572 2355 3630 possunt.
2386 3566 2539 3634 Quod
2567 3571 2724 3626 etiam
2762 3573 2959 3632 Paulus
2988 3577 3200 3637 dicebat
3221 3599 3235 3636 :
3259 3583 3531 3654 Sapientia
3573 3592 3721 3645 cuius

2112 3655 2280 3709 carnis
2302 3696 2318 3723 ,
2349 3674 2485 3714 mors
2508 3672 2581 3716 est
2604 3678 2623 3716 .'
2645 3662 2743 3735 legi
2778 3669 2909 3722 enim
2949 3668 3046 3726 Dei
3086 3690 3188 3729 non
3225 3676 3490 3747 subjicitur
3507 3696 3527 3735 .'
3548 3699 3714 3753 neque

2110 3747 2244 3802 enim
2268 3760 2427 3818 potest
2451 3754 2633 3823 (Rom.
2661 3758 2715 3813 8.
2747 3760 2799 3815 6.
2830 3761 2904 3833 7).
2928 3763 3080 3832 Quod
3103 3777 3281 3826 autem
3311 3772 3439 3829 illud
3464 3747 3713 3835 secundo

2109 3931 2252 3986 enim
2279 3934 2502 4003 diceret,
2526 3940 2704 3998 Arbor
2728 3947 2866 4001 mala
2894 3947 3101 4007 fructus
3127 3954 3343 4024 quidem
3368 3957 3472 4014 fert
3496 3931 3671 4019 malos
3688 4006 3704 4029 ,

2109 4022 2205 4076 sed
2230 4024 2332 4079 fert
2359 4026 2521 4083 etiam
2550 4029 2758 4101 bonos;
2780 4044 2836 4091 et
2862 4053 2985 4093 cum
3021 4022 3258 4113 duplices
3280 4044 3450 4115 (erat,
3480 4022 3707 4109 diﬂicile

2107 4122 2191 4169 est
2221 4114 2342 4171 illos
2368 4118 2770 4182 internoscere:
2794 4130 3001 4197 Atres,
3027 4133 3239 4205 inquit,
3270 4154 3374 4194 non
3405 4140 3479 4195 ita
3507 4157 3570 4198 se
3601 4145 3702 4200 ba-

2105 4201 2196 4259 bet
2220 4222 2234 4260 :
2258 4207 2429 4265 malos
2472 4219 2677 4269 tantum
2720 4216 2908 4287 alien,
2931 4201 3115 4279 bonos
3140 4201 3465 4298 numquam;
3497 4242 3558 4287 ut
3587 4245 3642 4290 et
3672 4252 3706 4291 e

2103 4298 2394 4353 contrario.
2424 4299 2559 4367 Quid
2587 4304 2779 4373 igitur?
2802 4309 2996 4367 Annon
3037 4324 3118 4370 est
3143 4317 3224 4372 vir
3251 4317 3443 4386 bonus,
3471 4325 3565 4393 qui
3589 4342 3706 4381 tua-

2105 4388 2188 4445 lus
2212 4391 2506 4451 efﬁciatur?
2520 4399 2599 4455 Ac
2615 4402 2844 4459 vicissim
2870 4406 3153 4466 dicendum
3179 4428 3211 4468 e
3229 4417 3503 4474 contrario
3525 4437 3539 4474 :
3561 4426 3705 4477 ιιιιιΙ-

2104 4483 2172 4539 tis
2202 4484 2505 4557 hujusmodi
2534 4495 2795 4565 exemplis
2822 4498 3038 4567 plenum
3064 4513 3149 4559 est
3184 4505 3462 4565 hominum
3500 4527 3698 4582 genus.

2099 4574 2206 4632 Sed
2230 4577 2473 4637 Christus
2491 4598 2598 4638 non
2624 4584 2752 4642 illud
2777 4588 2926 4657 dicit,
2950 4606 3144 4663 nempe
3169 4610 3274 4651 non
3306 4612 3465 4667 posse
3491 4574 3699 4657 malum

2099 4665 2371 4725 hominem
2401 4676 2616 4741 mutari,
2646 4692 2818 4748 neque
2840 4680 3034 4738 bonum
3063 4686 3289 4743 cadere:
3314 4705 3497 4747 verum
3520 4692 3698 4751 donec

2098 4757 2152 4811 in
2182 4762 2415 4831 nequitia
2456 4778 2800 4835 perseverat,
2834 4771 3032 4829 bonum
3072 4792 3178 4833 non
3207 4778 3394 4837 afferet
3430 4782 3693 4843 fructum.

2099 4848 2287 4906 Mutari
2314 4855 2456 4909 enim
2487 4867 2701 4926 potest,
2729 4872 2784 4918 et
2811 4878 2877 4919 ex
2913 4865 3159 4936 improbo
3184 4870 3356 4929 bonus
3385 4875 3560 4943 effici;
3593 4881 3694 4935 sed

2096 4939 2151 4995 in
2198 4945 2431 5014 nequitia
2474 4963 2735 5020 manens,
2792 4953 3020 5013 fructum
3069 4975 3175 5016 non
3227 4963 3414 5022 afferet
3461 4939 3691 5027 bonum.

2096 5034 2376 5099 Quomodo
2394 5054 2524 5111 ergo
2552 5042 2715 5099 David
2735 5087 2751 5110 ,
2779 5047 2953 5106 bonus
2974 5066 3095 5108 cum
3122 5065 3285 5124 esset,
3310 5058 3538 5117 fructum
3568 5080 3689 5119 ma-

2094 5126 2206 5181 lum
2244 5130 2402 5185 tulit?
2431 5131 2545 5188 Non
2577 5151 2800 5194 maneas
2836 5140 3008 5198 bonus
3031 5185 3048 5211 ,
3079 5146 3173 5202 sed
3221 5158 3453 5207 mutatus
3478 5171 3493 5208 :
3517 5157 3608 5225 qui
3638 5158 3687 5213 si

2094 5229 2357 5290 perpetuo
2376 5226 2663 5283 mansisset
2689 5230 2859 5299 qualis
2880 5244 3031 5302 erat,
3053 5252 3341 5310 numquam
3374 5245 3535 5301 talem
3562 5247 3685 5304 fru-

2091 5318 2233 5365 ctum
2267 5313 2493 5371 tulisset.
2515 5316 2647 5375 Nam
2676 5322 2720 5376 si
2750 5322 2803 5378 in
2821 5324 3029 5382 virtutis
3055 5329 3228 5398 gradu
3240 5335 3549 5403 mansisset,
3567 5355 3681 5396 non

2089 5416 2253 5460 ausus
2278 5416 2423 5463 esset
2452 5408 2570 5463 talia
2603 5424 2934 5483 perpetrare.
2964 5416 3091 5475 Haec
3127 5431 3306 5478 autem
3346 5425 3588 5494 dicebat,
3622 5439 3686 5488 ut

2091 5503 2292 5553 temere
2321 5498 2722 5572 obloqueutium
2753 5516 2809 5563 et
2847 5509 3243 5570 criminantium
3285 5532 3381 5572 ora
3413 5518 3677 5579 frenaret.

2087 5585 2221 5654 Quia
2258 5589 2400 5644 enim
2442 5594 2653 5662 plurimi
2683 5596 2853 5655 bonos
2884 5616 2955 5657 ex
2985 5602 3242 5673 improbis
3279 5610 3548 5666 aestimant
3569 5654 3584 5677 ,
3614 5624 3678 5671 ut

2087 5677 2192 5736 illis
2216 5695 2430 5740 omnem
2460 5690 2855 5749 excusationem
2880 5694 3165 5769 adimeret,
3189 5698 3293 5760 hoc
3311 5701 3464 5761 dixit.
3485 5703 3676 5777 Neque
