3918 6282
380 315 482 369 517

382 428 638 500 στόματα.
683 422 900 495 Ἐπειδὴ
930 422 1039 493 7&9
1067 420 1252 474 πολλοὶ
1283 421 1408 483 τοὺς
1431 418 1667 487 ἀγαθοὺς
1693 416 1800 469 ἀπὸ
1821 414 1927 467 τῶν
1950 432 2050 467 πο-

383 518 557 588 νηρῶν
584 512 972 577 ὑποπτεύουσι,
992 510 1173 579 πάσης
1199 507 1516 578 ἀποστερῶν
1539 506 1737 567 αὐτοὺς
1759 502 2053 567 ἀπολογίας

381 604 534 657 τοῦτο
562 602 801 672 εἴρηκεν.
822 597 957 651 Οὐδὲ
988 596 1096 666 7&9
1135 596 1201 648 ἂν
1231 593 1372 663 ἐχοις
1394 596 1587 656 εἰπεῖν,
1618 593 1700 645 ὅτι
1734 589 2051 658 Ἠπάτημαι

381 690 474 743 καὶ
494 684 895 760 παρελογίσθην
916 700 930 715 ο
956 683 1051 736 zeal
1078 682 1186 753 7&9
1208 680 1413 751 ἀκριϐῆ
1436 696 1518 732 σοι
1539 677 1814 750 παρέσχον
1828 675 1926 745 τὴν
1944 674 2052 727 ἀπὸ

382 775 486 830 τῶν
542 777 719 844 ἔργων
767 772 1088 839 διάγνωσιν,
1124 768 1220 822 zeal
1260 768 1304 799 “
1338 766 1645 837 προστάξας
1684 762 1917 833 βαδίζειν
1961 762 2053 844 ἐπὶ

380 863 479 927 τάς
512 842 764 933 πράξεις,
807 859 901 912 zeal
936 858 1009 927 μὴ
1053 856 1230 909 πάντα
1264 852 1449 915 ἁπλῶς
1484 851 1887 921 συνταράττειν.
1920 842 2053 901 Εἶτα

380 949 570 1020 ἐπειδὴ
602 946 848 1010 κολάζειν
884 945 981 1015 μὲν
1018 942 1214 1005 αὐτοὺς
1242 941 1344 994 οὐκ
1380 939 1652 1000 ἐκέλευσε,
1689 934 2052 1020 φυλάττεσθαι

381 1031 439 1086 δέ
476 1018 655 1104 μόνον,
684 1027 817 1100 ὀμοῦ
866 1027 961 1081 zeal
1004 1026 1129 1088 τούς
1175 1020 1651 1094 ἐπηρεαζομένους
1692 1020 1824 1090 παρ’
1870 1018 2053 1104 αὐτῶν

383 1102 910 1188 παραμυθούμενος,
960 1109 1245 1172 κάκείνους
1292 1106 1474 1179 φοϐῶν
1524 1107 1618 1159 zeal
1684 1102 2050 1175 μεταϐάλλων,

383 1202 720 1273 ἐπετείχισεν
758 1200 944 1261 αὐτοῖς
984 1198 1082 1268 τὴν
1117 1196 1246 1267 παρ’
1276 1192 1439 1247 αὐτοῦ
1485 1192 1733 1252 κόλασιν,
1774 1190 1943 1243 εἰπὼν
1970 1190 2052 1242 ὅτι

384 1289 517 1347 Πᾶν
540 1288 793 1355 δένδρον
827 1285 913 1355 μὴ
944 1282 1160 1338 ποιοῦν
1184 1280 1416 1350 καρπὸν
1438 1279 1649 1341 καλὸν,
1684 1278 2051 1340 ἐκκόπτεται,

386 1377 484 1431 καί
506 1378 593 1443 είς
627 1374 745 1443 πῦρ
759 1373 1075 1439 βάλλεται.
1114 1365 1247 1422 Εἶτα
1276 1364 1743 1436 ἀνεπαχθέστερον
1766 1363 1933 1416 ποιῶν
1962 1363 2054 1418 τὸν

385 1464 564 1532 λόγον,
607 1462 915 1532 ἐπήγαγεν·
953 1460 1089 1526 Ἄρα
1127 1451 1240 1509 οὖν
1277 1454 1395 1509 ἀπὸ
1422 1452 1541 1507 τῶν
1578 1448 1822 1519 καρπῶν
1857 1449 2055 1504 αὐτῶν

384 1548 792 1620 ἐπιγνώσεσθε
838 1545 1091 1607 αὐτούς’
1141 1544 1229 1596 ἵνα
1279 1541 1353 1613 μὴ
1390 1540 1434 1573 ⁸¹
1484 1537 1899 1611 προηγουμένην
1957 1535 2053 1608 τὴν

386 1636 615 1706 ἀπειλὴν
639 1635 765 1707 δόξῃ
794 1632 1052 1701 είσάγειν,
1074 1631 1186 1685 ἀλλ’
1211 1632 1255 1662 ⁵³
1286 1632 1343 1683 ἐν
1366 1627 1517 1693 τάξει
1550 1626 1923 1698 παραινέσεως
1956 1624 2052 1677 καὶ

387 1721 697 1795 συμϐουλῆς
737 1718 1046 1773 κατασείειν
1079 1716 1257 1771 αὐτῶν
1296 1715 1395 1786 τὴν
1423 1715 1681 1768 διάνοιαν.
1708 1713 1754 1746 ⁸³
1787 1711 2054 1765 Ἐνταῦθά

390 1827 480 1880 μοι
511 1812 606 1865 zeal
645 1807 927 1870 Ἰουδαίους
960 1804 1289 1859 αἰνίττεσθαι
1316 1803 1480 1866 δοκεῖ,
1511 1801 1779 1863 τοιούτους
1809 1800 2051 1870 καρποὺς

387 1895 881 1964 ἐπιδεικνυμένους.
929 1892 1020 1945 Διὸ
1059 1891 1153 1944 zeal
1197 1890 1299 1943 τῶν
1345 1890 1589 1943 Ἰωάννου
1625 1888 1884 1959 ῥημάτων
1924 1885 2055 1939 ὑπέ-

391 1999 581 2054 μνησε,
616 1980 705 2036 διά
734 1980 842 2033 τῶν
875 1979 1053 2031 αὐτῶν
1086 1976 1363 2047 ὀνομάτων
1383 1975 1433 2006 ⁸⁸
1456 1975 1554 2046 τὴν
1581 1973 1849 2045 τιμωρίαν
1870 1976 2054 2038 αὐτοῖς

388 2068 732 2139 ὑπογράψας.
768 2067 877 2119 Kal
907 2066 1016 2137 7&9
1056 2066 1148 2118 zeal
1181 2066 1385 2127 ἐκεῖνος
1415 2061 1590 2116 ταῦτα
1625 2062 1831 2131 ἔλεγεν,
1867 2061 2055 2131 ἀξίνης

387 2155 481 2210 zeal
508 2154 721 2225 δένδρου
747 2152 1081 2223 κοπτομένου
1101 2151 1194 2203 zeal
1216 2148 1384 2221 πυρὸς
1406 2147 1671 2202 ἀσϐέστου
1702 2147 1837 2219 πρὸς
1861 2147 2055 2211 αὐτοὺς

391 2242 756 2312 μεμνημένος.
804 2240 915 2293 Kal
944 2239 1090 2291 δοκεῖ
1125 2238 1222 2307 μέν
1258 2236 1355 2307 μία
1395 2253 1478 2299 τις
1520 2231 1659 2289 εἶναι
1704 2234 1962 2307 τιμωρία,
1996 2234 2057 2287 τὸ

390 2326 786 2382 κατακαίεσθαι
807 2340 820 2355 ’
852 2326 900 2379 εί
931 2324 990 2377 δέ
1026 2340 1108 2387 τις
1147 2322 1389 2393 ἀκριόῶς
1430 2322 1735 2387 ἐξετάσειε,
1776 2320 1868 2374 δύο
1896 2316 2057 2375 αὗται

389 2414 641 2476 κολάσεις
668 2413 823 2466 εἰσίν.
876 2411 934 2465 '0
979 2410 1087 2481 7&9
1144 2410 1431 2480 καιόμενος
1488 2410 1581 2463 zeal
1630 2410 1730 2481 τῆς
1784 2409 2057 2479 βασιλείας

266 2487 281 2497 ’
389 2501 645 2553 ἐκπίπτει
668 2497 821 2570 [295]
855 2498 1068 2560 πάντως
1090 2496 1268 2566 ἀὕτη
1300 2496 1357 2549 δὲ
1394 2497 1609 2569 ἐκείνης
1637 2496 1992 2569 χαλεπωτέρα
2020 2498 2055 2567 ἡ

388 2587 654 2659 τιμωρία.
693 2587 804 2639 Kal
831 2580 947 2639 οἶδα
1002 2584 1100 2654 μὲν
1142 2585 1224 2637 ὅτι
1268 2583 1453 2637 πολλοὶ
1493 2585 1594 2654 τὴν
1638 2584 1860 2653 γέενναν
1899 2584 2059 2655 μόνον

390 2673 761 2744 πεφρίκασιν·
803 2671 912 2738 ἐγὼ
955 2670 1013 2723 δέ
1051 2669 1150 2740 τὴν
1184 2669 1459 2723 ἐκπτωσιν
1502 2670 1602 2739 τῆς
1645 2669 1802 2740 δόξης
1843 2670 2059 2741 ἐκείνης

390 2762 531 2815 πολύ
560 2762 659 2833 τῆς
686 2762 911 2831 γεέννης
939 2761 1162 2814 κόλασιν
1189 2761 1518 2831 πικροτέραν
1550 2755 1689 2814 εἷναί
1720 2778 1881 2832 φημι.
1914 2763 1976 2815 Εί
1999 2762 2057 2815 δὲ

392 2850 470 2922 μὴ
492 2850 715 2903 δυνατὸν
742 2850 1089 2920 παραστῆσαι
1114 2847 1193 2918 τῷ
1214 2847 1374 2917 λόγῳ,
1393 2847 1707 2918 θαυμαστὸν
1732 2848 1904 2902 οὐδέν.
1924 2849 2057 2903 Οὐδὲ

390 2937 501 3008 7&9
536 2937 692 3007 ῐσμεν
735 2936 958 2989 ἐκείνων
1003 2938 1110 2990 τῶν
1149 2935 1370 3004 ἀγαθῶν
1402 2935 1502 3007 τὴν
1536 2936 1934 3006 μακαριότητα,
1973 2937 2060 2990 ἵνα

392 3025 487 3077 καὶ
526 3023 625 3094 τὴν
670 3022 962 3093 ἀθλιότητα
1002 3022 1103 3094 τὴν
1140 3022 1185 3054 ⁸⁸
1220 3022 1331 3101 ἀπὸ
1373 3024 1473 3093 τῆς
1521 3023 1830 3095 στερήσεως
1882 3022 2062 3076 αὐτῶν

392 3109 579 3179 σαφῶς
631 3109 857 3180 ἴδωμενο
906 3110 1030 3162 ἐπεὶ
1082 3108 1291 3171 Παῦλος
1316 3106 1360 3140 ’⁵⁸
1387 3109 1416 3161 ὀ
1454 3106 1628 3161 ταῦτα
1670 3108 1853 3177 σαφῶς
1882 3107 2058 3173 εἰδὼς,

389 3193 530 3252 οἶδεν
556 3199 637 3252 ὅτι
665 3198 726 3251 τὸ
745 3200 998 3252 ἐκπεσεῖν
1023 3197 1121 3268 τῆς
1141 3196 1233 3249 τοῦ
1262 3196 1496 3267 Χριστοῦ
1518 3196 1674 3268 δόξης
1704 3196 1920 3250 πάντων
1946 3197 2063 3251 ἐστὶ

390 3284 791 3357 χαλεπώτερον.
815 3286 926 3339 Kal
948 3284 1105 3338 τοῦτο
1128 3283 1171 3315 ’⁵⁷
1197 3282 1455 3354 είσόμεθα
1471 3282 1614 3348 τότε,
1637 3284 1765 3337 ὅταν
1786 3286 1865 3347 είς
1894 3284 2062 3357 αὐτὴν

388 3372 490 3442 τὴν
520 3373 717 3442 πεῖραν
746 3372 1095 3442 ἐμπέσωμεν.

462 3464 533 3527 η’.
580 3457 739 3511 Ἀλλά
780 3460 989 3529 μήποτε
1037 3456 1195 3509 τοῦτο
1229 3456 1523 3528 πάθοιμεν,
1557 3451 1607 3512 ὦ
1638 3459 1922 3529 μονογενὲς
1966 3459 2059 3513 τοῦ

388 3544 525 3599 Θεοῦ
559 3546 679 3608 παῖ,
725 3545 859 3616 μηδὲ
896 3544 1154 3615 λάῦοιμέν
1189 3545 1319 3599 ποτέ
1354 3563 1476 3599 τινα
1518 3548 1712 3617 πεῖραν
1743 3545 1840 3619 τῆς
1867 3547 2063 3618 ἀνηκέ-

392 3649 520 3686 στου
550 3632 753 3702 ταύτης
793 3630 1088 3694 κολάσεως.
1114 3631 1277 3685 Ὅσον
1309 3632 1418 3703 γάρ
1448 3633 1565 3685 ἐστι
1602 3632 1770 3686 κακὸν
1810 3635 2062 3687 ἐκπεσεῖν

390 3719 498 3773 τῶν
543 3716 764 3786 ἀγαθῶν
793 3718 1035 3782 ἐκείνων,
1064 3717 1249 3786 σαφῶς
1276 3716 1374 3788 μέν
1405 3718 1577 3770 εἰπεῖν
1612 3718 1712 3770 οὐκ
1754 3718 1861 3771 ἐνι·
1900 3718 2059 3789 πλὴν,

388 3805 463 3867 ὡς
498 3804 563 3856 ἂν
592 3799 700 3865 οἷός
730 3819 790 3855 τε
828 3797 896 3865 ὦ,
935 3803 1191 3874 βιάσομαι
1222 3803 1317 3857 zeal
1355 3803 1712 3873 φιλονεικήσω
1753 3803 1820 3857 δι’
1853 3805 2064 3858 ὑποδεί-

389 3906 601 3959 γματος
639 3889 767 3957 ὑμῖν
813 3888 945 3941 αὐτὸ
984 3888 1088 3941 κᾶν
1117 3888 1261 3942 κατά
1304 3889 1501 3961 μικρὸν
1544 3890 1766 3960 ¹ποιῆσαι
1805 3892 2061 3963 φανερόν.

402 3974 761 4046 ’Υποθὼμεθα
790 3976 899 4047 γὰρ
934 3974 1141 4029 παιδίον
1169 3970 1308 4030 εἶναι
1338 3975 1667 4065 θαυμαστὸν,
1687 3978 1779 4031 zeal
1804 3979 1942 4049 μετά
1962 3980 2062 4051 τῆς

390 4063 593 4134 ἀρετῆς
647 4064 739 4115 zeal
782 4062 880 4134 τὴν
915 4061 1191 4133 βασιλείαν
1237 4064 1335 4135 τῆς
1371 4061 1694 4134 οἰκουμένης
1743 4066 1922 4136 ἔχειν,
1966 4069 2062 4121 zeal

389 4150 565 4214 οὕτως
612 4146 753 4205 εἶναι
810 4151 1063 4222 ἐνάρετον
1114 4151 1422 4222 πανταχοῦ,
1471 4152 1547 4216 ῶς
1580 4152 1837 4209 δύνασθαι
1888 4155 2063 4211 ἀπαν-

390 4254 491 4301 τας
512 4236 557 4268 ⁸⁸
587 4237 646 4293 ἐν
675 4238 1028 4309 φιλοστοργίᾳ
1063 4240 1333 4310 πατρικῆς
1372 4240 1711 4311 καταστῆσαι
1746 4241 2058 4308 διαθέσεως.

393 4325 460 4378 Τί
488 4325 666 4379 τοίνυν
692 4328 790 4379 οὐκ
821 4325 887 4380 ἂν
918 4325 1095 4379 οἴεσθε
1124 4326 1215 4380 τὸν
1257 4326 1469 4397 πατέρα
1495 4328 1586 4380 τὸν
1630 4327 1822 4383 τούτου
1865 4330 2059 4386 παθεῖν

392 4412 461 4466 ἀν
487 4411 679 4483 ἡδέως,
707 4412 849 4466 ὥστε
886 4412 962 4484 μὴ
993 4414 1244 4467 ἐκπεσεῖν
1282 4412 1443 4467 αὐτοῦ
1483 4414 1580 4485 τῆς
1621 4414 1871 4485 ὀμιλίας;
1908 4416 1962 4472 τί
1999 4417 2059 4472 ἃ

389 4498 424 4567 ἢ
470 4498 665 4570 μικρδν
711 4500 746 4569 ἦ
792 4500 934 4570 μέγα
976 4500 1145 4554 κακὸν
1195 4500 1295 4554 οὐκ
1335 4500 1401 4554 ἂν
1440 4501 1715 4568 δέξασθαι,
1750 4502 1890 4556 ὥστε
1925 4503 2058 4575 δρᾷν

391 4585 488 4638 καὶ
526 4584 817 4640 ἀπολαύειν
846 4586 1046 4652 αὐτοῦ;
1084 4586 1254 4640 Τοῦτο
1297 4587 1478 4641 τοίνυν
1509 4588 1603 4642 zeal
1640 4588 1734 4641 ἐπὶ
1767 4589 1867 4660 τῆς
1899 4589 2058 4658 δόξης

391 4669 606 4741 ἐκείνης
653 4670 1014 4744 λογιζώμεθα.
1046 4674 1122 4727 Οὐ
1154 4672 1263 4743 7&9
1291 4672 1434 4727 οὔτω
1468 4674 1638 4747 πατρὶ
1671 4675 1903 4741 παιδίον,
1954 4677 2058 4731 κᾶν

394 4758 655 4827 μυριάκις
708 4760 961 4832 ἐνάρετον
1005 4756 1079 4833 ᾖ,
1133 4761 1377 4814 ποθεινόν
1430 4762 1546 4815 ἐστι
1588 4763 1684 4817 zeal
1736 4762 2056 4841 ἐπέραστον,

389 4842 466 4907 ὡς
521 4845 629 4899 τῶν
671 4846 891 4914 ἀγαθῶν
942 4848 975 4919 η
1026 4846 1179 4915 λῆξις
1228 4848 1486 4914 ἐκείνων,
1534 4848 1630 4902 zeal
1681 4849 1744 4904 τὸ
1796 4851 2058 4906 ἀναλῦσαι

392 4930 487 4985 zeal
518 4932 614 4987 σύν
643 4934 862 5005 Χριστῷ
900 4930 1061 4987 εἶναι.
1117 4934 1409 5006 Ἀφόρητον
1445 4936 1540 4988 zeal
1566 4934 1611 4967 ⁸⁸
1641 4937 1675 5008 ή
1710 4937 1923 5007 γέεννα,
1963 4941 2060 4994 zeal

390 5018 426 5089 ἡ
481 5020 699 5084 κόλασις
747 5020 950 5092 ἐκείνη.
984 5021 1130 5091 Πλὴν
1178 5021 1282 5075 κᾶν
1339 5022 1539 5093 μυρίας
1580 5039 1664 5087 τις
1702 5024 1766 5095 θῇ
1811 5024 2056 5094 γεέννας,

396 5106 539 5159 οὐδὲν
568 5106 808 5161 τοιοῦτον
854 5109 991 5179 ἐρεῖ,
1020 5102 1130 5162 οἷον
1166 5108 1227 5161 τὸ
1258 5107 1358 5178 τῆς
1401 5110 1677 5180 μακαρίας
1707 5111 1864 5183 δόξης
1892 5116 2056 5168 ἐκπε-

392 5195 505 5246 σεῖν
539 5195 771 5265 ἐκείνης,
800 5196 859 5248 τὸ
891 5195 1187 5269 μισηθῆναι
1211 5197 1364 5268 παρά
1394 5196 1489 5250 τοῦ
1523 5198 1781 5270 Χριστοῦ,
1808 5201 1869 5254 τὸ
1892 5202 2057 5256 ἀκοῦ-

1156 304 1216 363 S.
1256 304 1545 362 JOANMS
1580 297 2067 358 CIIRYSOSTOMI
2093 295 2410 354 ARCIIIEP.
2436 293 2979 354 CONSTANTINOP.
3698 289 3789 347 518

2154 431 2242 467 σαι
2279 414 2360 467 ὅτι
2411 416 2531 467 Οὐκ
2585 408 2717 467 οῖδα
2764 409 2940 480 ὑμᾶς,
2968 408 3031 462 τὸ
3058 405 3389 477 ἐγκληθῆναι
3426 404 3508 459 ὅτι
3547 404 3792 459 πεινῶντα

2152 502 2314 555 αὐτὴν
2346 499 2545 563 ίδόντες
2574 498 2674 552 οὐκ
2710 497 3038 571 ἐθρέψαμεν.
3074 496 3181 548 Kal
3209 495 3317 566 7&9
3353 493 3575 564 μυρίους
3605 491 3793 561 βέλτιον

2152 583 2442 653 ὑπομεῖναι
2482 580 2797 651 κεραυνοὺς,
2836 579 2869 650 ἢ
2899 578 2960 631 τὸ
2990 578 3275 649 πρόσωπον
3306 576 3481 629 ἐκεῖνο
3508 573 3569 626 τὸ
3606 574 3794 644 ἥμερον

2155 668 2283 722 ίδεῖν
2316 667 2790 739 ἀποστρεφόμενον
2823 666 2991 736 ἡμᾶς.
3023 665 3117 717 καὶ
3154 662 3245 717 τὸν
3270 662 3503 734 γαληνὸν
3540 661 3795 733 ὀφθαλμὸν

2152 757 2252 810 οὐκ
2289 756 2616 826 ἀνεχόμενον
2642 757 2722 818 είς
2751 756 2895 825 ἡμᾶς
2928 752 3163 823 βλέπειν.
3194 752 3257 804 El
3289 749 3397 821 7&9
3427 749 3587 813 αὐτὸς
3621 748 3796 819 ἐχθρὸν

2151 842 2281 896 δντα
2313 861 2380 915 με
2413 844 2505 896 zeal
2532 842 2793 914 μισοῦντα
2822 841 2982 896 αὐτὸν
3012 842 3105 895 καὶ
3134 838 3607 909 ἀποστρεφόμενον
3641 835 3797 900 οὕτως

2152 930 2370 995 ἐδίωξεν
2404 930 2471 991 ³⁸,
2501 930 2579 991 ὡς
2632 929 2769 1001 μηδὲ
2822 927 3013 984 ἐαυτοῦ
3048 925 3372 996 φείσασθαι,
3421 925 3535 977 ἀλλ’
3568 922 3797 978 ἐκδοῦναι

2153 1017 2344 1071 ἐαυτὸν
2373 1018 2451 1080 είς
2478 1017 2706 1072 θάνατον
2729 1034 2742 1047 ο
2767 1017 2895 1070 ὅταν
2924 1014 3061 1085 μετά
3092 1014 3267 1068 πάντα
3294 1015 3476 1067 ἐκεῖνα
3498 1010 3629 1082 μηδὲ
3648 1010 3797 1081 ἀρτου

2153 1103 2315 1158 αὐτὸν
2353 1102 2569 1168 ἀξιώσω
2613 1101 2971 1173 λιμώττοντα,
3008 1102 3183 1165 ποίοις
3211 1100 3395 1154 λοιπὸν
3429 1099 3589 1153 αὐτὸν
3616 1098 3798 1168 ὀφθαλ-

2156 1192 2278 1259 μοῖς
2304 1188 2536 1259 ὀψομαις
2573 1189 2772 1241 Σκόπει
2804 1188 2862 1241 δέ
2904 1186 3069 1241 αὐτοῦ
3102 1186 3197 1239 zeal
3237 1184 3466 1239 ἐνταῦθα
3494 1184 3592 1255 τὴν
3624 1184 3801 1254 ἡμερό-

2151 1291 2311 1345 τητα.
2363 1274 2497 1328 Οὐδέ
2546 1273 2655 1345 γάρ
2706 1273 2856 1342 λέγει
2893 1274 2992 1336 τάς
3047 1272 3405 1343 εὐεργεσίας,
3443 1270 3551 1324 οὐδ’
3599 1271 3679 1322 δτι
3718 1269 3801 1323 τὸν

2151 1362 2387 1415 τοσαῦτα
2416 1361 2768 1431 ὠφελήσαντα
2794 1360 3061 1431 περιεῖδες
3081 1360 3147 1414 ⁸⁸.
3177 1359 3311 1413 Οὐδέ
3339 1358 3449 1429 7&9
3466 1357 3613 1425 λέγει
3636 1374 3650 1389 ·
3688 1356 3803 1427 Ἐμὲ

2152 1448 2243 1503 τὸν
2280 1451 2343 1502 ἐκ
2381 1447 2473 1501 τοῦ
2507 1448 2581 1520 μὴ
2618 1447 2769 1513 ὄντος
2802 1450 2881 1511 είς
2924 1446 2983 1500 τὸ
3023 1443 3163 1500 εἷναί
3195 1462 3255 1499 σε
3294 1444 3699 1518 παραγαγόντα,
3724 1443 3804 1495 τὸν

2152 1536 2328 1608 ψυχὴν
2366 1536 2769 1607 ἐμπνεύσαντα,
2811 1536 2904 1590 zeal
2931 1534 3297 1607 ἐπιστήσαντά
3340 1551 3399 1586 σε
3445 1535 3581 1587 πᾶσι
3625 1535 3729 1595 τοῖς
3754 1532 3804 1584 ἐν

2156 1628 2222 1697 τῇ
2246 1628 2337 1695 γῇ,
2363 1626 2452 1678 τὸν
2476 1624 2563 1678 διά
2587 1624 2645 1677 σέ
2674 1623 2778 1695 γῆν
2800 1624 2893 1678 zeal
2915 1622 3140 1695 οὐρανὸν
3162 1622 3253 1675 zeal
3281 1621 3544 1675 θάλατταν
3573 1620 3667 1673 zeal
3684 1619 3807 1690 ἀέρα

2158 1713 2255 1766 zeal
2284 1713 2459 1767 πάντα
2491 1713 2560 1767 τά
2604 1713 2732 1765 ὅντα
2765 1713 3089 1783 ποιήσαντα,
3134 1710 3225 1764 τὸν
3260 1708 3637 1781 ἀτιμασθέντα
3672 1705 3807 1776 παρά

2160 1800 2279 1864 σοῦ,
2306 1802 2397 1854 zeal
2441 1800 2536 1853 τοῦ
2588 1799 2834 1854 διαϐόλου
2879 1798 3200 1868 ἀτιμότερον
3246 1792 3385 1850 εἶναι
3435 1795 3682 1861 δόξαντα,
3727 1793 3806 1846 καὶ

2162 1887 2297 1958 μηδέ
2348 1887 2521 1950 οὓτως
2567 1888 2899 1951 ἀποστάντα,
2932 1885 3069 1939 ἀλλά
3102 1884 3273 1955 μυρία
3320 1883 3457 1955 μετά
3487 1880 3661 1935 ταῦτα
3701 1882 3807 1933 ἐπι-

2160 1977 2446 2046 νοήσαντα,
2471 1974 2561 2028 τὸν
2584 1975 2836 2045 ἑλόμενον
2868 1973 3118 2042 γενέσθαι
3138 1971 3343 2034 δοῦλον,
3362 1970 3456 2023 τὸν
3492 1967 3808 2042 ραπισθέντα

2160 2062 2310 2137 [296]
2332 2064 2436 2121 zeal
2459 2064 2856 2135 ἐμπτυσθέντα,
2881 2062 2972 2117 τδν
2995 2062 3287 2133 σφαγέντα,
3315 2059 3407 2114 τὸν
3420 2062 3467 2092 ⁸¹
3487 2058 3809 2113 ἀποθανόντα

2162 2152 2390 2207 θάνατον
2421 2152 2510 2204 τὸν
2543 2150 2840 2221 αἴσχιστον,
2870 2150 2962 2203 τὸν
2992 2150 3087 2203 zeal
3120 2150 3233 2204 ἀνω
3264 2149 3404 2219 ὑπὲρ
3440 2146 3533 2199 σοῦ
3569 2144 3810 2215 ἐντυγχά-

2161 2258 2341 2304 νοντα,
2377 2239 2468 2293 τδν
2508 2238 2728 2311 πνεῦμά
2759 2256 2839 2292 σοι
2888 2238 3245 2310 χαριζόμενον
3267 2277 3282 2301 ,
3310 2236 3403 2290 τὸν
3454 2233 3731 2305 βασιλείας
3760 2248 3810 2284 σε

2162 2327 2556 2392 καταξιοῦντα,
2592 2327 2684 2381 τὸν
2722 2327 2790 2380 τά
2825 2326 2871 2359 ⁸³
2909 2325 3131 2379 τοιαῦτα
3185 2322 3687 2393 ἐπαγγελλόμενον,
3733 2319 3811 2373 τὸν
3882 2319 3883 2391 1

2163 2416 2406 2487 κεφαλήν
2454 2432 2547 2469 σου
2583 2413 2911 2485 βουληθέντα
2941 2408 3109 2475 εῖναι,
3147 2414 3240 2466 zeal
3272 2411 3526 2482 νυμφίον,
3564 2411 3661 2464 καὶ
3696 2408 3811 2478 ίμά·

2160 2514 2295 2561 τιον,
2338 2498 2435 2552 zeal
2474 2492 2643 2563 οἶκον,
2677 2498 2771 2551 zeal
2812 2496 2988 2567 ῥίζαν,
3024 2496 3119 2551 καὶ
3147 2494 3374 2566 τροφὴν,
3405 2494 3497 2546 zeal
3531 2493 3703 2563 πόμα,
3733 2490 3814 2543 καὶ

2162 2584 2417 2655 ποιμένα,
2454 2587 2549 2639 zeal
2580 2583 2823 2654 βασιλέα,
2853 2583 2949 2636 zeal
2975 2582 3224 2651 ἀδελφὸν,
3250 2580 3343 2635 zeal
3369 2580 3704 2652 κληρονόμον
3732 2577 3813 2631 καὶ

2164 2672 2605 2742 συγκληρονόμον
2637 2688 2697 2725 σε
2730 2672 3010 2742 ἑλόμενον,
3045 2670 3135 2724 τὸν
3161 2670 3270 2725 ἀπὸ
3306 2668 3530 2731 σκότους
3569 2668 3651 2730 είς
3682 2665 3814 2731 ἐξον⁶

2164 2760 2283 2814 σίαν
2316 2760 2491 2829 φωτὸς
2520 2760 2813 2829 ἀγαγόντα.
2854 2758 3043 2813 Ταῦτα
3078 2757 3187 2829 7&9
3234 2758 3327 2810 zeal
3369 2756 3593 2809 πλείονα
3626 2753 3813 2807 τούτων

2163 2847 2303 2917 έχων
2344 2850 2539 2912 είπεῖν,
2568 2848 2723 2901 οὐδὲν
2747 2846 2955 2899 τούτων
2992 2845 3169 2912 λέγει’
3201 2842 3336 2899 ἀλλά
3362 2842 3449 2908 τίς
3484 2842 3665 2896 Μόνον
3698 2838 3814 2894 αὐτὸ

2162 2936 2223 2988 τὸ
2248 2934 2295 2966 ⁵⁸
2324 2934 2648 3005 ἁμάρτημα.
2683 2934 2794 2988 Καὶ
2839 2932 3072 2988 ἐνταῦθα
3106 2933 3152 2964 ⁸⁸
3182 2931 3422 2986 δείκνυσι
3455 2929 3554 3000 τὴν
3588 2929 3813 2998 ἀγάπην,

2162 3023 2258 3075 zeal
2298 3021 2392 3075 τὸν
2444 3021 2608 3074 πόθον
2641 3020 2700 3074 δν
2734 3020 2847 3091 ἔχει
2891 3020 3020 3091 περὶ
3066 3020 3125 3074 σέ
3156 3018 3507 3073 ἐνδείκνυται.
3538 3016 3677 3071 Οὐδέ
3719 3015 3814 3085 7&9

2162 3104 2303 3172 εἷπε,
2329 3106 2631 3178 Πορεύεσθε
2664 3107 2744 3171 είς
2765 3107 2826 3159 τὸ
2858 3105 2969 3177 πῦρ
2989 3105 3047 3158 τὸ
3080 3104 3476 3177 ἡτοιμασμένον
3495 3104 3649 3175 ὑμῖν,
3673 3100 3813 3165 ἀλλὰ,

2167 3197 2237 3253 Τὸ
2260 3197 2703 3268 ἡτοιμασμένον
2732 3196 2778 3230 ⁸⁸
2813 3194 2893 3262 τῷ
2919 3196 3192 3265 διαϐόλῳ.
3228 3197 3337 3250 Kal
3378 3196 3643 3267 πρότερον
3683 3194 3813 3262 λέγει

2160 3283 2196 3337 ἀ
2237 3284 2539 3355 ἠδίκησαν,
2586 3285 2681 3337 καὶ
2718 3284 2840 3337 οὐδὲ
2871 3284 3039 3347 οὕτως
3082 3284 3340 3355 ὑπομένει
3392 3284 3570 3338 πάντα
3622 3286 3811 3345 εἰπεῖν,

2161 3371 2276 3427 ἀλλ’
2310 3371 2484 3441 ὀλίγα.
2511 3373 2622 3426 Kal
2646 3372 2751 3443 πρὸ
2784 3371 2985 3426 τούτων
3014 3373 3253 3436 ἐκείνους
3273 3372 3429 3426 καλεῖ
3458 3372 3587 3437 τοὺς
3622 3389 3816 3441 κατωρ-

2162 3460 2426 3527 θωκότας,
2454 3460 2541 3514 ἵνα
2568 3460 2715 3533 δείξῃ
2742 3462 2835 3514 zeal
2867 3459 3115 3514 ἐντεῦθεν
3146 3460 3329 3514 δίκαια
3356 3460 3626 3528 ἐγκαλῶν.
3652 3460 3814 3526 Πόσης

2159 3543 2252 3602 οὖν
2283 3548 2556 3613 κολάσεως
2583 3548 2650 3602 τά
2672 3549 2893 3619 ῥήματα
2918 3549 3089 3602 ταῦτα
3116 3549 3177 3601 οὐ
3208 3547 3595 3619 χαλεπώτερας
3628 3549 3690 3601 El
3719 3546 3815 3615 7&9

2160 3633 2443 3706 ἄνθρωπόν
2484 3635 2529 3666 ⁸⁷
2566 3651 2650 3698 τις
2692 3633 2985 3705 εὐεργέτην
3035 3633 3375 3704 λιμώττοντα
3421 3634 3579 3703 ίδὼν,
3619 3636 3716 3689 οὐκ
3755 3633 3815 3687 ἂν

2162 3720 2395 3791 περιῖδοι
2416 3737 2432 3753 ο
2463 3722 2512 3774 εί
2552 3721 2609 3775 δέ
2645 3721 2743 3774 zeal
2784 3721 3036 3792 περιῒδοι,
3072 3721 3459 3791 ὀνειδιζόμενος
3489 3722 3667 3775 ἐλοιτο
3694 3721 3815 3793 μᾶλ-

2161 3807 2253 3860 λον
2276 3808 2323 3841 ⁸⁸
2343 3809 2638 3862 καταδῦναι
2668 3809 2749 3873 είς
2771 3808 2870 3881 τὴν
2890 3810 3015 3880 γῆν,
3044 3810 3078 3881 ἢ
3108 3809 3200 3861 ἐπὶ
3230 3809 3323 3862 δύο
3344 3810 3377 3881 ἢ
3400 3810 3447 3841 ³⁸
3470 3810 3638 3881 τριῶν
3660 3808 3815 3878 φίλων

2160 3894 2337 3949 ταῦτα
2364 3895 2596 3949 ἀκοῦσαι
2616 3896 2701 3949 ’τί
2732 3897 3032 3967 πεισόμεθα
3062 3897 3221 3967 ἡμεῖς
3250 3898 3343 3949 ἐπὶ
3374 3897 3475 3968 τῆς
3505 3897 3815 3967 οἰκουμένης

2163 3982 2381 4052 ἀπάσης
2408 3982 2580 4036 ταῦτα
2608 3983 2912 4049 ἀκούοντες,
2937 3984 3077 4057 ἀπερ
3102 3983 3210 4038 οὐδ’
3241 3984 3307 4037 ἃν
3326 3984 3447 4037 τότε
3469 3979 3641 4048 εἷπεν,
3673 3985 3718 4036 εί
3748 3982 3816 4052 μὴ

2161 4067 2304 4138 ὑπὲρ
2346 4068 2456 4120 τῶν
2503 4069 2626 4122 καθ’
2671 4070 2861 4123 ἐαυτὸν
2894 4068 3333 4141 ἀπολογήσασθαι
3374 4069 3677 4137 ἐσπευδενς
3705 4069 3815 4121 Ὀτι

2163 4152 2272 4224 7&9
2304 4153 2402 4207 οὐκ
2428 4153 2700 4219 ὀνειδίζων
2720 4155 2860 4209 αὐτά
2884 4155 3204 4227 προέφερεν,
3233 4156 3350 4209 ἀλλ’
3372 4155 3811 4227 ἀπολογούμενος,

2162 4240 2258 4291 zeal
2286 4239 2425 4311 ὑπὲρ
2450 4239 2545 4293 τοῦ
2575 4240 2745 4306 δεῖξαι
2770 4230 2850 4294 ὅτι
2870 4242 2931 4295 οὐ
2964 4242 3139 4312 μάτην
3166 4241 3286 4295 οὐδὲ
3317 4240 3439 4311 είκῆ
3466 4242 3602 4313 πρὸς
3630 4241 3815 4303 αὐτοὺς

2161 4324 2336 4395 ἔλεγε,
2358 4329 2693 4396 Πορεύεσθε
2720 4328 2822 4384 ἀπ’
2850 4329 3017 4401 ἐμοῦ,
3033 4329 3190 4401 δῆλον
3213 4331 3277 4383 ἐκ
3302 4330 3410 4385 τῶν
3426 4330 3649 4399 ἀφάτων
3673 4330 3815 4399 εὐερτ

2159 4414 2377 4484 γεσιῶν.
2425 4415 2490 4469 Εί
2539 4416 2647 4488 γὰρ
2685 4416 2935 4472 ἐϐούλετο
2992 4417 3268 4484 ὀνειδίσαι,
3308 4418 3487 4481 πάντα
3539 4417 3608 4485 ἂν
3646 4420 3817 4473 ἐκεῖνα

2159 4503 2241 4565 είς
2268 4501 2432 4572 μέσον
2460 4504 2664 4573 ἢγαγεο
2696 4505 2813 4561 νυνὶ
2837 4505 2893 4559 δέ
2923 4505 3066 4576 ἀπερ
3098 4504 3265 4559 ἔπαθε
3291 4505 3439 4574 λέγει
3465 4506 3648 4578 μόνον.

2231 4589 2297 4644 θ’.
2335 4589 2665 4660 Φοϐηθῶμεν
2688 4592 2887 4655 τοίνυν,
2910 4594 3204 4664 ἀγαπητοὶ,
3226 4594 3288 4647 τὸ
3310 4592 3483 4647 ταῦτα
3502 4589 3815 4647 ἀκοῦσαι.τά

2162 4675 2402 4745 ῥήματα.
2420 4677 2534 4730 Οὐκ
2561 4676 2676 4730 ἐστι
2696 4678 2951 4755 παίγνιον
2967 4681 2996 4732 ὀ
3017 4678 3151 4749 βίοςο
3172 4679 3374 4749 μᾶλλον
3393 4678 3449 4732 δὲ
3464 4681 3493 4732 ὀ
3511 4679 3612 4749 μὶν
3635 4675 3814 4748 παρὼν

2162 4760 2275 4829 βίος
2303 4760 2573 4831 παίγνιον,
2610 4764 2751 4818 τάδέ
2775 4764 3036 4836 μέλλοντα
3077 4766 3138 4819 οὐ
3169 4766 3415 4834 παίγνια.
3449 4764 3601 4834 Τάχα
3626 4764 3682 4817 δέ
3702 4761 3814 4815 οὐδὲ

2160 4844 2409 4912 παίγνιον
2439 4846 2597 4923 μόνον
2626 4850 2654 4900 ὀ
2677 4848 2809 4917 βίος,
2834 4847 2970 4901 ἀλλά
2995 4849 3089 4913 καί
3116 4848 3306 4901 τούτου
3333 4851 3513 4919 χεῖρον
3538 4848 3602 4901 ¹·⁶.
3618 4848 3690 4900 Οὐ
3716 4846 3815 4919 γὰρ

2160 4930 2240 4993 είς
2261 4929 2474 4999 γέλωτα
2501 4932 2745 5009 τελευτᾷ,
2776 4932 2911 4988 ἀλλά
2954 4934 3048 4987 zeal
3078 4933 3276 5005 πολλὴν
3315 4934 3468 5004 φέρει
3494 4933 3592 5005 τὴν
3623 4931 3816 5010 βλάϐην

2160 5021 2272 5083 τοῖς
2292 5020 2366 5089 μὴ
2396 5020 2532 5091 μετὰ
2547 5022 2828 5093 ἀκριϐείας
2847 5022 2915 5076 τά
2938 5022 3058 5075 καθ’
3077 5023 3301 5083 ἑαυτοὺς
3322 5024 3623 5092 οἰκονομεῖν
3645 5018 3816 5090 βουλο-

2162 5107 2363 5179 μένοις.
2392 5110 2456 5163 Τί
2478 5112 2585 5182 γάρ
2616 5112 2843 5175 παίδων,
2872 5113 2993 5166 εἰπέ
3034 5129 3144 5183 μοι,
3174 5111 3535 5182 διεστήκαμεν
3567 5109 3678 5163 τῶν
3701 5124 3817 5162 παι·

2160 5195 2363 5259 ξόντων
2386 5198 2482 5251 zeal
2508 5200 2685 5265 οίκίας
2718 5199 3141 5271 οίκοδομούντων
3171 5201 3333 5271 ἡμεῖς
3360 5198 3417 5251 al
3434 5196 3534 5261 τὰς
3566 5194 3817 5268 λαμπράς

460 5344 507 5375 ⁸⁸
533 5341 627 5420 καὶ
663 5340 819 5395 deest
868 5345 919 5397 in
978 5344 1116 5420 Held.
1168 5344 1235 5420 _"
1261 5344 1349 5420 [va
1388 5344 1523 5417 μηδὲ
1652 5346 1739 5420 ἵνα
1776 5347 1833 5403 δέ
1868 5348 1943 5420 μὴ
1974 5349 2059 5404 Ed:

2195 5354 2231 5385 δ’
2260 5347 2397 5420 ἀλλ’]
2428 5347 2518 5403 Sic
2552 5348 2614 5420 Β.
2650 5348 2712 5420 C.
2750 5345 2810 5401 E.
2839 5354 2895 5407 ει
2932 5362 3012 5415 pr.
3045 5345 3115 5420 Π.
3145 5346 3238 5420 zeal
3267 5343 3341 5420 _F.
3525 5356 3633 5395 om.
3660 5341 3731 5420 ⁵Δ,
3757 5347 3815 5420 οι

392 5426 535 5488 _corr._
570 5413 629 5488 [ξ.
659 5426 719 5488 p._
745 5427 798 5480 ι).
828 5415 1131 5488 κατασείειν
1153 5415 1229 5488 Β.
1251 5415 1314 5488 C.
1346 5411 1404 5470 ei
1425 5411 1522 5488 ῥυ.
1556 5416 1619 5470 Ι).
1654 5418 1812 5488 vulgo
1855 5411 2057 5472 κατασε

2229 5423 2277 5455 ⁸³
2308 5411 2591 5472 ΠΘΙΚΟΝ.
2638 5419 2760 5473 Ὅτι
2812 5411 2991 5487 χεῖρον
3017 5416 3117 5488 τῆς
3154 5412 3427 5488 κολάσεώς
3462 5414 3581 5488 ἐστι
3624 5411 3815 5488 τδτῆς

394 5482 675 5569 ξασξέείῆῖ
701 5481 974 5569 ἓξῗτεῖεῗνῖ
1004 5485 1111 5569 ,καὶ
1146 5487 1230 5569 εξτξ
1274 5487 1303 5538 δ
1348 5481 1601 5569 ιγάίρεῖος
1650 5481 1774 5555 βίηξ
1803 5486 2053 5569 luem
2078 5492 2362 5569 ἀτεοτελετυ.
2377 5490 2540 5569 961.9
2570 5481 2925 5569 πλοιῖτοςζίιαί.
2941 5481 3294 5569 ήηδιάαστςέοξ
3309 5486 3384 5569 ,Αο
3539 5497 3578 5559 V1

1772 5549 2095 5629 αὐτῶνόιῐι.
2125 5562 2189 5623 Β,
2212 5562 2270 5616 F.
2336 5549 2393 5590 ’⁸⁸
2416 5549 2665 5629 εἷδῶμεψ
2694 5557 2817 5629 ἐπεὶ.
2843 5549 3176 5629 καλ-Παῦλρς
3210 5554 3355 5629 ﬁdei.
3422 5552 3466 5583 ⁵⁷
3490 5549 3812 5629 (afﬁciam.

1621 5618 1758 5681 Edd.
1834 5624 1881 5659 δ’
1919 5627 2036 5700 zeal]

1621 5733 1632 5747 -
1665 5712 1718 5754 ι).
1755 5710 1807 5754 ι).
1840 5697 1950 5754 γὰρ
1978 5713 2059 5752 om

2195 5631 2303 5701 7&9
2332 5630 2426 5683 zeal
2452 5629 2512 5681 Β.
2546 5618 2558 5629 ’
2589 5630 2637 5660 ⁸⁸
2656 5625 2864 5697 ἐδίωξε]
2895 5626 2984 5679 Sic
3008 5624 3067 5678 Β.
3101 5625 3163 5680 Ε.
3203 5625 3298 5679 Ge.
3328 5622 3478 5677 Arm.
3510 5618 3818 5683 ἐδεξιῶσατο

2225 5700 2284 5753 Ε.
2362 5701 2409 5732 ”
2435 5698 2548 5754 τὸν]
2579 5698 2673 5751 zeal
2720 5698 2851 5751 Edd.
2929 5694 2975 5726 ⁸³
3006 5695 3075 5748 τὰ
3124 5695 3277 5748 deest
3310 5695 3363 5747 in
3411 5690 3541 5744 Edd.
3619 5688 3815 5741 “abeb

392 5698 457 5746 Δ.
484 5698 545 5745 (λ.
578 5698 638 5743 υ.
665 5698 948 5775 ῃγαπησεν
977 5698 1041 5779 ιε’ζ
1114 5698 1159 5774 ξι
1187 5698 1466 5779 ὑπερεῖδες
1500 5698 1641 5783 Εᾳαι
1665 5712 1718 5766 p.
1748 5710 1807 5783 ρ.
1840 5698 1950 5768 7&9
1978 5698 2059 5752 oin

520 5761 581 5842 τί)
616 5760 751 5842 αυτδ
781 5761 843 5814 υ.
884 5761 944 5813 τὸ
981 5779 1177 5842 αυτ-ου*
1195 5764 1264 5842 B._
1294 5766 1355 5817 (ι.
1403 5765 1465 5842 τδ
1502 5780 1683 5842 αυτων
1721 5764 1782 5819 1⁸.
1856 5766 2059 5842 ’ξρέντα

2208 5698 2285 5753 Ἐξ
2362 5701 2409 5732 ”
2435 5698 2548 5771 τὸν]
2579 5698 2673 5751 zeal
2720 5698 2851 5751 Edd.
2929 5698 2975 5726 "
3006 5698 3075 5748 τά
3124 5698 3277 5748 deest
3310 5698 3363 5747 in
3411 5698 3541 5744 Edd.

2216 5770 2337 5824 add.
2358 5769 2420 5842 δέ
2449 5769 2506 5825 Ε.
2551 5769 2661 5842 Kal
2690 5767 2925 5842 ἐνταῦθα
2940 5765 3013 5842 δὲ
3060 5765 3321 5842 μεγίστην
3354 5761 3541 5842 ἀγάπη

391 5618 830 5696 καὶῇὴμέεῖς-Εᾲά.
909 5622 954 5652 ⁸⁸
976 5622 1241 5696 ἀπαντας]
1274 5618 1406 5696 'add.
1445 5624 1545 5696 αὐτ

390 5548 554 5635 A.‘
619 5550 675 5635 ξ’
697 5548 1057 5635 τὴνόειξξιηίη
1082 5556 1239 5635 ιεοόι]ε
1272 5548 1467 5635 prglei'
1680 5571 1734 5635 ρ,

391 5689 638 5766 ᾼηοξξι).
665 5689 948 5766 ῂγάπησεν
977 5690 1039 5766 F.
1114 5694 1159 5766 ξι
1187 5689 1466 5766 ὐπερείδες
1500 5689 1638 5766 Edd1
1665 5712 1699 5766 p

3007 5480 3294 5538 δυναστεία
3318 5486 3384 5537 Α.
3460 5481 3508 5512 ⁸⁸
3539 5480 3817 5549 νοημάτων

3292 5780 3321 5815 ν
3354 5761 3591 5829 ἀγάπην,
3628 5760 3722 5812 zeal
3756 5759 3813 5812 l“.

394 5828 531 5910 ἒῐδξ.
547 5829 883 5910 ἒῖθδέίκῖυῑέιι
906 5847 1037 5910 θυι-
1053 5832 1117 5907 0-.
1142 5833 1810 5910 D-_.fav99t_ibvs_|'1!erpp-
1854 5907 1864 5910 _
1889 5837 1946 5910 '_'_
1967 5837 2028 5910 εδ

2195 5840 2462 5910 μασμένον
2486 5837 2728 5910 οηιηνΑε-
2746 5835 2803 5889 Β.
3060 5828 3448 5910 Ἰξάνθρὡπων
3468 5828 3537 5887 Α.
3563 5828 3622 5882 Β.
3661 5829 3722 5886 C.
3756 5829 3811 5887 Ε.

406 5901 453 5949 ’,³
481 5900 595 5956 ἀλλ’
624 5900 779 5957 όνειδ.
807 5899 975 5956 ἕλοιτο
1011 5901 1077 5955 ἂν
1111 5904 1166 5968 μ.
1200 5901 1261 5958 F.
1338 5903 1382 5935 δί’
1409 5902 1465 5969 ῆι
1499 5903 1589 5957 zeal
1617 5904 1678 5959 Ε.
1719 5899 1876 5967 ἦ’καὶ
1906 5906 2040 5965 Edel.

2195 5899 2440 5973 ’ἁπᾶσης
2466 5925 2574 5967 om.
2604 5908 2661 5963 Β.
2692 5906 2750 5967 ι’.

2826 5908 2869 5937 ⁶⁰
2896 5904 3092 5977 χ;ίρων
3118 5904 3179 5959 D.
