3868 6182
124 280 220 332 517

117 394 258 446 enim
309 390 488 448 dicere
529 390 738 462 possis,
765 390 1171 448 Circumventus
1201 405 1319 445 sum
1349 399 1506 460 atque
1547 388 1708 446 dece-

119 490 233 550 ptus
265 501 279 536 :
309 497 432 536 nam
459 489 762 538 accuratam
790 481 882 537 tibi
909 480 1030 537 dedi
1058 497 1122 536 ex
1149 482 1400 550 operibus
1427 482 1665 535 notitiam
1690 522 1706 547 ,

117 577 306 646 iubens
335 590 432 644 per
458 575 601 643 ipsos
621 581 770 628 actus
787 571 1100 642 procedere,
1120 587 1293 641 neque
1310 573 1485 626 omnia
1511 581 1710 626 temere

121 667 352 720 turbare.
387 662 585 718 Deinde
611 664 734 732 quia
762 678 864 717 non
890 676 982 717 eos
1004 662 1185 717 ulcisci
1204 663 1377 732 jussit,
1402 663 1494 717 sed
1521 677 1710 718 cavere

117 756 307 810 abillis
326 763 383 808 ut
399 769 493 809 eos
507 756 596 824 qui
613 754 681 808 ab
700 754 804 808 illis
827 752 1148 809 laederentur
1175 755 1496 819 consoletur,
1521 755 1710 809 simul-

117 863 214 916 que
238 855 298 900 ut
318 846 576 902 laedentes
603 845 870 900 deterreat
890 845 1011 899 etin
1030 845 1249 900 meliora
1268 853 1560 906 convertat.
1590 860 1708 914 pte-

118 955 234 993 nam
254 939 322 994 ab
340 953 401 993 se
420 938 548 1008 ipsis
567 936 903 1008 inlligendam
927 938 1110 991 statuit
1135 945 1189 992 et
1215 937 1462 1003 ﬁrmavit,
1493 937 1705 992 dicens:

118 1032 198 1087 i9.
221 1032 406 1085 Omnis
421 1029 590 1097 arbor,
603 1046 715 1101 qua:
729 1046 827 1084 non
839 1029 962 1101 facit
977 1033 1196 1100 fructum
1212 1030 1417 1096 bonum,
1431 1030 1706 1098 excidetur,

117 1135 157 1177 et
200 1125 253 1177 in
297 1124 466 1194 ignem
494 1124 733 1176 mittetur.
763 1121 963 1177 Deinde
991 1135 1294 1177 sermonem
1323 1122 1708 1193 aliquantulum

119 1224 446 1283 temperans,
467 1213 643 1268 intulit
659 1230 673 1267 :
689 1211 778 1268 20.
799 1211 966 1283 Igitur
994 1229 1057 1266 ex
1072 1212 1319 1284 fructibus
1339 1229 1506 1267 eorum
1521 1230 1709 1284 cogno-

117 1306 258 1358 tretis
281 1321 387 1358 eos.
407 1303 485 1360 Ne
499 1313 676 1360 autem
693 1303 1160 1359 comminationem
1185 1304 1414 1360 maxime
1440 1304 1709 1359 videretur

121 1396 394 1459 inducere,
415 1395 563 1464 quasi
588 1409 681 1464 per
692 1393 1107 1448 admonitionem
1124 1402 1178 1449 et
1200 1395 1480 1448 consilium
1504 1395 1711 1449 videtur

121 1486 328 1540 illorum
360 1486 595 1540 anitnum
626 1499 863 1540 movere.
893 1485 990 1539 llic
1015 1501 1142 1540 vero
1169 1487 1297 1540 mibi
1326 1486 1538 1542 Judacos
1573 1487 1708 1542 sub-

120 1576 355 1632 lndicare
386 1577 613 1645 videtur,
652 1575 742 1647 qui
777 1576 906 1631 tales
937 1575 1277 1646 proferebant
1313 1577 1534 1632 fructus.
1560 1577 1711 1633 Ideo-

119 1681 214 1738 que
240 1666 466 1722 Joannis
491 1666 630 1721 dicta
661 1667 994 1733 memoravit,
1019 1681 1115 1737 per
1142 1667 1326 1722 eadem
1355 1669 1464 1738 ipsa
1497 1670 1708 1724 nomina

121 1758 437 1828 supplicium
467 1758 573 1813 illis
597 1757 925 1813 describens.
954 1756 1088 1812 Nam
1117 1765 1168 1813 et
1198 1758 1287 1812 ille
1323 1757 1437 1813 lucc
1463 1759 1672 1814 dicebat
1690 1801 1707 1826 ,

121 1851 349 1906 securim
369 1891 385 1916 ,
418 1850 664 1905 arborem
701 1849 1046 1905 excidendam
1077 1857 1132 1904 et
1159 1852 1332 1919 ignem
1364 1851 1710 1920 inexstingui-

120 1941 278 1996 bilem
320 1941 425 1996 illis
457 1955 885 1995 commemorans
913 1938 1127 2012 (Matth.
1157 1942 1208 1995 3.
1242 1940 1352 2010 10).
1387 1940 1710 2011 Videturque

123 2047 219 2086 una
261 2042 465 2086 tantum
505 2046 660 2101 paena
702 2046 856 2098 esse,
886 2047 1078 2101 nempe
1118 2033 1455 2097 combustio;
1491 2034 1535 2088 si
1581 2049 1711 2088 vero

122 2123 236 2192 quis
286 2126 402 2177 haec
445 2132 692 2178 accurate
720 2124 998 2193 exploret,
1025 2122 1219 2193 duplex
1264 2123 1349 2178 hic
1391 2125 1709 2194 supplicium

123 2223 219 2269 est.
242 2213 375 2268 Nam
401 2214 490 2284 qui
515 2213 862 2277 comburitur,
882 2229 912 2267 a
936 2229 1098 2284 regno
1119 2213 1315 2268 excidit
1337 2215 1574 2280 omnino;
1598 2216 1711 2270 hazc

124 2321 245 2358 vero
273 2320 433 2375 pana
461 2305 632 2373 major
656 2315 759 2360 est.
785 2304 916 2359 Novi
956 2315 1103 2361 certe
1137 2307 1421 2379 multosqex
1450 2307 1711 2378 gebennm

125 2408 322 2452 tantum
354 2398 570 2452 nomine
599 2396 859 2462 horrere;
885 2411 983 2466 ego
1015 2405 1188 2452 tamen
1220 2398 1387 2452 multo
1411 2398 1712 2468 graviorem

123 2505 236 2545 esse
265 2505 480 2560 poenam
507 2489 645 2544 duco
664 2504 694 2543 a
719 2489 883 2560 gloria
914 2489 1004 2543 illa
1027 2489 1294 2556 excidere,
1323 2506 1481 2560 quam
1511 2490 1713 2562 gehen-

123 2596 240 2634 nam
262 2579 447 2635 subire
465 2580 505 2636 '.
528 2579 580 2635 Si
605 2595 732 2635 vero
751 2579 804 2634 id
827 2593 929 2633 non
951 2581 1120 2650 possit
1139 2595 1386 2636 sermone
1404 2581 1712 2649 monstrari,

125 2673 247 2727 nihil
287 2676 504 2728 mirum.
530 2672 716 2743 Neque
750 2674 893 2729 enim
926 2673 1167 2728 novimus
1199 2675 1460 2728 bonorum
1499 2674 1712 2729 illorum

127 2765 525 2830 beatitudinem,
549 2776 600 2819 ut
627 2765 845 2834 perditae
861 2765 1026 2836 ipsius
1052 2765 1322 2821 miseriam
1348 2765 1709 2821 aestimemus:

127 2857 380 2925 siquidem
413 2857 610 2911 Paulus
643 2897 658 2923 ,
681 2871 770 2925 qui
797 2856 912 2910 haec
942 2854 1106 2926 probe
1127 2865 1368 2923 noverat,
1392 2855 1594 2912 sciebat
1620 2873 1715 2912 ex-

127 2948 296 3002 cidere
323 2963 354 3001 e
381 2948 552 3017 gratia
578 2945 778 3000 Christi
801 2960 910 3002 rem
931 2960 1052 3001 esse
1078 2945 1316 3000 omnium
1341 2945 1712 3016 gravissimam

129 3037 262 3102 (Gal.
295 3039 350 3094 5.
383 3039 463 3107 4).
498 3038 563 3092 Et
589 3038 690 3092 hoc
720 3051 819 3091 nos
846 3051 1058 3108 quoque
1100 3036 1367 3104 sciemus,
1395 3051 1519 3092 cum
1545 3037 1599 3092 in
1629 3037 1709 3093 rei

129 3132 548 3199 experimentum
578 3130 940 3185 inciderimus.

196 3225 243 3278 8.
269 3223 529 3289 Quantum
557 3224 622 3276 sit
654 3223 842 3276 malum
873 3221 1100 3276 excidere
1123 3238 1154 3274 a
1179 3237 1334 3293 regno
1365 3220 1459 3275 Dei
1483 3221 1713 3290 exemplo

131 3316 471 3368 adumbratur.
495 3312 720 3367 Christus
749 3313 891 3366 nobis
929 3313 1097 3366 omnia
1132 3321 1222 3367 est.
1249 3343 1320 3352 —
1345 3310 1452 3368 Sed
1487 3311 1620 3367 faxis
1646 3325 1714 3366 ne

132 3409 225 3464 hoc
252 3409 538 3478 patiamur,
562 3422 594 3462 ο
621 3405 890 3476 unigenite
918 3405 1012 3461 Dei
1044 3405 1165 3469 Fili,
1191 3420 1366 3475 neque
1395 3404 1713 3460 intolerandi

132 3501 274 3556 istius
339 3500 585 3570 supplicii
642 3514 894 3568 umquam
943 3499 1367 3568 experimentum
1419 3511 1711 3552 sumamus.

131 3591 392 3658 Quantum
413 3592 558 3646 enim
585 3591 655 3645 sit
683 3590 878 3644 malum
907 3604 936 3643 a
961 3589 1118 3644 bonis
1145 3589 1250 3644 illis
1277 3589 1546 3656 excidere,
1570 3587 1715 3643 clare

133 3685 369 3752 cognosci
392 3683 596 3752 nequit.
621 3682 866 3736 Attamen
886 3696 982 3751 pro
1004 3679 1139 3735 virili
1164 3695 1278 3735 mea
1303 3680 1537 3735 conabor
1556 3688 1715 3748 atque

133 3773 464 3840 contendam,
484 3773 584 3828 hoc
603 3772 754 3827 vobis
778 3787 871 3842 per
898 3773 1200 3842 exemplum
1231 3772 1422 3826 saltem
1450 3770 1712 3825 tantillum

133 3877 443 3920 monstrare.
475 3865 848 3935 Supponamus
875 3879 993 3920 esse
1020 3865 1252 3934 puellum
1277 3864 1593 3929 mirabilem,
1624 3863 1715 3933 qui

135 3959 317 4012 virtute
345 3957 545 4012 florens
583 3957 740 4012 totius
765 3957 924 4010 etiam
955 3957 1101 4011 orbis
1127 3957 1408 4025 imperium
1436 3956 1712 4022 obtineat,

137 4059 374 4120 tantaque
401 4050 597 4104 virtute
618 4048 917 4118 prmditum,
944 4057 1001 4102 ut
1021 4049 1189 4118 possit
1211 4049 1450 4103 omnium
1468 4047 1715 4103 affectum

137 4141 182 4196 in
207 4155 264 4196 se
290 4143 361 4195 ita
387 4156 728 4196 commovere
749 4181 764 4204 ,
798 4149 855 4193 ut
883 4139 1118 4194 universi
1153 4139 1304 4193 illum
1337 4148 1557 4209 paterno
1590 4138 1714 4193 dili-

137 4241 253 4303 gant
278 4249 483 4287 amore.
519 4232 654 4299 Quid
687 4248 794 4287 non
826 4232 1020 4302 putatis
1050 4243 1252 4301 patrem
1277 4231 1393 4300 ejus
1434 4245 1714 4300 passurum

137 4340 266 4390 esse,
299 4341 367 4380 ne
392 4325 512 4378 talis
538 4325 630 4378 lilii
662 4324 898 4392 privetur
915 4322 1356 4392 colloquio?quid
1383 4332 1472 4377 aut
1498 4337 1716 4391 parvum

137 4427 220 4471 aut
245 4432 494 4486 magnum
529 4417 650 4469 mali
681 4431 783 4468 non
815 4424 1184 4484 suscepturum
1205 4455 1220 4480 ,
1251 4424 1305 4467 ut
1331 4413 1478 4467 illum
1505 4413 1714 4477 videat,

140 4509 326 4578 illoque
359 4508 702 4578 perfruatur?
723 4508 836 4562 Hoc
863 4508 1022 4577 igitur
1042 4515 1095 4561 et
1119 4505 1187 4561 de
1212 4507 1379 4573 gloria
1403 4507 1491 4560 illa
1519 4507 1716 4577 cogite-

140 4615 268 4655 tuus.
293 4601 476 4670 Neque
503 4600 646 4654 enim
675 4597 814 4653 ﬁlius
837 4598 1167 4668 quantalibet
1194 4598 1389 4652 virtute
1413 4596 1716 4664 decoretur,

141 4692 206 4746 ita
229 4693 364 4761 patri
391 4691 764 4747 desiderabilis
789 4699 843 4745 et
867 4689 1110 4744 amabilis
1135 4697 1237 4753 est,
1263 4700 1320 4742 ut
1345 4697 1543 4743 sortem
1576 4688 1718 4742 illam

144 4785 392 4838 bonorum
440 4783 684 4852 accipere
708 4823 723 4849 ,
751 4796 813 4836 ac
853 4780 1084 4845 resolvi,
1118 4789 1171 4834 et
1199 4793 1316 4835 esse
1343 4793 1462 4832 cum
1506 4777 1720 4832 Christo

121 4934 124 4935 ν
145 4875 390 4947 (Philipp.
414 4878 466 4933 l.
487 4875 606 4944 25).
632 4873 986 4928 lntolerabilis
1010 4871 1206 4942 quippe
1229 4880 1315 4926 est
1340 4870 1424 4923 illa
1452 4867 1717 4939 gehenna,

147 4973 326 5042 illaque
355 4984 530 5040 ptena.
557 4971 804 5021 Attamen
835 4965 960 5019 licet
985 4965 1128 5018 mille
1152 4963 1270 5034 quis
1298 4962 1568 5032 geliennas
1596 4975 1722 5027 pro-

148 5063 408 5131 posuerit,
440 5061 568 5114 nihil
603 5060 704 5113 tale
732 5058 970 5112 dicturus
999 5063 1115 5121 est,
1143 5054 1299 5123 quale
1337 5062 1421 5109 est
1456 5067 1523 5106 ex
1566 5051 1720 5106 beata

148 5160 222 5213 illa
248 5156 495 5213 excidere
532 5154 699 5223 gloria
724 5193 738 5215 ,
774 5149 988 5206 Christo
1011 5163 1230 5204 exosum
1257 5161 1376 5202 esse
1401 5185 1415 5210 ,
1447 5145 1632 5198 audire
1655 5144 1722 5196 ab

150 5249 231 5303 illo
256 5291 271 5313 ,
302 5247 427 5302 Non
471 5247 585 5299 noui
624 5260 710 5298 vos
750 5241 961 5313 (Matth.
991 5239 1083 5295 ‘25.
1125 5239 1236 5308 12),
1273 5235 1548 5300 accusari,
1579 5234 1720 5303 quod

150 5342 457 5396 esurientem
483 5339 630 5392 illum
653 5351 774 5390 cum
798 5334 1121 5397 videremus,
1136 5331 1312 5385 cibum
1331 5326 1718 5399 negaverimus.

153 5431 348 5485 Etenim
377 5429 569 5483 melius
597 5434 679 5481 est
707 5423 850 5478 mille
876 5420 1183 5476 fulminibus
1209 5418 1384 5484 obrui,
1415 5431 1573 5488 quam
1603 5415 1722 5469 vul-

153 5531 252 5576 tum
278 5522 426 5577 illum
453 5525 792 5573 mansuetum
819 5511 1000 5570 videre
1024 5525 1122 5566 nos
1147 5516 1505 5574 aversantem,
1533 5517 1587 5562 et
1613 5504 1723 5575 pla-

207 5677 222 5707 ί
255 5677 334 5725 uir
357 5676 494 5725 locus
508 5675 583 5723 sie.
606 5673 788 5734 legitur
813 5666 1180 5734 in,_ttorel._,_c,qo
1202 5671 1355 5717 tamen
1389 5661 1721 5728 gravissimam

154 5750 240 5790 me
256 5751 441 5802 patiam
462 5739 590 5787 duco
613 5750 642 5784 a
661 5729 814 5799 gloria
840 5731 923 5783 illa
946 5729 1193 5781 excidere.

1057 274 1124 330 IN
1161 273 1568 330 MATTllAEUM
1612 269 1838 328 llOMlL
1884 275 2070 332 XXIII.
2109 282 2176 339 al.
2219 283 2408 343 XXIV.

3292 301 3395 357 3l8

1816 393 1992 450 cidum
2024 397 2237 454 oculum
2267 416 2364 457 nos
2393 404 2629 475 aspicere
2658 423 2762 463 non
2793 411 3162 469 sustinentem.
3190 413 3321 470 Nam
3349 417 3394 471 si

1817 500 1903 541 me
1928 487 2015 542 ille
2044 488 2314 546 inimicum
2341 508 2401 549 se
2429 496 2553 548 odio
2580 497 2858 553 habentem
2889 511 2942 556 et
2965 513 3296 559 aversantem
3324 506 3394 559 ita

1822 584 2144 644 prosecutus
2159 585 2263 642 est,
2284 587 2340 631 ut
2357 593 2455 633 nec
2478 580 2578 634 sibi
2599 581 2698 650 ipsi
2715 594 2981 651 parceret,
3001 587 3094 640 sed
3108 601 3166 642 se
3177 589 3243 642 ad
3258 605 3402 644 mon-

1822 676 1926 721 tem
1944 668 2198 733 traderet;
2215 684 2338 723 cum
2353 681 2475 738 post
2490 671 2580 725 illa
2595 676 2775 729 omnia
2791 679 3159 733 necesurienti
3176 680 3396 750 quidem

1815 771 2006 826 panem
2035 759 2308 830 porrigere
2333 761 2578 831 dignatus
2607 763 2775 832 fuero,
2806 767 3001 836 quibus
3028 768 3242 826 demum
3272 786 3400 827 ocu-

1816 847 1883 902 lis
1928 847 2098 917 ipsum
2146 851 2467 920 respiciam?
2496 852 2590 907 Hic
2618 869 2748 909 vero
2792 857 3059 927 perpende
3097 859 3212 928 ejus
3241 876 3397 914 man-

1814 937 2168 994 suetudinem.
2197 939 2378 1011 Neque
2402 942 2544 997 enim
2574 943 2825 1000 beneﬁcia
2867 962 2962 1003 sua
2987 960 3397 1016 commemorat,

1815 1045 1986 1100 neque
2016 1041 2089 1098 te,
2118 1033 2202 1087 cui
2232 1042 2308 1088 tot
2338 1034 2476 1089 bona
2506 1038 2752 1101 contulit,
2785 1037 2930 1094 illum
2959 1040 3235 1110 deSpicere
3265 1058 3398 1113 que-

1813 1122 1966 1175 ritur.
1996 1121 2178 1193 Neque
2205 1125 2344 1178 enim
2375 1124 2538 1180 dicit:
2563 1126 2715 1183 Mene
2739 1127 2986 1198 despicis,
3016 1132 3106 1202 qui
3140 1142 3191 1188 te
3219 1148 3285 1188 ex
3314 1133 3399 1188 ni-

1815 1212 1926 1267 liilo
1952 1215 2195 1283 produxi,
2223 1217 2312 1286 qui
2342 1217 2432 1273 tibi
2458 1219 2688 1273 animam
2717 1220 2997 1288 insufflavi,
3029 1225 3119 1294 qui
3153 1235 3203 1281 te
3222 1227 3399 1282 omni-

1811 1303 1928 1368 bus,
1958 1320 2076 1374 qua:
2098 1306 2148 1360 in
2179 1315 2318 1362 terra
2344 1317 2486 1376 sunt,
2507 1309 2740 1379 praefeci,
2763 1312 2850 1382 qui
2873 1323 3087 1384 propter
3112 1323 3165 1370 te
3185 1317 3398 1385 cadum,

1815 1404 2010 1450 terram
2032 1437 2047 1463 ,
2077 1412 2254 1463 mare,
2286 1413 2464 1454 aerem
2484 1441 2500 1467 ,
2530 1410 2585 1455 et
2612 1402 2789 1456 omnia
2814 1419 2933 1472 qua:
2961 1405 3224 1460 exsistunt
3254 1407 3354 1462 feci
3381 1449 3398 1474 ,

1812 1487 1903 1556 qui
1931 1503 1961 1541 a
1991 1496 2042 1542 te
2069 1487 2419 1544 inhonoratus
2461 1506 2577 1544 sum
2623 1500 2676 1546 et
2710 1491 2919 1548 diabolo
2948 1494 3104 1550 vilior
3126 1497 3401 1552 existima-

1817 1584 1902 1630 tus
1922 1618 1938 1642 ,
1970 1577 2059 1646 qui
2087 1593 2258 1648 neque
2287 1580 2366 1634 sic
2393 1579 2605 1648 destiti,
2633 1583 2726 1637 sed
2755 1583 2916 1638 millia
2947 1595 3067 1654 post
3106 1586 3218 1642 lucc
3246 1588 3297 1641 in
3327 1589 3400 1644 tui

1812 1666 2034 1736 gratiam
2064 1671 2356 1740 excogitavi
2383 1712 2398 1736 ,
2429 1673 2517 1740 qui
2551 1687 2740 1727 servus
2766 1689 2885 1730 esse
2910 1676 3088 1742 volui,
3118 1678 3205 1747 qui
3232 1681 3401 1749 alapis

1813 1771 2005 1824 catsus,
2032 1769 2321 1829 consputus
2346 1770 2398 1817 et
2422 1765 2629 1817 occisus
2650 1777 2789 1830 sum,
2817 1775 3042 1820 mortem
3070 1783 3257 1838 passus
3287 1779 3400 1824 tur-

1815 1848 2085 1918 pissimam
2111 1851 2239 1920 ,qui
2283 1853 2440 1907 etiam
2485 1855 2539 1907 in
2582 1855 2714 1910 ca-lo
2762 1871 2857 1924 pro
2904 1865 2956 1911 te
3005 1861 3284 1929 supplico,
3312 1862 3402 1932 qui

1814 1938 2072 2007 Spiritum
2099 1940 2192 1995 tibi
2219 1941 2437 2012 largitus
2462 1957 2601 2009 smn,
2627 1945 2716 2014 qui
2740 1955 2789 2000 te
2813 1962 2976 2016 regno
2993 1948 3237 2019 dignatus
3259 1967 3400 2019 sum,

1814 2029 1902 2097 qui
1933 2028 2056 2083 talia
2083 2031 2303 2100 promisi
2332 2031 2423 2087 tibi
2448 2073 2464 2098 ,
2491 2034 2581 2103 qui
2609 2045 2765 2104 caput
2796 2045 2940 2090 tuum
2970 2053 3091 2093 esse
3125 2040 3284 2108 volui,
3313 2045 3405 2112 qui

1815 2133 2045 2188 sponsus
2075 2135 2216 2188 sum,
2243 2123 2426 2191 vestis,
2457 2124 2666 2190 domus,
2698 2127 2845 2181 radix
2869 2170 2885 2194 ,
2917 2143 3038 2184 esca
3060 2172 3074 2196 ,
3102 2141 3278 2202 potus,
3308 2149 3405 2203 pa-

1815 2220 1946 2274 stor,
1977 2226 2090 2279 rex,
2113 2212 2294 2280 frater,
2319 2216 2407 2285 qui
2429 2222 2480 2271 te
2506 2214 2756 2273 heredem
2778 2229 2832 2274 et
2856 2219 3176 2277 coheredem
3203 2225 3218 2254 ¹
3241 2225 3402 2295 elegi,

1815 2302 1905 2370 qui
1945 2318 2010 2357 ex
2056 2303 2288 2359 tenebris
2327 2305 2393 2360 ad
2424 2315 2739 2376 potestatem
2761 2311 2782 2341 ³
2813 2310 2943 2366 lucis
2986 2320 3036 2366 te
3061 2313 3239 2368 eduxi.
3269 2316 3404 2370 Cmu

1816 2393 1932 2449 hinc
1960 2403 2016 2450 et
2054 2395 2136 2449 his
2162 2395 2310 2465 plura
2338 2397 2518 2453 dicere
2545 2410 2766 2469 posset,
2799 2401 2929 2456 nihil
2959 2403 3061 2458 tale
3113 2404 3266 2459 dixit.
3297 2405 3404 2460 Sed

1816 2484 1981 2554 quid?
2007 2485 2191 2541 Solum
2221 2487 2350 2542 illud
2379 2489 2597 2558 protulit
2627 2500 2920 2560 peccatum.
2955 2492 3052 2548 Hic
3091 2509 3218 2549 vero
3264 2495 3406 2551 dile-

1816 2575 2045 2629 ctionem
2077 2575 2309 2631 ostendit
2335 2587 2389 2631 et
2411 2593 2669 2646 amorem,
2702 2596 2807 2650 quo
2833 2589 2885 2635 te
2909 2583 3266 2653 prosequitur.
3293 2584 3402 2639 Ne-

1816 2679 1920 2732 que
1951 2665 2096 2719 enim
2124 2665 2276 2731 dixit,
2301 2665 2375 2722 lte
2401 2666 2452 2721 iu
2483 2667 2658 2739 ignem
2689 2677 2928 2738 paratum
2957 2672 3124 2737 vobis,
3149 2672 3264 2740 sed,
3298 2673 3404 2728 Pa-

1816 2764 1980 2810 ratum
2001 2757 2221 2812 diabolo.
2251 2759 2509 2831 Priusque
2526 2761 2655 2816 dicit
2675 2777 2917 2832 quaenam
2940 2764 3013 2818 illi
3041 2769 3403 2834 peccaverint,

1817 2865 1992 2920 neque
2037 2859 2213 2907 tamen
2250 2854 2427 2908 omnia
2467 2853 2646 2909 dicere
2688 2856 2952 2923 sustinet,
2981 2857 3074 2912 sed
3119 2873 3306 2928 pauca.
3339 2859 3407 2914 Et

1815 2949 1940 2997 ante
1967 2941 2212 2998 hos-illos
2237 2954 2389 2998 vocat
2411 2945 2499 3014 qui
2532 2946 2668 3000 bona
2697 2945 2954 3013 fecerunt,
2984 2955 3042 3002 ut
3070 2947 3195 3005 hinc
3221 2959 3405 3004 osten-

1817 3034 1969 3091 deret
1997 3050 2057 3090 se
2096 3044 2242 3090 recte
2269 3051 2537 3091 accusizre.
2566 3037 2775 3103 Quanto
2818 3054 2945 3110 ergo
2991 3042 3250 3111 supplicio
3291 3041 3408 3098 huic

1814 3124 1975 3180 verba
2022 3140 2126 3180 non
2172 3127 2277 3181 sint
2318 3129 2667 3184 sa-viora?Si
2711 3131 2828 3200 quis
2873 3131 3014 3185 enim
3063 3133 3332 3188 hominem
3375 3151 3404 3190 a

1816 3231 1923 3287 quo
1959 3215 2220 3272 beneﬁcio
2249 3219 2467 3273 affectus
2497 3220 2566 3273 sit
2590 3222 2910 3276 esurientem
2935 3222 3116 3278 videns
3141 3266 3155 3290 ,
3181 3240 3285 3277 non
3311 3223 3409 3278 de-

1817 3309 2034 3378 Spiciat;
2067 3310 2208 3380 quod
2254 3311 2297 3365 si
2338 3311 2629 3381 despiciat,
2663 3315 3012 3382 cxprobratus
3043 3316 3218 3385 potius
3246 3316 3410 3386 eligat

1818 3400 1870 3453 in
1901 3407 2095 3454 terram
2118 3400 2320 3467 defodi,
2350 3417 2508 3472 quam
2541 3402 2747 3457 duobus
2776 3405 2856 3459 vel
2889 3405 3058 3460 tribus
3093 3407 3281 3461 amicis
3321 3416 3405 3463 te-

1817 3492 1987 3546 stibus
2010 3493 2129 3546 talia
2152 3493 2336 3549 audire
2363 3511 2374 3547 :
2409 3495 2532 3563 quid
2561 3510 2658 3549 nos
2687 3497 2950 3564 patiemur
2978 3506 3087 3552 loto
3117 3499 3247 3554 orbe
3273 3507 3410 3553 teste

1819 3585 1940 3639 talia
1971 3585 2268 3654 audientes,
2300 3603 2418 3657 quae
2447 3603 2514 3642 ne
2545 3588 2756 3658 quidem
2785 3596 2908 3644 tunc
2936 3590 3024 3645 ille
3050 3590 3273 3655 diceret,
3300 3591 3404 3647 nisi

1818 3691 2032 3730 causam
2077 3677 2190 3747 ipse
2227 3692 2376 3732 suam
2405 3677 2695 3734 defendere
2725 3680 2923 3736 vellet?
2949 3681 3100 3748 Quod
3131 3683 3272 3737 enim
3300 3699 3407 3739 non

1819 3770 2150 3838 exprobrans
2187 3769 2237 3824 id
2270 3770 2357 3825 ille
2381 3770 2556 3836 dicat,
2582 3770 2676 3826 sed
2705 3786 2826 3828 sese
2855 3788 3113 3844 purgans,
3147 3782 3202 3828 et
3234 3785 3288 3828 ut
3317 3791 3408 3828 os-

1821 3860 2002 3914 tendat
2045 3876 2104 3915 se
2141 3877 2246 3915 non
2293 3860 2484 3917 frustra
2535 3862 2616 3917 vel
2656 3863 2772 3919 sine
2816 3879 2976 3920 causa
3021 3865 3230 3931 dicere,
3281 3865 3408 3920 Dis-

1819 3956 1981 4010 cedite
2023 3972 2055 4009 a
2087 3972 2183 4021 me,
2215 3956 2384 4025 palam
2417 3966 2498 4009 est
2540 3971 2605 4010 ex
2632 3955 2747 4026 ejus
2777 3957 3078 4027 ingentibus
3109 3957 3406 4015 beneﬁciis.

1820 4047 1949 4103 Nam
1982 4049 2026 4103 si
2054 4049 2379 4118 exprobrare
2408 4048 2704 4116 voluisset,
2738 4049 2828 4103 illa
2871 4049 3045 4104 omnia
3076 4049 3128 4103 in
3173 4049 3406 4104 medium

1820 4140 2127 4195 adduxisset
2157 4159 2170 4195 :
2198 4156 2339 4196 nunc
2373 4149 2549 4195 autem
2588 4155 2648 4194 ea
2679 4141 2850 4194 solum
2891 4139 3018 4194 dicit
3058 4156 3176 4210 qua:
3221 4154 3409 4210 passus

1820 4243 1922 4290 est.

1893 4325 1947 4381 9.
1974 4324 2279 4379 Timeamus
2325 4323 2504 4393 itaque
2528 4365 2543 4391 ,
2575 4323 2794 4391 dilecti,
2823 4323 2939 4379 liazc
2991 4324 3176 4380 audire
3227 4325 3409 4380 verba.

1821 4415 1938 4470 Non
1974 4424 2057 4470 est
2083 4415 2230 4470 lusus
2275 4414 2389 4468 lucc
2418 4415 2562 4479 vita;
2597 4415 2703 4468 imo
2731 4415 2903 4484 potius
2949 4413 3063 4469 haec
3108 4414 3216 4468 vita
3264 4415 3414 4469 lusus

1823 4516 1924 4570 est.
1945 4506 2119 4561 futura
2137 4521 2266 4562 vero
2292 4522 2396 4561 non
2425 4506 2571 4560 lusus
2599 4514 2739 4560 sunt.
2763 4505 2923 4560 Forte
2939 4515 3114 4560 autem
3134 4521 3241 4560 non
3266 4505 3416 4561 lusus

1826 4610 2031 4655 tantum
2057 4607 2141 4655 est
2169 4599 2306 4665 vita,
2337 4599 2429 4653 sed
2458 4599 2573 4653 lusu
2599 4598 2852 4653 deterior.
2881 4597 2998 4652 Non
3029 4599 3171 4653 enim
3217 4597 3417 4652 desinit

1826 4695 1877 4746 iu
1907 4693 2104 4757 risum,
2137 4691 2227 4746 sed
2273 4705 2520 4760 magnum
2565 4689 2724 4743 infert
2765 4689 3016 4743 damnum
3046 4689 3110 4741 iis
3136 4730 3151 4756 ,
3183 4689 3272 4758 qui
3306 4704 3412 4742 nou

1823 4778 2106 4846 diligenter
2127 4790 2302 4829 mores
2319 4789 2443 4828 suos
2465 4787 2785 4842 componere
2810 4774 3011 4827 volunt.
3045 4773 3098 4827 lu
3121 4789 3227 4841 quo
3248 4772 3412 4835 enim,

1825 4883 2008 4939 qumso
2033 4908 2047 4932 ,
2074 4882 2104 4922 a
2154 4865 2333 4937 pueris
2371 4865 2678 4920 ludentibus
2709 4874 2764 4918 ct
2792 4863 2980 4918 domos
3027 4862 3414 4916 aediﬁcantibus

1825 4958 2120 5014 diﬁ‘eritnus
2143 4998 2159 5024 ,
2186 4956 2277 5026 qui
2329 4955 2634 5025 splendidas
2679 4955 3039 5008 construimus
3076 4953 3220 5005 mdes
3245 4951 3269 5003 ?
3297 4965 3418 5019 qua:

1825 5052 2122 5109 differentia
2157 5051 2295 5106 inter
2340 5050 2461 5105 illos
2488 5047 2809 5119 prandenles
2845 5056 2897 5101 et
2927 5060 3025 5100 nos
3065 5044 3203 5097 laute
3236 5043 3419 5097 convi-

1825 5146 2052 5202 vantes?
2079 5144 2269 5210 Nulla,
2308 5143 2408 5197 nisi
2456 5141 2508 5195 in
2549 5151 2805 5210 quantum
2849 5151 2948 5191 nos
2993 5134 3253 5204 supplicio
3296 5132 3414 5202 ple-

1827 5237 2005 5295 cteudi
2043 5236 2097 5291 id
2135 5236 2375 5291 facimus.
2401 5231 2554 5302 Quod
2594 5231 2638 5285 si
2681 5229 2915 5284 nondum
2957 5226 3208 5281 harumce
3235 5237 3416 5279 rerum

1827 5330 2085 5386 vilitatem
2129 5325 2482 5399 perspicimus
2504 5363 2521 5390 ,
2549 5337 2652 5376 non
2697 5327 2782 5376 est
2813 5316 3152 5384 mirandum;
3180 5315 3416 5372 nondum

1894 5596 1910 5624 ι
1946 5599 2056 5641 Haec
2077 5589 2245 5645 verba,
2269 5591 2314 5636 et
2335 5581 2634 5640 coheredem,
2659 5578 2838 5628 desunt
2861 5578 2909 5626 in
2929 5574 3117 5632 Morel..
3133 5571 3222 5624 sed
3244 5571 3292 5622 in
3302 5567 3415 5620 aliis

1831 5657 2055 5709 omnibus
2074 5653 2332 5698 habentur.
2422 5706 2431 5711 _
2593 5702 2604 5711 _
2676 5701 2685 5711 .

1899 5699 1937 5752 ἶ
1951 5699 2063 5776 Alii,
2087 5713 2136 5762 iu
2159 5706 2566 5776 participationem
2589 5701 2732 5766 lucis;
2751 5714 2844 5753 non
2870 5699 3018 5751 male.
