3868 6182
488 265 595 321 ’519

482 374 631 429 enim
662 373 727 429 ad
756 373 990 429 virorum
1018 369 1377 426 maturitatem
1419 366 1762 439 pervenimus
1789 380 1806 419 :
1833 378 1955 421 cum
1980 378 2076 428 att-

490 481 595 523 tem
630 466 1065 539 pervenerimus,
1096 461 1455 530 intelligemus
1483 460 1599 516 hmo
1627 459 1802 514 omnia
1850 456 2074 527 puerilia

487 577 631 619 esse.
660 560 792 616 Nam
819 567 875 615 et
898 558 986 613 illa
1021 554 1234 627 quando
1258 555 1356 609 viri
1399 567 1584 608 sumus
1621 550 1930 616 irridemus,
1956 563 2077 619 quze

488 668 610 708 cum
659 650 811 722 pueri
862 663 1102 707 essemus
1154 646 1472 719 putabamus
1521 642 1745 712 alicujus
1790 655 1912 696 esse
1962 654 2077 695 mo-

489 744 657 804 menti
682 761 697 801 ;
728 752 891 799 testas
915 750 971 797 et
995 740 1162 795 lutum
1189 745 1505 809 aggerentes
1528 776 1544 803 ,
1575 750 1681 789 non
1709 733 1885 787 minus
1910 731 2075 785 altum

490 836 867 907 sapiebamus,
896 848 1052 904 quam
1094 831 1130 885 ii
1173 830 1263 900 qui
1302 842 1490 898 magna
1541 834 1689 895 septa
1738 831 2074 878 construunt.

490 927 687 983 Verum
720 926 835 981 hzec
860 924 1038 980 statim
1068 928 1294 994 pereunt
1318 928 1374 974 et
1412 917 1611 975 cadunt
1630 957 1645 981 ,
1674 929 1848 985 neque
1873 914 1919 968 si
1960 923 2075 968 sta-

492 1026 651 1083 rent,
681 1015 833 1071 nobis
861 1014 1009 1069 utilia
1040 1020 1219 1067 essent
1243 1051 1257 1075 ,
1286 1005 1737 1078 quemadmodum
1764 1018 1936 1073 neque
1973 1001 2078 1057 illae

490 1108 637 1163 aedes
673 1105 982 1177 splendidae.
1023 1103 1155 1158 Nam
1212 1102 1316 1156 illae
1358 1099 1474 1154 cteli
1520 1100 1693 1153 civem
1733 1109 1925 1165 capere
1970 1108 2076 1148 non

492 1208 731 1269 possent,
762 1211 935 1267 neque
959 1196 1010 1250 in
1042 1194 1146 1248 illis
1176 1192 1417 1247 habitare
1439 1190 1745 1259 dignaretur
1768 1187 1857 1259 qui
1884 1200 2077 1255 super-

492 1305 615 1344 nam
643 1287 848 1345 obtinet
878 1285 1102 1357 patriam
1127 1303 1138 1337 :
1162 1298 1347 1337 verum
1390 1291 1447 1336 ut
1477 1296 1573 1336 nos
1599 1278 1824 1350 pedibus
1854 1276 2077 1347 puerilia

491 1380 579 1435 illa
602 1378 947 1444 destruimus,
965 1375 1149 1431 sicille
1177 1374 1357 1428 animo
1376 1373 1506 1427 tales
1530 1370 1673 1426 aedes
1701 1370 1979 1425 subvertit.
2008 1366 2079 1421 Et

490 1467 938 1540 quemadmodum
968 1481 1094 1532 nos,
1125 1465 1251 1519 dum
1283 1464 1430 1533 pueri
1453 1463 1520 1517 de
1549 1463 1699 1517 ruina
1730 1461 1974 1532 plorant,
2007 1457 2080 1513 ri-

489 1562 678 1615 demus
703 1577 717 1615 :
739 1559 816 1613 sic
835 1566 890 1613 et
908 1557 1018 1623 isti,
1046 1555 1197 1611 nobis
1222 1555 1288 1609 de
1314 1553 1659 1609 subversione
1686 1549 2034 1607 manentibus
2057 1588 2074 1615 ,

491 1668 595 1707 non
619 1651 777 1706 modo
794 1665 898 1708 non
916 1649 1112 1713 rident,
1140 1648 1235 1703 sed
1255 1647 1413 1703 etiam
1439 1645 1648 1718 plorant
1671 1662 1685 1700 ε
1709 1643 1959 1715 quoniam
1986 1657 2080 1698 eo-

490 1759 611 1798 rum
635 1744 839 1798 viscera
860 1741 1326 1797 commiseratione
1352 1739 1507 1809 plena
1533 1746 1679 1803 sunt,
1706 1751 1770 1792 ac
1795 1735 1918 1806 quia
1942 1733 2079 1790 mul-

491 1844 605 1887 tum
638 1832 792 1887 nobis
820 1831 943 1887 inde
968 1832 1137 1886 oritur
1160 1830 1559 1885 detrimentum.
1590 1828 1766 1883 Simus
1795 1841 1923 1897 ergo
1953 1825 2073 1882 viri.

492 1920 779 1993 Usquequo
804 1920 951 1975 humi
990 1934 1273 1992 serpemus
1294 1960 1312 1987 ,
1344 1920 1399 1973 in
1423 1917 1687 1988 lapidibus
1710 1924 1765 1973 et
1807 1915 1962 1985 lignis
2001 1914 2080 1968 al-

492 2022 603 2066 tum
634 2011 937 2080 sapientes?
965 2025 1241 2081 usquequo
1268 2009 1509 2065 ludemus
1528 2008 1551 2063 ?
1573 2011 1744 2079 Atque
1769 2006 1965 2061 utinam
1989 2021 2079 2060 so-

493 2103 602 2156 ltnn
631 2102 934 2157 luderemus
959 2120 973 2157 :
996 2117 1137 2156 nunc
1163 2110 1341 2156 autem
1371 2109 1608 2155 nostram
1637 2098 1912 2169 prodimus
1936 2097 2080 2152 salu-

495 2205 603 2249 tem
629 2209 645 2259 ;
681 2209 745 2248 ac
769 2191 1216 2264 quemadmodum
1246 2191 1427 2261 pueri,
1449 2204 1570 2245 cum
1610 2188 1865 2260 neglectis
1911 2186 2081 2243 literis

493 2287 548 2344 in
579 2286 662 2340 his
689 2285 827 2341 ludis
856 2286 1022 2341 otium
1048 2290 1401 2349 consumunt,
1427 2280 1727 2337 durissimis
1767 2277 2081 2335 verberibus

493 2379 803 2449 subjacent:
825 2378 904 2433 sic
927 2386 1101 2431 etnos
1126 2374 1216 2444 qui
1244 2374 1297 2429 in
1328 2372 1411 2429 his
1435 2380 1603 2427 totum
1625 2370 1861 2427 studium
1886 2383 2082 2424 consu-

495 2472 723 2534 mimus,
752 2484 875 2525 cum
914 2484 945 2523 a
987 2468 1141 2523 nobis
1169 2465 1569 2537 disciplinarum
1611 2462 1750 2519 ratio
1785 2476 1882 2533 per
1917 2474 2080 2531 Opera

492 2568 735 2635 exigetur
760 2602 777 2627 ,
806 2562 929 2633 quia
975 2560 1202 2616 reddere
1247 2574 1353 2613 non
1406 2556 1700 2628 poterimus
1727 2596 1744 2623 ,
1780 2563 2080 2611 extremum

494 2653 701 2713 luemus
725 2652 1062 2724 supplicium.
1084 2650 1360 2720 Nemoque
1372 2649 1481 2704 erit
1507 2647 1595 2718 qui
1620 2646 1845 2712 liberet,
1873 2642 2082 2700 etiamsi

495 2756 645 2817 pater
669 2787 684 2811 ,
707 2745 913 2801 etiamsi
954 2742 1121 2799 frater
1143 2742 1231 2797 vel
1257 2740 1432 2811 quivis
1456 2740 1614 2795 alius.
1637 2737 1742 2794 Sed
1766 2737 1882 2792 haec
1905 2737 2082 2791 omnia

493 2836 823 2903 altscedent,
875 2849 1031 2905 ptena
1082 2841 1261 2889 autem
1314 2847 1381 2886 ex
1428 2831 1533 2886 illis
1585 2836 1736 2900 parta
1772 2836 1971 2883 teterna
2020 2839 2084 2881 ac

493 2940 751 3002 perpetua
804 2926 1153 2982 manebitzid
1208 2923 1349 2996 quod
1403 2923 1564 2979 etiam
1614 2919 1795 2992 pueris
1843 2917 2081 2985 accidit,

493 3023 563 3077 ob
591 3035 820 3090 quorum
849 3017 1226 3089 negligentiam
1254 3023 1435 3087 patres
1456 3014 1474 3044 ί
1505 3011 1704 3067 ludicra
1733 3010 1823 3065 illa
1860 3008 2084 3079 puerilia

494 3111 561 3167 de
612 3111 788 3165 medio
838 3109 1344 3177 tollunt,ipsosque
1397 3104 1465 3159 ad
1519 3101 1761 3158 assiduas
1817 3101 2084 3171 lacrymas

493 3204 839 3275 compellunt.
872 3201 942 3259 Ut
984 3210 1164 3256 autem
1208 3199 1383 3254 discas
1429 3197 1499 3251 ita
1528 3210 1640 3251 rem
1672 3209 1730 3249 se
1769 3192 2007 3248 habere:
2032 3190 2081 3247 id

494 3295 638 3367 quod
688 3294 920 3349 maxime
967 3291 1141 3346 studia
1188 3288 1461 3344 hominum
1519 3299 1783 3355 occupare
1835 3282 2082 3350 videtur,

496 3398 693 3453 nempe
732 3383 962 3449 divitias,
994 3380 1047 3435 in
1078 3378 1309 3435 medium
1339 3376 1687 3440 adducamus,
1726 3374 1960 3445 ipsisque
1983 3388 2080 3442 op.

493 3489 751 3546 ponamus
770 3486 1159 3543 quamcumque
1172 3469 1402 3526 volueris
1417 3469 1577 3522 animi
1597 3467 1865 3535 virtutem,
1887 3474 1940 3521 et
1959 3474 2085 3520 tunc

496 3568 727 3621 maxime
755 3581 937 3621 earum
964 3564 1219 3618 vilitatem
1249 3563 1527 3633 agniturus
1556 3576 1635 3617 es.
1664 3560 1931 3615 Ponamus
1955 3573 2083 3629 ergo

492 3659 629 3712 duos
666 3671 785 3713 esse
817 3656 1098 3720 homines;
1130 3653 1355 3709 necdum
1386 3652 1575 3723 loquar
1606 3651 1673 3707 de
1697 3651 1918 3707 avaritia
1940 3692 1956 3717 ,
1987 3652 2082 3706 sed

493 3751 561 3805 de
585 3749 787 3804 divitiis
810 3751 953 3818 juSIe
975 3747 1172 3818 partis:
1196 3762 1263 3801 ex
1284 3746 1431 3801 hisee
1458 3744 1667 3801 duobus
1692 3744 1827 3799 alius
1854 3758 2082 3813 congre-

492 3852 583 3913 get
605 3842 818 3897 divitias
843 3883 859 3908 ,
888 3857 1036 3897 mare
1060 3840 1284 3895 navibus
1312 3848 1603 3894 transmeet
1626 3879 1641 3902 ,
1674 3846 1869 3893 terram
1897 3836 2077 3901 colat,

494 3935 797 4003 multosque
826 3931 960 3987 alios
987 3929 1363 4001 negotiationis
1388 3929 1574 3985 modos
1595 3928 1848 3994 inveniat;
1874 3928 2081 3984 etiamsi

493 4028 729 4080 nesciam
751 4031 933 4077 utrum
963 4021 1079 4076 hate
1107 4019 1312 4076 faciens
1337 4020 1507 4090 possit
1529 4019 1671 4089 juste
1692 4020 1884 4074 lucrari
1910 4034 1924 4083 ;
1954 4028 2083 4074 atta-

496 4132 620 4173 men
676 4126 1038 4185 supponamus
1082 4113 1197 4168 haec
1243 4111 1389 4166 lucra
1439 4110 1674 4181 legitima
1721 4125 1842 4165 esse
1875 4128 1889 4164 :
1925 4125 2082 4181 agros

494 4218 656 4272 emat,
684 4222 889 4272 servos,
924 4214 979 4262 et
996 4206 1188 4261 similia
1220 4206 1405 4272 multa,
1435 4206 1685 4275 nullaque
1714 4206 1782 4261 sit
1810 4205 1864 4260 in
1887 4204 1970 4260 his
1997 4220 2083 4261 re-

495 4301 600 4354 bus
630 4296 884 4368 iniustitia
909 4313 923 4351 :
944 4297 1080 4352 alter
1106 4311 1236 4353 vero
1277 4312 1427 4366 teque
1457 4296 1640 4361 dives,
1672 4297 1866 4352 vendat
1891 4297 2080 4352 domos

492 4402 551 4447 et
568 4407 690 4447 vasa
716 4406 877 4446 aurea
897 4399 1273 4462 argenteaque,
1295 4390 1476 4461 egenis
1492 4389 1766 4460 largiatur,
1786 4404 2080 4460 pauperes-

493 4501 597 4554 qne
626 4484 821 4552 foveat,
850 4498 1021 4554 aegros
1046 4492 1217 4549 curet,
1244 4484 1298 4537 in
1321 4483 1637 4539 necessitate
1664 4484 1864 4554 positos
1887 4484 2078 4549 solvat,

495 4576 629 4631 alios
652 4590 681 4629 a
705 4575 929 4630 vinculis
947 4575 1179 4639 eximat,
1201 4573 1268 4629 ad
1296 4576 1506 4631 metalla
1538 4573 1818 4630 damnatos
1853 4574 2077 4644 liberet,

498 4666 689 4736 laqueo
737 4681 797 4721 se
836 4665 1224 4735 suspendentes
1270 4665 1487 4736 dejiciat
1512 4707 1529 4734 ,
1557 4667 1796 4736 captivos
1836 4682 1867 4721 a
1907 4668 2081 4737 pinnis

496 4758 707 4814 liberet.
751 4756 915 4826 Cujus
956 4772 1084 4827 ergo
1125 4756 1293 4827 partis
1334 4771 1454 4812 esse
1496 4757 1787 4812 mavultis?
1835 4756 2079 4813 Nondum

496 4863 675 4908 tamen
701 4851 768 4907 de
793 4850 982 4905 futuris
1001 4891 1015 4913 ,
1047 4850 1141 4904 sed
1169 4848 1238 4904 de
1266 4849 1618 4918 praesentibus
1643 4849 1845 4920 loquuti
1872 4866 2078 4906 sumus.

494 4944 664 5009 Quam
704 4942 862 5012 igitur
919 4950 1120 5011 partem
1160 4940 1409 5008 amplecti
1450 4940 1741 4996 mavultis?
1769 4942 1850 4996 An
1892 4956 2079 4998 aurum

495 5032 869 5104 congregantis
891 5072 907 5098 ,
938 5046 1006 5085 an
1051 5030 1277 5085 aliorum
1319 5029 1649 5085 calamitates
1687 5031 1941 5087 solventis
1963 5032 1987 5087 ?
2011 5049 2080 5089 an

495 5138 657 5192 agros
680 5123 909 5178 ementis
928 5162 944 5187 ,
976 5136 1042 5175 an
1065 5122 1181 5191 ejus
1205 5120 1298 5191 qui
1326 5136 1446 5176 sese
1476 5132 1689 5191 portum
1722 5122 1955 5180 humano
1981 5140 2079 5195 ge-

494 5214 612 5267 neri
640 5212 957 5267 constituit?
982 5212 1097 5281 ejus
1121 5212 1213 5283 qtti
1239 5211 1405 5266 multo
1430 5212 1793 5269 circumdatur
1814 5229 1945 5270 auro
1963 5256 1981 5283 ,
2012 5233 2080 5272 an

494 5305 612 5372 ejus
637 5305 727 5374 qui
754 5304 899 5359 mille
922 5305 1162 5360 laudibus
1181 5300 1468 5360 coronatur
1487 5305 1511 5360 ?
1529 5305 1609 5361 An
1635 5321 1743 5361 non
1765 5308 1852 5364 ille
1867 5309 2079 5379 quidem

495 5396 718 5465 attgelus
741 5404 844 5460 est,
861 5396 948 5465 qui
970 5396 1037 5452 de
1060 5397 1193 5451 caelo
1221 5396 1287 5451 ad
1316 5407 1630 5452 cmterorum
1655 5400 2079 5456 emendationem

497 5486 773 5543 descendit
795 5528 809 5553 ,
841 5487 927 5542 hic
953 5504 1080 5544 vero
1109 5505 1215 5544 non
1245 5489 1482 5553 homini,
1524 5490 1619 5546 sed
1668 5507 1835 5561 puero
1871 5493 2082 5549 cuidam

562 5687 580 5718 '
620 5693 765 5750 Unus,
789 5693 982 5752 propter
1004 5700 1204 5753 quorum
1228 5692 1490 5754 profectum
1505 5698 1686 5756 patres,
1714 5700 1790 5744 etc

1226 248 1285 308 S.
1323 246 1601 308 JOANNIS
1623 243 2097 305 CURYSOSTOMI
2135 246 2453 306 ARCHIEP.
2491 247 3024 309 CONSTANTINOP.
3656 249 3748 305 520

2181 360 2393 427 similis,
2423 362 2602 418 omnia
2629 361 2824 417 frustra
2854 358 3126 432 colligenti
3149 359 3169 412 ?
3190 355 3248 415 Si
3277 372 3403 414 vero
3435 360 3592 416 etiam
3618 360 3749 431 juste

2180 451 2434 526 pecunias
2459 452 2730 523 colligere,
2765 466 2852 507 res
2876 449 3013 506 adeo
3045 449 3264 505 ridicula
3303 461 3358 505 et
3384 460 3636 508 extremae
3661 454 3749 509 dc-

2179 544 2396 600 mentiaa
2422 552 2505 599 est
2527 560 2541 599 :
2566 543 2779 613 quando
2807 542 2926 612 quis
2955 557 3058 597 non
3084 542 3230 613 juste
3250 542 3469 613 colligit,
3498 545 3752 615 quomodo

2180 648 2289 688 non
2337 634 2576 688 omnium
2624 634 2958 689 miserrimus
2985 632 3256 688 fuerit?Si
3300 643 3479 689 autem
3510 648 3595 689 res
3633 635 3753 691 adeo

2182 724 2253 779 sit
2284 724 2525 792 ridicula,
2554 739 2676 780 cum
2708 724 2869 780 etiam
2896 724 2980 778 his
3003 723 3225 780 accedat
3251 732 3304 778 et
3329 723 3572 792 gehenna
3599 736 3653 780 et
3678 743 3753 779 re-

2182 817 2269 885 gni
2298 818 2538 883 amissio,
2567 825 2699 888 quot
2726 817 2815 872 ille
2844 817 3095 888 lacrymis
3124 817 3319 888 dignus
3342 816 3500 873 fuerit
3534 828 3589 873 et
3616 820 3754 874 vivus

2182 918 2238 964 et
2263 909 2540 965 mortuus?

2256 1002 2343 1057 l0.
2377 1002 2543 1069 Quam
2573 1010 2772 1071 prastat
2797 1001 2873 1055 vir
2901 1000 3107 1055 humilis
3132 1001 3241 1054 viro
3267 1001 3460 1071 potenti
3484 1010 3532 1056 et
3560 1002 3751 1072 inflato.

2181 1123 2253 1135 —
2272 1092 2377 1147 Sed
2407 1093 2564 1146 aliam
2594 1106 2808 1163 quoque
2828 1133 2845 1159 ,
2875 1092 2919 1147 si
2949 1092 3029 1145 vis
3048 1131 3064 1155 ,
3095 1091 3305 1146 virtutis
3346 1101 3554 1162 partem
3581 1093 3753 1162 explo-

2183 1198 2384 1238 remus.
2416 1182 2624 1237 Rursus
2649 1182 2813 1237 alium
2843 1182 2893 1236 in
2924 1180 3158 1235 medium
3207 1196 3424 1252 agamus
3463 1181 3750 1248 hominem,

2183 1273 2235 1328 in
2262 1273 2494 1342 potentia
2516 1273 2883 1337 constitutum,
2913 1271 3161 1327 omnibus
3190 1272 3538 1343 imperantem
3558 1314 3573 1337 ,
3596 1273 3753 1343 digni-

2184 1372 2291 1421 tate
2316 1380 2507 1436 magna
2548 1364 2801 1434 stipatum
2823 1406 2838 1432 ,
2870 1378 3171 1433 praeconem
3199 1363 3535 1434 splendidum
3569 1364 3756 1419 ωδε...

2186 1464 2313 1523 tem,
2342 1455 2574 1510 balteum
2604 1455 2729 1510 item
2755 1495 2772 1521 ,
2811 1454 3025 1511 lictores
3046 1494 3064 1522 ,
3116 1470 3471 1526 magnumque
3497 1456 3755 1512 clientium

2183 1562 2480 1603 numerum.
2517 1548 2709 1602 Annon
2737 1546 2839 1602 hoc
2863 1561 3109 1617 magnum
3140 1546 3352 1602 videtur
3377 1561 3498 1602 esse
3522 1556 3578 1602 et
3605 1546 3754 1602 felici-

2185 1649 2291 1695 tate
2318 1639 2571 1709 plenum?
2596 1640 2708 1709 Age
2726 1678 2741 1704 ,
2765 1647 2821 1695 et
2848 1639 2923 1693 illi
2950 1654 3159 1693 rursum
3182 1648 3512 1710 opponamus
3541 1640 3757 1696 alterum

2182 1730 2472 1801 patientem
2496 1771 2511 1795 ,
2546 1730 2751 1792 mitem,
2795 1728 3049 1784 humilem
3072 1770 3089 1797 ,
3121 1737 3176 1784 et
3220 1731 3653 1801 magnanimum:
3683 1732 3758 1788 hic

2184 1837 2312 1877 vero
2356 1821 2564 1892 injuriis
2614 1822 2922 1892 impetatur,
2966 1822 3217 1892 vapulet,
3243 1832 3298 1877 et
3351 1824 3466 1879 haec
3509 1824 3760 1895 patienter

2183 1914 2337 1980 ferat,
2360 1923 2519 1985 atque
2546 1912 2660 1969 haec
2692 1913 3044 1971 inferentibus
3065 1914 3364 1971 benedicat.
3392 1915 3545 1982 Uter,
3567 1933 3759 1987 quaeso,

2184 2004 2442 2059 mirabilis
2461 2044 2476 2071 ,
2506 2004 2668 2060 illene
2713 2004 2927 2061 inﬂatus
2949 2013 3003 2061 et
3028 2014 3240 2060 tumens
3259 2048 3275 2073 ,
3307 2022 3376 2061 an
3407 2005 3494 2062 hic
3522 2007 3597 2062 ita
3622 2007 3758 2078 deje-

2183 2098 2342 2155 ctus?
2374 2098 2565 2152 Annon
2616 2097 2704 2154 hic
2754 2097 2943 2152 similis
2970 2106 3054 2153 est
3098 2098 3404 2153 caelestibus
3446 2098 3759 2165 virtutibus,

2184 2207 2304 2260 qua:
2329 2190 2480 2245 nullo
2508 2191 2674 2245 animi
2717 2199 2865 2245 motu
2908 2190 3220 2257 turbantur,
3249 2191 3341 2247 ille
3377 2201 3557 2247 autem
3581 2192 3761 2248 vesica:

2185 2281 2402 2349 inﬂatae,
2430 2290 2523 2336 aut
2548 2281 2749 2336 homini
2797 2280 3124 2352 hydropico,
3174 2290 3334 2352 atque
3360 2280 3646 2337 admodum
3684 2292 3762 2336 tu-

2184 2371 2392 2449 menti?
2421 2386 2599 2426 nonne
2626 2370 2713 2426 hic
2735 2369 2945 2426 medico
2973 2370 3235 2441 spirituali
3261 2411 3276 2434 ,
3307 2371 3396 2427 ille
3430 2382 3610 2426 autem
3640 2387 3763 2442 pue-

2186 2478 2249 2520 ro
2294 2464 2517 2521 buccam
2561 2464 2763 2519 inflanti
2787 2472 2843 2519 et
2891 2462 3150 2519 ridiculo?
3177 2464 3284 2518 Cur
3330 2464 3493 2519 altum
3523 2466 3699 2535 sapis,
3734 2482 3765 2519 ο

2187 2556 2391 2614 homo?
2420 2575 2485 2613 an
2518 2558 2663 2629 quod
2692 2558 2935 2615 sublimis
2973 2558 3028 2613 in
3058 2573 3218 2613 curru
3246 2558 3496 2614 veheris?
3533 2575 3603 2614 an
3630 2560 3761 2630 quod

2188 2658 2241 2706 te
2273 2651 2433 2707 trahit
2461 2652 2732 2708 mulorum
2769 2652 2997 2723 jugum?
3039 2651 3243 2722 Ecquid
3284 2652 3422 2707 hoc?
3452 2652 3685 2723 ldipsum
3716 2653 3761 2707 iu

2188 2743 2345 2815 lignis
2374 2753 2429 2801 et
2452 2745 2504 2800 in
2526 2746 2669 2801 saxis
2688 2744 2871 2800 videre
2891 2753 2991 2800 est.
3018 2744 3096 2799 An
3132 2744 3254 2814 quia
3297 2744 3580 2814 magnifico
3608 2743 3765 2815 fulges

2188 2838 2414 2892 vestitu?
2440 2837 2544 2894 Sed
2571 2838 2775 2907 respice
2803 2837 2950 2891 illum
2978 2836 3171 2891 virtute
3192 2836 3630 2891 vestimentorum
3659 2836 3764 2890 vice

2187 2930 2440 2985 amictum
2460 2969 2475 2991 ,
2503 2939 2557 2985 et
2590 2939 2639 2984 te
2668 2928 2872 2983 videbis
2915 2925 3064 2983 finito
3086 2926 3299 2996 putrido
3325 2926 3557 2981 similem
3582 2968 3597 2990 ,
3627 2927 3764 2981 illum

2188 3039 2317 3079 vero
2341 3022 2517 3079 arbori
2549 3020 2825 3092 pulchrum
2854 3020 3116 3076 emittenti
3156 3019 3405 3085 fructum,
3439 3020 3527 3091 qui
3555 3020 3764 3074 multam

2188 3114 2549 3184 spectantibus
2606 3112 2843 3167 lmtitiam
2884 3111 3088 3167 all‘crat.
3120 3111 3198 3167 Tu
3257 3110 3471 3183 quidem
3512 3113 3765 3168 vermium

2187 3219 2367 3261 escam
2388 3206 2702 3262 circumfers
2720 3245 2736 3271 ,
2766 3213 2925 3275 atque
2952 3204 3236 3269 tinearum,
3263 3219 3402 3275 quae,
3428 3203 3476 3259 si
3507 3213 3562 3260 te
3584 3219 3762 3274 aggre-

2187 3296 2419 3361 diantur,
2449 3296 2558 3352 cito
2598 3304 2651 3351 te
2694 3295 2798 3351 hoc
2842 3296 3095 3351 nudatum
3126 3305 3314 3350 ornatu
3344 3294 3592 3350 reddent.
3632 3294 3764 3349 Nam

2188 3389 2587 3453 vestimentum,
2620 3402 2810 3442 aurum
2830 3395 2886 3443 et
2908 3396 3210 3457 argentum,
3240 3385 3381 3440 aliud
3407 3386 3623 3455 quidem
3649 3402 3763 3440 ver-

2189 3477 2355 3537 mium
2406 3477 2507 3533 lilis
2545 3486 2786 3544 constat,
2829 3476 2971 3532 aliud
3017 3486 3157 3532 terra
3199 3485 3254 3532 et
3302 3477 3473 3546 pulvis
3499 3484 3619 3541 est,
3671 3476 3763 3529 ite-

2188 3584 2415 3640 rumque
2443 3579 2618 3635 terra,
2649 3578 2705 3626 et
2733 3581 2989 3639 praeterea
3036 3568 3208 3633 nihil;
3240 3569 3330 3639 qui
3371 3577 3553 3623 autem
3583 3569 3766 3623 virtute

2187 3660 2389 3717 circum
2410 3669 2650 3727 ornatur,
2676 3660 2834 3716 talem
2865 3660 3024 3715 habet
3052 3669 3274 3723 vestem,
3296 3674 3454 3730 quam
3480 3674 3591 3714 non
3613 3659 3766 3713 modo

2188 3751 2329 3806 tinea
2349 3791 2365 3818 ,
2392 3750 2486 3806 sed
2533 3765 2601 3806 ne
2648 3765 2795 3806 mors
2823 3751 3037 3822 quidem
3069 3753 3181 3821 ipsa
3213 3751 3532 3807 labefactare
3560 3752 3761 3814 valeat;

2187 3854 2243 3899 et
2266 3843 2387 3912 jure
2411 3843 2626 3914 quidem
2655 3845 2868 3899 merito.
2898 3843 3081 3914 Neque
3118 3843 3259 3898 enim
3292 3843 3376 3899 ha:
3403 3844 3571 3897 animi
3602 3844 3763 3897 virtu-

2188 3943 2371 3991 tes-rex
2418 3944 2561 3990 terra
2592 3935 2870 3991 exordium
2909 3936 2926 3967 ⁸
2970 3934 3201 4001 ducunt,
3250 3935 3344 3990 sed
3392 3944 3517 3990 sunt
3570 3934 3765 3989 fructus

2186 4026 2435 4095 Spiritus;
2468 4036 2796 4097 quapropter
2823 4027 3085 4082 vermium
3129 4028 3208 4081 ori
3250 4042 3355 4082 non
3388 4038 3570 4096 patent
3602 4046 3615 4081 :
3648 4043 3763 4082 nam

2187 4117 2242 4173 in
2273 4117 2407 4173 cado
2434 4117 2738 4188 hujusmodi
2785 4118 3103 4173 vestimenta
3134 4128 3413 4183 texuntur,
3442 4119 3528 4172 ubi
3573 4134 3670 4173 nec
3700 4119 3764 4171 ti-

2187 4225 2286 4265 nea
2306 4251 2322 4276 ,
2362 4224 2464 4266 nec
2491 4210 2711 4276 vermis,
2734 4224 2836 4265 nec
2860 4209 3057 4280 aliquid
3084 4209 3262 4265 simile
3289 4220 3390 4265 est.
3423 4209 3561 4276 Quid
3592 4212 3759 4281 igitur,

2186 4315 2368 4372 quteso
2390 4342 2406 4369 ,
2436 4300 2662 4367 melius,
2693 4300 2909 4356 divitem
2935 4342 2950 4366 ,
2977 4316 3043 4355 au
3073 4314 3357 4370 pauperem
3388 4300 3549 4356 esse?
3574 4316 3641 4355 an
3676 4316 3765 4371 p0~

2187 4400 2388 4447 tentem
2408 4431 2424 4457 ,
2454 4405 2523 4445 an
2553 4390 2927 4446 inhonoratum
2955 4392 3114 4446 esse?
3153 4391 3299 4446 lauta
3326 4389 3427 4446 frui
3455 4406 3640 4447 mensa
3661 4433 3677 4457 ,
3701 4409 3762 4446 an

2187 4479 2381 4537 famem
2408 4482 2684 4550 experiri?
2714 4481 3068 4537 Proculdubio
3090 4522 3106 4548 ,
3158 4482 3210 4536 in
3258 4481 3464 4538 honore
3488 4525 3505 4552 ,
3531 4484 3762 4548 deliciis,

2185 4572 2490 4643 divitiisque
2518 4573 2716 4629 vivere.
2748 4572 2803 4627 Si
2834 4588 2962 4644 ergo
2984 4588 3073 4629 res
3097 4574 3270 4643 ipsas,
3304 4588 3409 4629 non
3439 4576 3655 4630 nomina
3683 4593 3762 4629 νει

2187 4662 2275 4728 lis,
2301 4671 2442 4718 terra
2468 4672 2628 4734 atque
2650 4663 2877 4719 terrenis
2896 4663 3115 4731 relictis,
3144 4663 3197 4717 in
3220 4664 3409 4719 caelum
3432 4674 3485 4722 te
3507 4667 3759 4721 transfer-

2186 4754 2448 4825 siquidem
2490 4755 2772 4825 praesentia
2802 4755 2989 4811 umbra
3034 4766 3185 4822 sunt,
3221 4757 3310 4813 illa
3339 4773 3501 4826 vero,
3551 4775 3641 4817 res
3668 4761 3760 4815 im-

2187 4854 2381 4911 motae,
2410 4845 2597 4911 firmae,
2623 4861 2745 4916 qua:
2782 4860 2888 4902 non
2919 4847 3088 4917 abripi
3119 4848 3345 4918 possint.
3378 4849 3507 4906 llaec
3534 4866 3633 4908 nos
3670 4851 3762 4923 igi-

2189 4945 2276 4992 tur
2294 4952 2414 4992 cum
2444 4936 2622 4994 studio
2665 4938 2961 5009 deligamus
2982 4980 2998 5005 ,
3028 4949 3083 4994 ut
3108 4949 3163 4994 et
3201 4955 3233 4994 a
3274 4943 3501 4999 tumultu
3532 4960 3763 5015 praesen-

2189 5027 2317 5082 tium
2371 5043 2551 5083 rerum
2604 5028 2924 5095 liberemur,
2966 5038 3021 5085 et
3052 5029 3121 5084 ad
3168 5033 3505 5102 tranquillum
3560 5045 3762 5106 portum

2186 5122 2514 5191 appellentes
2533 5163 2550 5187 ,
2576 5137 2695 5178 cum
2725 5122 2908 5178 multis
2926 5123 3149 5178 sarcinis
3169 5133 3225 5180 et
3247 5125 3602 5184 inelfahilibus
3625 5128 3763 5184 elee-

2188 5226 2428 5284 mosynte
2467 5213 2657 5283 opibus
2704 5213 2812 5268 illic
2869 5229 3223 5283 appareamus
3267 5232 3283 5271 :
3326 5216 3520 5286 quibus
3570 5220 3765 5273 utinam

2186 5318 2375 5360 omnes
2406 5305 2545 5374 pleni
2573 5303 2641 5360 ad
2666 5303 2992 5361 horrendum
3017 5304 3248 5362 tribunal
3269 5307 3479 5363 adducti
3500 5349 3515 5372 ,
3545 5325 3764 5380 regnum

2188 5394 2442 5449 caelorum
2467 5410 2858 5465 consequamur
2881 5396 3050 5466 gratia
3079 5406 3135 5453 et
3157 5398 3526 5454 misericordia
3560 5400 3768 5457 Dominl

2187 5488 2354 5542 nostri
2382 5487 2510 5543 .lesu
2533 5488 2728 5543 Christi
2753 5529 2767 5555 ,
2797 5489 2881 5544 cui
2908 5489 3076 5561 gloria
3104 5498 3161 5548 et
3186 5490 3466 5564 imperium
3495 5491 3550 5549 in
3581 5496 3773 5552 saecula

2190 5582 2528 5637 saeculorum.
2559 5583 2752 5637 Amen.

2256 5693 2271 5725 ⁸
2308 5692 2522 5757 Quidam,
2544 5690 2794 5757 originem.
