3868 6182
122 219 216 273 Sil

125 396 3297 426 *M

1109 213 1176 269 IN
1211 214 1619 272 ΜΑΤΤΙΙᾹΞΗΜ
1661 214 1887 272 llOMlL.
1935 217 2117 274 XXIV.
2162 222 2232 276 al.
2274 219 2436 276 XXV.

3289 219 3397 276 322

1237 487 1585 550 HOMILIA
1630 487 1868 549 XXIV.
1906 489 1989 551 al.
2037 492 2243 553 XXV.

111 681 245 737 CA?.
278 682 333 736 7.
369 697 417 733 v.
453 681 503 736 1.
538 679 658 734 Non
694 679 854 733 omnis
883 678 968 748 qui
1005 677 1125 731 dicit
1155 675 1298 740 milii,
1331 673 1568 735 Domine,
1596 669 1703 724 Do-

186 773 362 837 mine,
408 772 610 825 intrabit
651 774 704 824 in
746 787 954 840 regnum
998 769 1275 828 calorum,
1318 766 1407 820 sed
1452 765 1537 834 qui
1581 763 1704 835 facit

186 862 499 916 voluntatem
539 860 712 914 Patris
743 861 839 913 mei
867 860 952 930 qui
977 859 1028 911 in
1055 858 1189 911 ctelis
1218 867 1308 910 est.

190 955 240 1008 l.
288 953 408 1007 Non
436 954 540 1007 alia
585 951 742 1017 Filii,
771 951 876 1003 alia
925 949 1097 1002 Patris
1137 948 1391 1002 voluntas.
1427 946 1703 1016 Signorum

115 1045 346 1114 operatio
376 1044 483 1097 sine
511 1042 690 1114 virtute
716 1040 844 1094 nihil
867 1039 1070 1110 prodest
1091 1038 1340 1107 aperanti.
1368 1068 1437 1077 —
1461 1036 1570 1090 Cur
1593 1051 1697 1090 non

116 1112 284 1201 dixit,
311 1133 420 1192 Sed
452 1134 539 1204 qui
573 1112 696 1188 facit
719 1133 1043 1186 voluntatem
1076 1130 1287 1184 meam?
1316 1129 1448 1194 Quia
1488 1127 1590 1182 hoc
1622 1128 1704 1180 in-

113 1229 277 1283 terim
326 1233 570 1297 poterant
615 1224 870 1279 libentius
899 1224 1157 1292 accipere.
1210 1221 1341 1274 Illud
1385 1221 1525 1275 enim
1577 1233 1700 1288 per-

117 1333 284 1388 pensa
339 1318 547 1372 illorum
604 1315 907 1370 infirmitate
951 1323 1077 1367 tunc
1126 1327 1372 1381 magnum
1415 1308 1698 1364 admodum

115 1417 252 1462 erat.
286 1407 532 1478 Alioquin
562 1421 686 1461 vero
717 1421 809 1475 per
837 1405 964 1459 illud
996 1404 1096 1457 hoc
1127 1403 1296 1474 ipsum
1326 1403 1486 1456 etiam
1512 1401 1699 1456 subin-

115 1499 334 1554 dicavit.
363 1498 444 1552 Ad
473 1498 587 1552 hmc
612 1506 792 1552 autem
825 1495 951 1551 illud
983 1496 1202 1564 insuper
1235 1493 1518 1549 dicendum
1544 1534 1559 1558 ,
1593 1507 1697 1547 non

115 1605 238 1645 esse
288 1590 443 1644 aliam
483 1589 640 1653 Filii,
673 1589 828 1643 aliam
856 1588 1030 1643 Patris
1053 1588 1399 1641 voluntatem.
1434 1585 1530 1640 llic
1569 1600 1699 1640 vero

115 1681 246 1736 mihi
301 1681 533 1736 maxime
577 1679 786 1735 videtur
827 1679 1040 1734 Judmos
1083 1678 1468 1748 perstringere,
1510 1677 1601 1747 qui
1646 1677 1701 1732 in

113 1772 451 1839 dogmatibus
495 1785 757 1825 summam
797 1785 976 1824 rerum
1009 1769 1314 1837 ponebant,
1348 1783 1447 1822 nec
1483 1767 1551 1823 de
1593 1767 1700 1822 vita

113 1863 284 1932 probe
313 1862 515 1933 agenda
537 1862 812 1916 curabant.
844 1859 970 1915 Ideo
994 1862 1110 1916 illos
1140 1861 1338 1916 Paulus
1357 1860 1596 1931 coarguit
1620 1861 1702 1914 di-

112 1967 240 2006 cens
272 1969 287 2003 :
323 1952 453 2006 Ecce
492 1962 544 2004 tu
569 1950 785 2004 Judtens
827 1951 1231 2021 cognominaris,
1259 1959 1305 2004 et
1343 1950 1610 2019 requiescis
1647 1950 1700 2003 in

115 2046 242 2114 lege,
274 2053 320 2098 et
345 2043 585 2114 gloriaris
614 2046 665 2097 in
689 2041 815 2108 Deo,
844 2052 892 2097 et
918 2043 1050 2096 nosti
1086 2043 1391 2096 voluntatem
1417 2043 1436 2115 (
1458 2041 1607 2097 Rom.
1639 2043 1696 2098 2.

117 2136 201 2189 l7.
233 2135 349 2204 I8).
378 2135 571 2189 Verum
601 2134 736 2189 nihil
757 2135 846 2190 tibi
869 2149 934 2190 ex
958 2133 1045 2189 illa
1073 2133 1310 2199 accedit,
1341 2132 1551 2202 quando
1579 2134 1699 2188 vita:

115 2236 165 2279 et
192 2240 415 2294 operum
452 2225 755 2295 exemplum
783 2241 887 2281 non
927 2225 1096 2280 adest.
1127 2225 1223 2280 Ille
1263 2235 1438 2279 autem
1469 2241 1573 2280 non
1612 2225 1698 2280 hic

112 2319 384 2384 substitit,
414 2317 505 2373 sed
526 2320 668 2389 quod
700 2320 866 2374 multo
893 2319 1062 2387 majus
1087 2327 1201 2373 erat
1224 2319 1354 2374 dixit
1382 2337 1396 2374 :
1426 2318 1514 2372 22.
1545 2318 1700 2372 Multi

114 2411 243 2462 enim
270 2411 438 2463 dicent
465 2411 588 2462 mihi
615 2411 666 2463 in
703 2411 784 2464 die
810 2410 902 2464 illa
925 2451 940 2475 ,
972 2408 1206 2475 Domine,
1255 2409 1508 2478 Domine,
1535 2427 1701 2464 nonne

114 2500 164 2553 in
193 2501 396 2552 nomine
430 2509 514 2552 tuo
550 2500 998 2570 prophetavimus?
1039 2499 1154 2555 Non
1188 2501 1330 2555 enim
1377 2501 1546 2555 solum
1569 2543 1583 2566 ,
1615 2502 1698 2555 in-

116 2591 256 2658 quit,
291 2591 380 2660 qui
429 2590 583 2644 ﬁdem
633 2591 827 2656 habet,
863 2593 907 2644 si
949 2591 1053 2645 vita
1096 2591 1422 2661 negligatur,
1463 2608 1528 2647 ex
1554 2593 1699 2648 c:elis

115 2683 449 2745 excluditur;
479 2684 569 2738 sed
602 2685 808 2738 etiamsi
840 2700 961 2739 cum
1002 2684 1104 2740 {Ide
1139 2687 1301 2740 multa
1331 2687 1481 2755 signa
1512 2685 1699 2741 edide-

116 2774 219 2839 rit,
249 2790 350 2829 nec
369 2774 497 2829 boni
519 2774 784 2846 quidpiam
815 2776 1029 2841 fecerit,
1056 2791 1084 2829 a
1115 2777 1280 2831 sacris
1304 2776 1550 2832 similiter
1577 2793 1700 2848 por-

114 2867 180 2920 tis
206 2867 518 2936 repelletur.
551 2867 705 2922 Multi
728 2870 860 2922 enim
898 2869 1021 2923 mihi
1041 2869 1207 2922 dicent
1246 2869 1298 2923 in
1325 2868 1407 2922 die
1433 2869 1556 2935 illa,
1589 2867 1696 2922 Do-

115 2961 263 3026 mine,
301 2959 554 3027 Domine,
602 2979 769 3016 nonne
811 2963 863 3017 in
909 2964 1110 3017 nomine
1139 2972 1223 3016 tuo
1251 2964 1701 3036 praphetavimwj

122 3049 302 3104 \‘iden‘
329 3052 600 3122 quomodo
630 3067 750 3107 sese
796 3053 1018 3109 latenter
1046 3063 1227 3124 postea
1260 3054 1417 3109 simul
1445 3054 1694 3122 inducat,

117 3151 391 3212 postquam
422 3152 584 3198 totam
609 3144 836 3199 absolvit
863 3145 1198 3211 concionem,
1237 3160 1295 3200 se
1322 3160 1530 3216 quoque
1550 3145 1696 3215 judi-

114 3248 226 3288 cem
254 3235 530 3289 Ostendit?
573 3235 703 3290 Nam
735 3236 874 3306 quod
919 3237 1048 3292 ultio
1083 3246 1390 3308 peccatores
1440 3237 1508 3291 sit
1554 3237 1699 3291 inva-

117 3342 256 3392 sura,
284 3327 397 3396 jam
427 3328 572 3397 prius
601 3330 939 3395 ostenderat;
968 3330 1085 3401 quis
1109 3340 1287 3386 autem
1317 3331 1458 3385 ultor
1487 3329 1696 3386 futurus

116 3429 280 3486 esset,
307 3421 392 3475 hic
419 3421 634 3476 demum
665 3424 900 3487 revelat;
932 3439 1028 3478 nec
1056 3425 1196 3478 clare
1221 3424 1372 3486 dixit,
1408 3424 1518 3494 Ego
1539 3439 1655 3478 sum
1679 3440 1693 3488 ;

116 3519 224 3576 sed,
255 3510 414 3565 Multi
452 3513 617 3567 dicent
643 3514 788 3580 nti/ii,
822 3515 1048 3583 idipsum
1081 3530 1266 3569 rursus
1296 3515 1552 3569 indicans.
1584 3514 1696 3569 Nisi

116 3601 252 3656 enim
281 3605 397 3672 ipse
423 3603 585 3671 judcx
617 3613 779 3670 esset,
807 3605 1077 3675 quomodo
1104 3605 1327 3661 dixisset
1356 3605 1434 3660 eis
1467 3623 1479 3659 :
1505 3605 1596 3660 25.
1628 3603 1697 3658 Et

118 3704 232 3749 tunc
256 3697 534 3763 conﬁtebor
554 3697 639 3759 eis,
669 3695 918 3750 Discedite
945 3714 976 3750 a
998 3713 1094 3763 me,
1124 3714 1397 3768 numquam
1435 3698 1550 3751 novi
1571 3697 1698 3752 vos?

117 3784 226 3840 Non
257 3786 434 3840 solum
482 3787 535 3840 in
560 3787 647 3842 die
671 3787 854 3856 judicii
874 3829 889 3854 ,
916 3789 1010 3842 sed
1057 3803 1229 3858 neque
1253 3788 1412 3842 etiam
1441 3803 1560 3842 cum
1591 3787 1697 3841 mi-

118 3879 287 3932 racula
320 3878 615 3934 edideritis.
649 3878 880 3949 Ideoque
924 3879 1199 3948 discipulis
1244 3879 1456 3934 dicebat
1481 3896 1493 3931 :
1523 3877 1699 3932 Nolite

118 3973 363 4040 gaude",
391 3973 512 4041 quia
541 3972 789 4026 dcetnonia
817 3973 954 4027 vobis
974 3972 1327 4044 subjiciuntur,
1349 3971 1440 4026 sed
1463 3972 1580 4043 quia
1606 3988 1699 4025 no-

119 4065 246 4118 mina
270 4075 440 4120 vestra
466 4065 652 4135 scripta
671 4073 788 4118 sunt
815 4066 867 4118 in
897 4066 1033 4119 cretis
1054 4063 1203 4136 (an.
1231 4064 1317 4119 IO.
1349 4063 1465 4135 20).
1498 4063 1558 4117 Et
1584 4063 1698 4117 ubi-

120 4169 216 4224 que
243 4155 468 4210 multam
492 4154 780 4225 jubetvitte
806 4170 987 4210 curam
1010 4169 1189 4224 agere.
1212 4153 1392 4224 Neque
1413 4153 1555 4209 enim
1582 4152 1696 4208 ﬁeri

121 4261 367 4316 umquam
399 4253 598 4316 potest,
629 4236 686 4300 ut
720 4244 883 4300 homo
922 4255 1068 4300 recte
1096 4247 1256 4300 vitam
1299 4245 1579 4301 instituens
1600 4287 1616 4311 ,
1646 4253 1700 4299 et

119 4337 362 4390 omnibus
403 4336 567 4390 animi
615 4336 814 4391 morbis
858 4337 1152 4401 liberatus,
1197 4336 1550 4407 despiciatur;
1603 4335 1698 4392 sed

119 4426 214 4481 etsi
239 4427 530 4497 aliquando
558 4428 857 4491 erraverit,
886 4428 994 4483 cito
1025 4428 1170 4481 illum
1199 4428 1337 4482 Deus
1361 4428 1424 4482 ad
1458 4429 1697 4484 notitiam

120 4517 357 4573 veritatis
387 4517 678 4588 pertrahet.
707 4517 904 4574 Verum
935 4518 1149 4588 quidam
1193 4528 1316 4574 sunt
1353 4518 1442 4588 qui
1471 4518 1655 4573 dicunt
1681 4561 1697 4588 ,

121 4609 259 4679 ipsos
306 4610 380 4664 ita
429 4609 630 4666 dixisse
670 4610 1014 4677 mentiendo,
1068 4610 1296 4680 ideoque
1338 4611 1563 4665 salutem
1593 4627 1699 4665 non

122 4715 234 4756 esse
259 4709 644 4770 consequutos.
692 4700 832 4770 Ergo
862 4707 1069 4764 contra,
1099 4715 1257 4770 quam
1300 4701 1573 4766 voluerat,
1602 4699 1699 4754 ad-

121 4793 292 4848 struit.
341 4791 469 4847 lllud
497 4794 694 4865 quippe
737 4793 849 4847 vult
887 4791 974 4847 hic
1012 4791 1295 4847 ostendere
1319 4833 1335 4857 ,
1364 4791 1520 4846 ﬁdem
1571 4791 1702 4846 nihil

124 4886 231 4938 sine
258 4883 514 4955 operibus
539 4886 738 4939 valere.
767 4883 968 4938 Deinde
1006 4882 1057 4938 id
1084 4883 1401 4949 extendens,
1434 4884 1581 4955 signa
1610 4883 1704 4938 ad-

126 4976 284 5031 didit:
311 4975 602 5032 ostendens
643 4991 751 5030 non
790 4975 950 5031 modo
981 4974 1134 5031 ﬁdem
1155 5018 1171 5042 ,
1215 4976 1308 5031 sed
1337 4977 1495 5032 etiam
1521 4978 1702 5047 signo-

126 5083 233 5123 rum
254 5070 619 5140 operationem
647 5069 888 5138 operanti
913 5068 1166 5138 prodesse
1192 5067 1322 5122 nihil
1348 5069 1464 5124 sine
1491 5069 1701 5123 virtute.

131 5158 227 5214 Nisi
256 5169 436 5215 autem
487 5159 564 5214 illi
611 5159 763 5230 signa
809 5157 1091 5224 fecissent,
1121 5157 1391 5230 quomodo
1419 5159 1533 5215 haec
1561 5169 1706 5214 stare

130 5248 220 5305 hoc
250 5251 371 5305 loco
401 5250 742 5320 potuissent?
767 5250 1015 5322 Alioquin
1060 5261 1238 5306 autem
1284 5266 1388 5306 non
1417 5251 1532 5306 ausi
1579 5251 1706 5306 luis-

131 5351 257 5408 sent,
285 5352 553 5414 praesente
576 5341 799 5412 judicio,
829 5341 912 5397 his
939 5341 1084 5397 illum
1123 5343 1341 5413 alloqui.
1375 5343 1490 5414 Ipsa
1526 5354 1705 5399 autem

133 5435 423 5506 responsio,
447 5443 560 5490 tum
591 5434 754 5491 etiam
782 5433 921 5505 quod
950 5434 1050 5506 ipsi
1082 5434 1459 5505 interrogando
1485 5435 1708 5507 loquan-

134 5532 228 5592 tur,
261 5527 496 5582 ostendit
525 5525 670 5595 ipsos
699 5523 752 5579 id
789 5541 915 5582 vere
943 5515 1152 5582 fecisse.
1191 5527 1324 5594 Quia
1355 5528 1496 5582 enim
1519 5543 1708 5598 exspe-

137 5611 342 5668 ctationi
371 5625 484 5669 sua:
511 5614 838 5673 contrarium
887 5616 1047 5674 ﬁnem
1081 5634 1201 5679 esse
1227 5616 1513 5690 videbant,
1537 5628 1594 5678 et
1618 5619 1704 5678 hic

1823 669 2083 726 mirabilia
2113 676 2371 743 patrando
2412 679 2722 749 conspicui,
2753 681 2857 737 illic
2903 695 2962 736 se
2993 684 3250 753 supplicio
3284 685 3397 758 ple-

1812 761 2032 816 ctendos
2077 766 2397 832 cernebant,
2446 770 2724 839 stupefacti
2771 781 2823 826 et
2867 774 3120 830 mirantes
3166 776 3395 833 dicunt:

1811 849 2049 920 Domine,
2084 855 2316 924 Domine,
2352 877 2517 915 nonne
2535 864 2586 915 in
2612 879 2814 917 nonnae
2842 873 2926 918 tuo
2958 868 3395 936 praphetavimus'.’

1810 944 2079 1009 quomodo
2126 962 2253 1016 ergo
2300 965 2442 1005 nunc
2488 966 2584 1006 nos
2629 954 2936 1008 aversaris?
2980 957 3104 1026 quid
3153 959 3251 1012 sibi
3281 963 3394 1015 vult

1811 1030 2207 1101 inexspectatus
2257 1038 2342 1092 ille
2387 1039 2546 1095 linis?
2589 1043 2693 1098 Sed
2743 1045 2817 1098 illi
2857 1046 3068 1115 quidem
3110 1051 3393 1112 mirantur.

1809 1122 1949 1191 quod
1983 1134 2099 1193 post
2145 1127 2267 1182 talia
2315 1130 2454 1185 edita
2501 1147 2662 1202 opera
2712 1136 2999 1204 puniantur
3030 1154 3043 1191 :
3071 1147 3126 1191 tu
3167 1155 3295 1196 vero
3324 1159 3393 1198 ne

1807 1214 2039 1268 mireris.
2081 1215 2267 1272 Omnis
2295 1222 2490 1292 quippe
2516 1225 2682 1292 gratia
2710 1241 2773 1279 ex
2802 1225 2978 1281 dantis
3010 1245 3233 1286 munere
3266 1248 3395 1302 pro-

1805 1304 1883 1358 dit
1913 1323 1925 1360 :
1953 1307 2026 1361 illi
2056 1324 2183 1362 vero
2209 1311 2339 1365 nihil
2371 1328 2400 1366 a
2428 1315 2616 1385 seipsis
2645 1318 2972 1386 attulerunt,
3011 1321 3236 1392 ideoque
3273 1325 3394 1394 jure

1806 1399 2065 1468 supplicio
2089 1402 2388 1470 traduntur,
2412 1421 2476 1460 eo
2497 1407 2634 1475 quod
2655 1424 2776 1479 erga
2798 1426 2916 1465 eum
2946 1413 3032 1482 qui
3056 1414 3131 1468 sic
3154 1414 3275 1471 illos
3295 1416 3394 1471 ho-

1805 1502 2107 1579 noraverat,
2134 1504 2190 1548 ut
2212 1496 2440 1567 indignis
2464 1500 2619 1554 talem
2648 1503 2868 1571 gratiam
2894 1505 3174 1572 tribueret,
3200 1508 3390 1579 ingrati

1804 1578 2021 1635 fuerint.
2060 1582 2168 1639 Cur
2199 1601 2347 1657 ergo,
2380 1589 2606 1659 inquies,
2643 1591 2901 1662 iniquitati
2935 1596 3121 1652 dantes
3148 1578 3386 1669 operam,

1805 1670 1927 1724 talia
1957 1673 2105 1742 signa
2131 1674 2399 1730 edebant?
2417 1677 2654 1750 Suntqui
2681 1681 2988 1749 dicant,eos
3015 1702 3120 1756 quo
3147 1697 3388 1759 tempore

1805 1760 2057 1817 miracula
2082 1766 2377 1833 patrabant,
2399 1768 2576 1839 inique
2599 1787 2702 1825 non
2731 1774 2923 1843 egisse,
2947 1776 3039 1831 sed
3064 1787 3247 1847 postea
3266 1797 3389 1835 mu--

1805 1859 1962 1917 tatos,
1988 1855 2125 1910 mala
2144 1856 2303 1912 fuisse
2320 1861 2789 1928 operatos.Verum
2815 1866 2857 1918 si
2887 1865 2987 1921 hoc
3013 1867 3080 1920 ita
3097 1879 3256 1935 esset,
3280 1887 3388 1927 non

1805 1956 1985 2015 posset
1999 1957 2142 2003 stare
2158 1951 2439 2005 sententia.
2454 1952 2584 2008 Nam
2604 1955 2744 2024 quod
2763 1955 3005 2013 Christus
3021 1959 3389 2021 demonstrare

1803 2036 2033 2103 volebat,
2056 2038 2156 2093 hoc
2173 2050 2286 2095 erat
2304 2059 2316 2094 :
2335 2058 2505 2113 neque
2527 2044 2704 2112 fidem,
2723 2063 2895 2118 neque
2917 2051 3170 2107 miracula
3191 2054 3387 2121 valere,

1804 2128 1908 2183 vita
1939 2144 2044 2185 non
2066 2135 2468 2191 consentiente:
2497 2138 2639 2207 quod
2661 2149 2715 2194 et
2731 2139 2926 2195 Paulus
2944 2141 3180 2198 dicebat:
3208 2144 3268 2199 Si
3289 2146 3388 2201 ha-

1802 2218 1957 2273 buero
1983 2221 2155 2289 ﬁdem,
2174 2223 2245 2276 ita
2271 2234 2325 2278 ut
2354 2237 2544 2280 montes
2574 2230 2960 2300 transferam,et
2989 2249 3170 2289 novem
3197 2247 3387 2306 myste-

1802 2314 1880 2362 ria
1905 2314 2094 2378 omnia,
2118 2323 2164 2366 et
2191 2330 2388 2368 omnem
2416 2318 2665 2383 notitiam,
2689 2321 2948 2374 caritatem
2970 2333 3138 2378 autem
3169 2343 3268 2379 non
3295 2330 3390 2380 ha—

1803 2402 1964 2469 beam,
1984 2404 2112 2458 nihil
2124 2423 2233 2459 sum
2255 2406 2301 2476 (1
2317 2447 2330 2460 .
2353 2406 2472 2462 Cor.
2496 2410 2580 2464 I5.
2595 2409 2675 2481 2).
2697 2411 2923 2478 Quinam
2952 2413 3130 2483 igitur,
3155 2418 3385 2486 inquies,

1803 2494 1886 2549 isti
1918 2498 2084 2550 sunt?
2109 2497 2258 2553 Multi
2290 2500 2617 2555 credentium
2659 2502 2797 2558 dona
2828 2517 3176 2574 acceperant;
3213 2509 3387 2578 qualis

1803 2595 1921 2639 erat
1948 2587 2055 2651 ille,
2084 2589 2171 2657 qui
2203 2604 2324 2643 cum
2350 2591 2520 2660 ipsum
2551 2606 2654 2646 non
2696 2604 3031 2664 sequeretur,
3064 2605 3247 2652 tamen
3274 2598 3384 2652 dte-

1803 2677 1978 2730 monia
2007 2677 2252 2747 ejiciebat
2280 2697 2294 2745 ;
2324 2682 2496 2751 qualis
2523 2692 2638 2738 erat
2656 2683 2818 2739 Judas
2846 2702 2858 2738 :
2894 2701 3011 2739 nam
3036 2686 3123 2741 hic
3149 2703 3381 2760 quoque,

1803 2783 1924 2823 cum
1957 2770 2131 2825 malus
2156 2782 2315 2835 esset.
2339 2773 2536 2829 donum
2567 2787 2865 2846 acceperat.
2896 2777 2949 2832 In
2978 2781 3141 2834 veteri
3172 2797 3386 2854 quoque

1805 2858 1920 2930 lege
1958 2863 2007 2915 id
2039 2863 2274 2931 reperire
2300 2874 2379 2919 est
2400 2906 2413 2928 ,
2440 2860 2664 2935 gratiam
2688 2883 2878 2938 nempe
2908 2869 2960 2923 in
2989 2870 3218 2941 indignis
3242 2888 3387 2942 smpe

1802 2964 2110 3024 operantem
2137 2997 2152 3023 ,
2202 2966 2256 3011 ut
2298 2957 2415 3012 aliis
2457 2959 2715 3015 beneﬁcia
2760 2961 3045 3017 conterret.
3079 2963 3210 3029 Quia
3240 2966 3383 3020 cnim

1803 3060 1908 3099 non
1939 3061 2124 3103 omnes
2173 3047 2238 3102 ad
2285 3049 2464 3104 omnia
2515 3050 2689 3106 idonei
2718 3062 2904 3118 erant;
2937 3053 3028 3109 sed
3055 3054 3140 3108 alii
3171 3056 3384 3125 quidem

1801 3136 1963 3190 vitam
1993 3153 2174 3206 puram
2204 3140 2450 3210 agebant,
2481 3157 2654 3211 neque
2683 3153 2824 3196 tanta
2852 3143 2953 3199 lide
2980 3144 3188 3214 prmditi
3209 3156 3383 3213 erant,

1801 3228 1889 3282 alii
1921 3244 2048 3283 vero
2075 3244 2107 3283 e
2137 3231 2405 3284 contrario
2438 3249 2451 3285 :
2485 3240 2537 3286 et
2567 3232 2651 3287 his
2679 3235 2843 3288 utitur
2862 3275 2875 3298 ,
2902 3245 2959 3288 ut
2989 3236 3108 3290 illos
3134 3247 3384 3305 moneat,

1803 3326 1856 3371 ut
1888 3319 2105 3372 multam
2131 3319 2288 3375 Iidem
2314 3321 2621 3389 exhibeant,
2647 3333 2701 3378 et
2725 3325 2843 3380 illos
2874 3341 2969 3394 per
2994 3327 3257 3383 ineffabile
3285 3328 3385 3386 hoc

1802 3408 1997 3464 donum
2027 3418 2246 3475 evocat,
2281 3420 2338 3465 ut
2368 3413 2616 3468 meliores
2646 3415 2892 3469 evadant.

1872 3500 1927 3554 2.
1959 3500 2192 3556 Potestas
2221 3504 2628 3569 supernaturalis
2651 3505 2758 3559 sine
2787 3508 2966 3559 virtute
2995 3507 3197 3561 exitium
3225 3509 3380 3578 parit.

1815 3593 2022 3648 Virtutis
2049 3596 2415 3665 praerogatiua.
2443 3627 2503 3637 —
2535 3595 2765 3668 Ideoque
2788 3598 3242 3656 abundantissime
3258 3616 3383 3670 gra-

1803 3688 1929 3742 tiam
1972 3687 2153 3741 dabat.
2205 3686 2442 3756 Virtutes,
2476 3689 2742 3760 inquiunt,
2790 3691 2976 3744 multas
3021 3693 3249 3762 fecimus.
3280 3692 3387 3748 Sed

1803 3779 2077 3847 conﬁtebor
2125 3779 2228 3833 illis
2272 3789 2419 3846 tunc,
2451 3779 2574 3834 Non
2609 3783 2720 3835 novi
2749 3797 2854 3836 vos.
2889 3781 3044 3837 Nunc
3083 3783 3295 3853 quidem
3326 3799 3386 3839 se

1803 3871 2001 3925 amicos
2043 3885 2192 3926 meos
2216 3886 2337 3926 esse
2365 3880 2594 3942 putant;
2630 3882 2754 3926 time
2784 3887 2912 3928 vero
2950 3883 3275 3944 cognoscent
3300 3890 3387 3929 me

1806 3964 1911 4019 illis
1959 3979 2063 4018 non
2112 3973 2170 4020 ut
2221 3965 2407 4019 amicis
2449 3964 2678 4020 dedisse.
2717 3965 2920 4036 Ecquid
2949 3966 3158 4021 miraris
3184 3967 3228 4020 si
3259 3966 3388 4021 viris

1804 4056 2017 4126 quidem
2046 4057 2098 4110 in
2128 4057 2298 4126 ipsum
2331 4057 2694 4112 credentibus.
2719 4058 2811 4112 sed
2842 4058 3004 4113 vitam
3034 4075 3139 4112 non
3181 4057 3388 4114 haben-

1805 4147 1944 4202 tibus
1970 4163 2284 4215 consonam,
2307 4165 2526 4204 munera
2558 4151 2646 4204 illa
2675 4150 2840 4216 dedit,
2864 4151 3076 4221 quando
3097 4152 3148 4205 in
3175 4152 3239 4205 iis
3255 4167 3388 4221 quo-

1803 4254 1906 4309 que
1931 4239 2017 4310 qui
2041 4250 2267 4310 utroque
2297 4239 2605 4310 hujusmodi
2639 4243 2778 4295 bono
2806 4243 2956 4298 vacui
2982 4249 3154 4307 erant,
3182 4243 3388 4296 inveni-

1805 4340 1890 4386 tur
1916 4332 2211 4401 operatus?
2242 4332 2454 4387 Balaam
2480 4333 2674 4402 quippe
2699 4342 2753 4388 et
2773 4349 2801 4386 a
2839 4333 2944 4389 lide
2971 4343 3026 4388 et
3050 4350 3080 4388 a
3113 4335 3247 4390 bona
3281 4339 3384 4392 vita

1803 4424 2008 4480 alienus
2035 4432 2152 4479 erat
2186 4423 2205 4495 (
2239 4422 2397 4477 Nam.
2429 4424 2500 4479 24
2525 4426 2584 4495 );
2633 4434 2864 4480 attamen
2891 4427 3059 4497 gratia
3099 4427 3150 4481 iu
3188 4429 3281 4483 illo
3320 4431 3386 4484 ad

1805 4516 2028 4570 aliorum
2061 4530 2149 4572 res
2179 4515 2532 4586 providendas
2559 4525 2778 4586 operata
2805 4526 2906 4572 est.
2939 4518 3222 4590 Etiamque
3253 4520 3390 4575 Pha-

1805 4621 1900 4662 rao
1944 4608 2067 4662 talis
2089 4615 2204 4662 erat
2229 4624 2244 4672 ;
2273 4615 2328 4662 et
2353 4616 2532 4662 tamen
2563 4607 2662 4677 ipsi
2699 4623 2910 4678 quoque
2939 4609 3112 4665 futura
3135 4613 3389 4667 ostendit.

1806 4699 1873 4754 Et
1917 4698 2427 4753 Nabuchodonosori
2471 4698 2805 4770 iniquissimo
2849 4715 2910 4754 ea
2954 4716 3072 4769 qure
3103 4711 3222 4772 post
3251 4703 3396 4757 mul-

1809 4805 1887 4851 tas
1937 4795 2308 4866 generationes
2351 4793 2526 4849 futura
2575 4803 2729 4849 erant
2773 4793 3239 4866 revelavit(Dan.
3286 4795 3393 4867 2).

1811 4887 1978 4956 Ipsius
2009 4901 2221 4956 quoque
2250 4885 2377 4951 ﬁlio,
2408 4885 2499 4956 qui
2527 4894 2734 4957 patrem
2768 4885 3049 4955 iniquitate
3078 4885 3387 4956 superabat,

1810 4979 1984 5034 futura
2032 4977 2302 5039 ostendit;
2336 4977 2608 5032 mirabiles
2645 4991 2974 5046 magnasque
3014 4991 3101 5031 res
3153 4977 3224 5030 ita
3277 4977 3392 5031 dis-

1810 5083 2038 5140 pensans
2077 5069 2098 5139 (
2129 5069 2262 5123 Dan.
2291 5069 2380 5137 5).
2418 5068 2551 5137 Quia
2596 5068 2755 5138 igitur
2796 5067 3184 5137 praedicationis
3231 5081 3394 5122 exor-

1811 5159 1896 5215 dia
1921 5168 2030 5214 tum
2060 5167 2235 5226 erant,
2268 5159 2539 5230 multaque
2565 5156 2846 5227 oportebat
2885 5156 2997 5226 ejus
3027 5158 3279 5225 potentia:
3305 5172 3394 5211 arr

1811 5261 2061 5322 gumenta
2091 5251 2414 5314 monstrari,
2440 5249 2591 5304 multi
2617 5264 2682 5303 ex
2710 5247 3046 5317 indignorum
3094 5249 3257 5302 etiam
3290 5263 3380 5302 nu-

1814 5358 1964 5398 mero
1993 5342 2130 5398 dona
2158 5342 2508 5411 accipiebant.
2538 5339 2874 5394 Attamenilli
2893 5355 2960 5394 ex
2992 5339 3290 5395 istiusmodi
3320 5341 3384 5396 si-

1812 5438 1929 5508 gnis
1959 5435 2091 5490 nihil
2132 5435 2498 5500 lucrabantur,
2538 5432 2631 5488 sed
2668 5433 2825 5488 etiam
2870 5435 3103 5504 graviori
3136 5435 3395 5506 supplicio

1814 5531 2125 5601 puniuntur.
2177 5526 2407 5598 Ideoque
2458 5527 2596 5581 hanc
2641 5526 2934 5582 terribilem
2989 5543 3174 5582 vocem
3221 5529 3395 5587 emisit

1822 5620 1992 5692 ipsis:
2025 5617 2317 5690 Numquam
2347 5619 2460 5676 novi
2489 5634 2593 5674 vos.
2646 5617 2838 5674 Multos
2887 5634 3030 5675 enim
3073 5618 3159 5677 hic
3191 5618 3395 5690 odit,et
