3868 6182
470 253 577 309 335

469 382 596 426 ante
624 364 878 438 judicium
909 364 925 396 ¹
957 370 1255 418 aversatur.
1285 359 1596 416 Timeamus
1621 357 1823 426 itaque,
1853 350 2056 415 dilecti,

476 471 533 517 et
555 459 778 516 multam
807 453 1147 512 instituendas
1171 453 1295 507 vita:
1317 466 1502 506 curam
1529 448 1936 519 impendamus;
1969 459 2086 500 ne-v

472 567 578 622 que
603 558 848 620 putemus
878 547 1055 602 minus
1081 560 1180 600 nos
1209 543 1429 610 habere,
1452 542 1576 612 quia
1605 541 1754 610 signa
1783 551 1926 593 nunc
1955 551 2061 590 non

474 644 723 700 facimus.
748 642 892 698 Nihil
919 641 1063 697 enim
1094 653 1347 710 umquam
1377 635 1610 706 amplius
1636 649 1700 689 ex
1723 632 1888 702 signis
1909 629 2063 686 nobis

474 733 752 800 reddetur,
768 732 907 787 sicut
929 730 1063 786 nihil
1083 731 1260 784 minus
1289 725 1510 796 ecquod
1535 725 1686 794 signa
1709 737 1815 776 non
1835 719 2060 776 edamus

475 825 520 878 si
547 824 831 879 virtutibus
851 822 1100 878 omnibus
1121 820 1309 875 demus
1338 832 1578 888 operam.
1598 815 1885 885 Signorum
1909 811 2064 883 quip-

478 934 545 988 pe
577 918 847 974 debitores
875 931 981 971 non
1000 928 1207 981 sumus,
1233 925 1331 982 pro
1357 910 1498 966 bona
1519 916 1696 962 autem
1720 907 1827 961 vita
1849 914 1906 960 et
1933 918 2066 974 ape-

479 1009 627 1065 ribus
653 1051 668 1074 ,
700 1009 867 1063 Deum
917 1006 1178 1060 habemus
1221 1002 1544 1058 debitorem.
1590 997 1726 1066 Quia
1767 996 1928 1067 igitur
1976 994 2066 1050 ille

478 1109 668 1154 cuncta
701 1097 940 1168 perfecit.
965 1104 1024 1152 et
1052 1095 1120 1151 de
1147 1095 1345 1149 virtute
1369 1085 2064 1150 accuratissimedisseruit,

480 1206 544 1246 ac
563 1189 810 1244 virtutem
842 1187 1157 1244 simulantes
1185 1201 1214 1239 a
1243 1184 1425 1255 probis
1462 1182 1706 1237 diversos
1731 1193 1852 1235 esse
1877 1186 2064 1233 osten»

475 1283 557 1338 dit
581 1302 595 1348 ;
625 1283 742 1338 illos
778 1295 969 1352 nempe
989 1280 1078 1350 qui
1100 1279 1408 1348 jejunarent
1434 1276 1517 1332 vel
1547 1283 1766 1331 orarent
1790 1273 1854 1327 ad
1882 1280 2066 1327 osten-

479 1374 759 1439 tationem,
785 1387 883 1428 eos
921 1374 1010 1440 qui
1040 1370 1141 1426 sub
1189 1369 1329 1440 pelle
1369 1368 1548 1422 ovium
1614 1363 1950 1429 accederent,
1974 1377 2069 1417 eos

482 1467 570 1536 qui
602 1466 852 1520 virtutem
884 1462 1302 1528 labefactarent,
1336 1473 1470 1530 quos
1513 1466 1569 1513 et
1597 1471 1790 1528 porcos
1817 1464 1873 1510 et
1909 1468 2068 1509 canes

483 1555 714 1622 vocavit,
744 1551 1036 1609 ostendens
1067 1551 1282 1608 demum
1313 1559 1572 1621 quantum
1600 1545 1854 1619 esset‘vel
1885 1545 1938 1599 in
1970 1544 2070 1600 hac

488 1652 596 1704 vita
626 1650 842 1703 virtutis
867 1647 1071 1702 lucrum
1101 1685 1118 1712 ,
1160 1651 1524 1716 quantumque
1551 1646 1851 1710 emergeret
1874 1652 1943 1692 ex
1970 1637 2071 1691 im-

485 1741 747 1811 probitate
797 1748 1174 1794 nocumentum
1198 1777 1214 1804 ,
1264 1734 1394 1792 dicit
1443 1751 1455 1788 :
1487 1733 1579 1789 24.
1614 1731 1792 1788 Omnis
1818 1730 1905 1800 qui
1929 1728 2070 1783 audit

485 1834 638 1889 verba
658 1850 769 1888 mea
795 1832 902 1888 lucc
926 1872 943 1900 ,
970 1840 1017 1886 et
1046 1831 1168 1902 facit
1193 1845 1272 1898 ea,
1315 1826 1679 1882 auimilabitur
1705 1825 1810 1879 uiro
1831 1822 2068 1892 rapienti.

487 1924 620 1980 Nam
655 1924 748 1995 qui
778 1922 939 1978 verba
967 1921 1083 1992 ejus
1111 1936 1217 1975 non
1245 1919 1552 1984 observant,
1583 1915 1792 1972 etiamsi
1821 1915 1968 1984 signa
1996 1912 2071 1966 fa-

488 2017 655 2082 ciant,
685 2031 804 2084 qua:
825 2013 1032 2084 passuri
1059 2011 1168 2067 sint
1194 2010 1416 2066 audistis
1443 2025 1457 2062 :
1488 2007 1669 2065 sciatis
1697 2016 1877 2061 autem
1897 2019 2061 2074 opor-

489 2117 587 2174 tet,
620 2108 814 2179 quibus
843 2106 1085 2161 fruentur
1104 2103 1258 2159 bonis
1280 2102 1317 2157 ii
1342 2102 1433 2172 qui
1459 2101 1617 2157 dictis
1641 2097 1890 2153 omnibus
1913 2095 2072 2152 obsc-

484 2208 742 2270 qnuntur,
772 2212 876 2252 non
909 2197 962 2252 in
989 2195 1168 2250 futuro
1199 2201 1405 2248 tantum
1437 2191 1636 2246 sa‘culo
1657 2229 1672 2255 ,
1701 2187 1796 2244 sed
1823 2187 1984 2242 etiam
2016 2185 2070 2241 in

487 2289 759 2360 prmsenti.
793 2287 992 2352 Omnis,
1025 2285 1224 2356 inquit,
1256 2283 1343 2355 qui
1370 2283 1515 2336 audit
1553 2279 1703 2334 verba
1729 2281 1990 2342 meomeo,
2022 2285 2072 2330 et

482 2381 606 2452 facit
645 2397 704 2433 ea
729 2419 746 2444 ,
793 2377 1156 2433 assimilabitur
1197 2375 1303 2429 viro
1329 2372 1568 2443 capienti.
1619 2370 1778 2425 Vides
1799 2367 2072 2440 quomodo

482 2487 786 2528 sermonem
810 2471 1005 2536 variet,
1030 2467 1195 2523 modo
1224 2466 1413 2522 dicens
1433 2506 1449 2530 ,
1478 2462 1600 2518 Non
1640 2463 1804 2518 omnis
1841 2461 1927 2531 qui
1952 2459 2074 2514 dicit

482 2566 608 2620 mihi
639 2606 655 2632 ,
679 2563 916 2628 Domine,
951 2561 1183 2627 Domine,
1214 2574 1444 2630 seseque
1485 2556 1759 2616 revelatis;
1792 2553 1952 2609 modo
1977 2568 2074 2609 au-

481 2667 614 2726 tem,
645 2655 741 2723 Qui
770 2655 893 2727 facit
917 2653 1233 2710 uoluntatem
1263 2649 1442 2706 Patris
1467 2648 1583 2713 mei,
1614 2655 1670 2702 et
1698 2659 1886 2702 rursus
1903 2643 2072 2712 seju-

483 2749 656 2805 tlicem
685 2747 987 2812 declarans,
1008 2743 1161 2798 Multi
1177 2742 1346 2796 dicent
1368 2740 1493 2794 mihi
1512 2740 1566 2793 in
1587 2737 1678 2793 illa
1693 2735 1774 2790 die
1794 2753 1812 2790 :
1835 2732 2070 2798 Domine,

484 2839 719 2902 Domine,
735 2853 900 2892 nonne
923 2837 978 2890 in
1005 2834 1209 2905 nomine
1237 2844 1322 2886 tuo
1349 2825 1886 2902 propltetatrimusiEt
1907 2824 2075 2879 dicant

485 2928 736 2996 eis,Non
763 2927 876 2982 novi
901 2942 1009 2981 vos.
1057 2924 1155 2980 [lic
1203 2936 1420 2994 quoque
1446 2917 1682 2975 ostendit
1730 2931 1791 2972 se
1837 2914 2073 2970 omnium

484 3029 803 3094 potestatem
856 3016 1058 3074 habere
1104 3032 1118 3069 :
1161 3021 1486 3084 quapropter
1526 3007 1780 3072 dicebat,
1807 3005 1906 3074 Qui
1932 3003 2076 3059 audit

485 3115 636 3171 verba
663 3130 774 3168 mea
794 3111 923 3167 lucc.
955 3108 1089 3178 Quia
1117 3108 1260 3164 enim
1290 3104 1470 3161 omnia
1496 3102 1564 3158 de
1587 3099 1778 3158 l'uturis
1803 3097 2073 3164 disseruit,

490 3215 548 3264 et
569 3221 791 3278 regnum
833 3215 1140 3259 memorans
1162 3241 1180 3266 ,
1207 3207 1265 3254 et
1304 3195 1608 3253 mercedem
1653 3190 1996 3256 iuell'abilem,
2022 3197 2077 3244 et

490 3298 907 3357 consolationem
929 3303 987 3351 et
1015 3293 1208 3348 similia
1235 3332 1253 3358 ,
1281 3289 1396 3344 vult
1418 3301 1514 3344 eos
1549 3286 1674 3341 hinc
1701 3281 1940 3355 proferre
1963 3281 2076 3337 fru-

487 3401 606 3448 ctus
651 3404 812 3455 suos,
855 3396 910 3443 et
938 3384 1223 3441 ostendere
1263 3389 1460 3452 quanta
1500 3377 1570 3434 sit
1609 3377 1660 3432 in
1691 3375 1939 3446 praesenti
1970 3373 2077 3428 vita

488 3482 697 3539 virtutis
714 3480 812 3535 vis.
841 3477 970 3546 Quae
994 3490 1122 3546 ergo
1142 3483 1226 3530 est
1245 3471 1458 3527 virtutis
1485 3468 1610 3524 vis?
1634 3465 1766 3523 Cum
1793 3464 2080 3522 securitate

488 3577 686 3640 vivere,
719 3569 879 3627 nullis
917 3565 1111 3624 cedere
1138 3563 1422 3628 termnnis,
1471 3557 1789 3616 laedentibus
1827 3555 2078 3610 omnibus

489 3637 828 3736 superiorem
876 3672 997 3714 esse
1045 3671 1060 3709 :
1111 3655 1198 3710 cui
1250 3651 1378 3724 quid
1426 3667 1521 3721 par
1549 3663 1671 3705 esse
1699 3645 1916 3736 possit?
1944 3637 2078 3700 Illud

491 3735 637 3814 enim
665 3769 732 3809 ne
762 3753 808 3808 is
827 3749 1040 3822 quidem
1067 3743 1479 3818 quidiademate
1525 3740 1823 3804 redimitur,
1855 3735 1958 3792 sibi
1985 3751 2081 3807 po-

494 3857 600 3904 test
619 3857 955 3914 comparare,
985 3838 1080 3895 sed
1108 3837 1198 3893 ille
1222 3835 1371 3892 solus
1399 3835 1489 3905 qui
1519 3830 1702 3888 virtuti
1723 3829 1817 3885 dat
1837 3841 2079 3898 operam.

495 3940 614 4009 Ipse
636 3935 832 4007 quippe
861 3931 1006 3988 solus
1035 3928 1151 3984 haec
1182 3941 1306 3982 cum
1345 3937 1538 3996 magno
1562 3921 1778 3980 cumulo
1817 3919 2079 3991 possidet,

497 4030 551 4084 in
583 4028 686 4082 hoc
711 4021 1053 4095 praesentium
1083 4033 1263 4075 rerum
1292 4017 1482 4086 euripo
1527 4013 1692 4069 multa
1723 4012 1906 4066 fruens
1935 4020 2083 4065 trau-

496 4119 779 4192 quillitate.
806 4114 940 4170 Nam
969 4111 1112 4184 quod
1149 4109 1394 4166 mirabile
1418 4115 1521 4175 est,
1558 4121 1680 4163 cum
1709 4104 1854 4160 nulla
1881 4101 2086 4158 sereni-

496 4223 579 4268 tas
602 4212 690 4276 sit,
720 4208 816 4266 sed
839 4214 1126 4277 tempestas
1149 4203 1440 4259 vehemens
1460 4209 1516 4256 et
1545 4199 1708 4255 multa
1731 4196 2082 4269 perturbatio,

495 4306 848 4378 plurimaeque
874 4301 1216 4365 tentationes,
1241 4312 1347 4351 non
1373 4301 1549 4366 potest
1575 4293 1689 4363 ipse
1716 4289 1798 4347 vel
1819 4288 2084 4344 tantillum

499 4409 706 4454 nutare.
737 4394 869 4450 Nam
918 4393 1032 4460 ait,
1061 4390 1152 4446 25.
1200 4386 1470 4443 Descendit
1497 4383 1687 4453 pluuia,
1708 4389 1949 4438 uenerunt
1983 4380 2085 4450 ﬂu-

498 4490 670 4554 mina,
710 4488 958 4556 ﬂaverunt
985 4483 1135 4548 venti,
1165 4490 1210 4538 et
1233 4482 1491 4535 irruerunt
1515 4479 1569 4536 in
1605 4477 1810 4531 domum
1843 4473 2006 4537 illaut,
2038 4481 2083 4526 et

499 4597 603 4635 non
630 4577 846 4632 cecidit:
877 4575 1089 4644 fundata
1122 4573 1254 4626 enim
1274 4579 1380 4625 erat
1401 4585 1558 4638 supra
1587 4573 1781 4637 petram
1809 4579 1828 4616 :
1856 4563 2085 4635 pluviam

501 4673 588 4729 hic
615 4680 672 4727 et
697 4669 938 4732 flumina,
967 4676 1021 4720 et
1059 4673 1247 4720 ventos
1275 4659 1639 4732 metaphorice
1669 4671 1870 4712 vocans
1901 4655 2088 4709 huma-

501 4778 600 4820 nas
619 4759 954 4817 calamitates
977 4763 1033 4811 et
1053 4765 1343 4819 aerumnas,
1371 4748 1620 4805 videlicet
1645 4744 1940 4802 calumnias
1961 4784 1975 4805 ,
2010 4743 2090 4797 iu-

499 4855 664 4911 sidias
691 4893 708 4920 ,
736 4854 910 4907 luctus
932 4889 948 4912 .
981 4854 1182 4903 mortes
1201 4886 1218 4911 ,
1245 4842 1539 4899 domestica
1578 4838 1792 4905 damna,
1817 4837 2090 4892 molestias

501 4948 571 5002 ab
598 4943 789 5000 alienis
811 4948 1038 5004 creatas,
1063 4935 1348 5006 omniaque
1375 4939 1569 4989 caatera
1593 4929 1733 4986 mala
1759 4929 1813 4984 in
1846 4943 2089 5000 praesen-

503 5051 612 5096 tem
643 5042 806 5092 vitam
839 5031 1162 5104 ingruentia.
1194 5028 1298 5085 Sed
1322 5022 1628 5096 ltujusmodi
1657 5021 1866 5085 anima,
1896 5017 2086 5089 inquit,

511 5132 644 5187 nulli
671 5131 748 5185 rei
787 5128 932 5184 cedit
963 5143 977 5180 :
1010 5121 1168 5194 hujus
1196 5129 1376 5177 autem
1419 5118 1497 5174 rei
1521 5131 1683 5172 causa
1709 5123 1826 5180 est,
1852 5113 1993 5184 quod
2024 5110 2094 5166 sit

506 5237 671 5295 supra
703 5230 906 5292 petram
935 5214 1171 5274 fundata.
1201 5212 1413 5269 Petram
1443 5217 1622 5266 autem
1653 5214 1810 5263 vocat
1831 5204 2093 5262 doctrina:

507 5327 620 5366 sua.-
647 5311 972 5366 firmitatem.
1001 5305 1211 5363 Etenim
1235 5314 1382 5374 petra
1408 5299 1627 5356 fortiora
1653 5306 1779 5353 sunt
1802 5304 2090 5368 przecepta,

508 5401 887 5471 hominemque
909 5397 1112 5456 faciunt
1140 5395 1387 5453 humanis
1402 5393 1653 5449 omnibus
1673 5389 1925 5446 fluctibus
1943 5404 2095 5460 supe-

510 5491 730 5550 riorem.
747 5490 850 5560 Qui
877 5489 1022 5547 enim
1050 5488 1168 5546 haec
1189 5487 1472 5558 diligenter
1495 5482 1766 5549 observat,
1799 5493 1905 5536 uon
1933 5477 2094 5537 modo

575 5666 590 5701 ³
613 5668 815 5733 Quidam
841 5668 1172 5732 blanuscripti,
1187 5667 1234 5715 et
1256 5667 1364 5714 ante
1383 5659 1695 5728 pttnitt'oncm.

1210 243 1270 300 S.
1309 238 1588 300 JOANNIS
1624 233 2099 296 CllllYSOSTOMl
2137 233 2458 293 ARCHIEP.
2489 236 3027 296 CONSTANTINOP.

3646 241 3747 299 398

2170 348 2476 406 hominibus
2501 366 2697 408 nocere
2717 351 3047 408 tentantibus
3071 352 3317 424 superior
3337 353 3460 421 erit,
3478 352 3571 408 sed
3589 356 3744 411 etiam

2171 441 2303 514 ipsis
2327 441 2661 499 daemonibus
2685 442 3083 498 insidiantibus.

2265 535 2318 590 5.
2363 535 2491 590 Sola
2536 536 2692 590 uirtus
2719 536 3070 590 inconcussam
3121 537 3257 607 parit
3307 536 3468 590 animi
3515 537 3747 608 quietem.

2171 623 2340 681 Probo
2357 625 2530 680 nullus
2550 634 2709 697 patest
2726 641 2926 680 nocere.
2953 625 2983 680 l
2989 626 3182 696 mprobi
3217 626 3400 681 multo:
3416 627 3657 681 sustinent
3677 629 3753 682 la.

2169 717 2407 770 bores.—
2425 715 2578 784 Quod
2609 724 2789 771 autem
2818 715 2933 771 hmc
2951 731 3057 770 non
3086 731 3185 786 per
3199 716 3510 786 jactantiam
3545 717 3652 772 sint
3681 719 3755 772 di-

2168 816 2277 871 cta,
2302 807 2455 862 testis
2483 806 2638 861 nobis
2665 816 2750 862 est
2778 805 2912 872 Job,
2945 807 3034 876 qui
3073 821 3261 860 omnes
3293 804 3490 860 diaboli
3527 806 3756 876 impetus

2169 899 2420 969 excepit,
2464 899 2823 968 immotusque
2871 898 3067 952 mansit
3096 915 3109 951 :
3140 898 3408 953 testificari
3439 909 3666 969 possunt
3705 910 3758 953 et

2169 992 2424 1062 apostoli,
2453 992 2544 1063 qui
2569 992 2819 1046 omnibus
2839 991 2988 1046 orbis
3019 990 3266 1047 ﬂuctibus
3293 992 3346 1046 in
3367 1007 3425 1047 se
3454 992 3751 1060 irrumpcno
3787 1047 3794 1062 ,

2178 1083 2342 1152 tibus,
2377 1085 2590 1154 populis
2628 1084 2777 1148 item,
2809 1085 3082 1155 tyrannis,
3115 1082 3425 1138 domesticis
3465 1093 3519 1138 et
3545 1084 3757 1144 alienis,

2169 1176 2524 1240 daemonibus,
2551 1175 2788 1240 diabolo,
2819 1177 3072 1246 omnique
3100 1177 3316 1231 admota
3366 1174 3609 1230 machina
3631 1217 3646 1239 ,
3674 1174 3761 1231 his

2173 1267 2362 1321 solutis
2383 1266 2632 1321 omnibus
2655 1308 2670 1332 ,
2699 1275 2849 1336 petra
2881 1264 3143 1320 lirmiores
3180 1274 3465 1321 steterunt.
3498 1264 3637 1332 Quid
3667 1265 3758 1335 igi-

2172 1364 2258 1410 tur
2288 1354 2587 1426 hujusmodi
2616 1356 2722 1410 vita
2741 1355 2948 1411 beatius
2974 1371 3094 1412 esse
3119 1355 3327 1427 possit?
3356 1355 3469 1410 Hoc
3487 1354 3629 1410 enim
3655 1371 3757 1411 non

2170 1450 2390 1516 divitiae,
2419 1465 2526 1506 non
2553 1452 2799 1522 corporis
2839 1452 3008 1506 robur
3028 1491 3044 1517 ,
3074 1466 3179 1506 non
3204 1450 3374 1521 gloria
3396 1490 3411 1517 ,
3441 1465 3546 1504 non
3577 1462 3760 1521 poten-

2175 1540 2265 1603 tia,
2296 1555 2466 1610 neque
2491 1541 2633 1596 aliud
2657 1540 2951 1612 quidpiam,
2985 1541 3080 1596 sed
3112 1541 3226 1596 sola
3250 1541 3461 1611 virtutis
3492 1542 3759 1610 possessio

2175 1635 2369 1699 poterit
2387 1631 2692 1687 conciliare.
2717 1631 2828 1687 Non
2860 1640 3034 1701 potest
3070 1633 3238 1696 enim,
3279 1646 3386 1686 non
3414 1641 3590 1700 potest
3614 1643 3759 1690 certe

2173 1721 2273 1774 alia
2305 1721 2525 1791 reperiri
2559 1721 2663 1775 vita
2699 1722 2854 1776 malis
2880 1721 3132 1777 omnibus
3161 1722 3345 1787 libera,
3381 1721 3482 1775 nisi
3521 1721 3637 1776 haec
3662 1737 3762 1778 una

2177 1820 2402 1866 tantum.
2434 1812 2542 1868 Vos
2575 1829 2787 1884 quoque
2819 1823 2983 1869 testes
3007 1815 3160 1880 estis,
3188 1815 3279 1883 qui
3313 1813 3506 1870 videtis
3538 1815 3592 1869 in
3625 1815 3762 1884 regis

2174 1903 2416 1969 insidias,
2436 1905 2522 1976 qui
2557 1907 2816 1962 tumultus
2844 1916 2899 1962 et
2928 1907 3362 1977 perturbationes
3381 1909 3694 1978 conspicitis
3712 1909 3763 1960 in

2174 1993 2401 2050 divitum
2453 1995 2680 2052 :edibus.
2727 1995 2835 2052 Sed
2886 1997 3026 2067 apud
3075 1999 3346 2068 apostolos
3392 1997 3524 2052 nihil
3571 1997 3760 2054 simile.

2173 2083 2314 2152 Quid
2345 2086 2550 2156 igitur?
2579 2102 2645 2143 an
2673 2086 2806 2142 nihil
2855 2087 2961 2143 tale
2995 2088 3201 2158 experti
3229 2090 3394 2144 sunt?
3422 2089 3627 2144 nihilne
3652 2104 3764 2144 me-

2175 2175 2367 2230 lestum
2395 2175 2463 2231 ab
2488 2177 2666 2248 aliquo
2693 2187 2819 2233 sunt
2845 2179 3122 2248 perpessi?
3153 2178 3259 2235 Sed
3284 2179 3386 2236 hoc
3403 2180 3644 2236 omnium
3667 2180 3764 2233 mi-

2174 2265 2555 2322 rabilissimam
2582 2268 2834 2340 est,quod
2861 2269 3058 2324 multas
3079 2270 3220 2340 passi
3249 2271 3355 2324 sint
3381 2269 3764 2341 insidias,un

2175 2360 2358 2416 multm
2383 2370 2729 2432 tempestates
2774 2362 2828 2417 in
2867 2377 2963 2418 eos
3012 2363 3338 2434 irruperint,
3381 2379 3499 2434 qua:
3531 2365 3765 2434 ipsorum

2176 2453 2410 2506 animum
2445 2467 2550 2508 non
2579 2462 2920 2520 everterunt,
2953 2469 3127 2524 neque
3156 2453 3368 2510 illorum
3406 2455 3764 2510 constantiam

2177 2541 2448 2614 fregerunt
2473 2558 2488 2607 ;
2521 2544 2628 2598 imo
2656 2542 2817 2599 etiam
2848 2544 3004 2599 nudis
3033 2544 3345 2614 corporibus
3365 2555 3669 2616 pugnantes
3687 2547 3766 2600 ri-

2176 2641 2364 2688 cerunt
2381 2673 2398 2700 ,
2456 2633 2865 2706 superioresque
2894 2643 3201 2691 evaserunt.
3226 2635 3294 2690 Et
3321 2647 3374 2690 tu
3401 2637 3584 2707 itaque
3611 2637 3658 2692 si
3684 2652 3768 2691 vc.

2176 2726 2244 2782 lis
2274 2724 2393 2782 haec
2419 2735 2669 2782 accurate
2713 2726 3022 2794 observare,
3050 2727 3229 2782 omnia
3255 2726 3528 2783 deridebis
3562 2744 3575 2780 :
3610 2727 3765 2782 modo

2178 2818 2320 2874 enim
2349 2817 2534 2872 harum
2572 2817 3004 2873 adhortationum
3033 2817 3369 2888 philosophia
3403 2816 3646 2874 munitus
3672 2818 3763 2883 sis,

2180 2908 2309 2965 nihil
2342 2917 2394 2964 te
2420 2910 2472 2963 in
2495 2923 2783 2965 maerorem
2804 2908 3074 2980 conjicere
3099 2910 3314 2980 poterit.
3340 2907 3398 2964 lu
3423 2925 3531 2980 quo
3553 2909 3697 2966 enim
3720 2920 3768 2964 te

2181 2999 2337 3055 Itedet
2365 3000 2409 3054 is
2437 2999 2526 3070 qui
2570 2997 2793 3056 insidias
2816 3000 3110 3055 struxerit?
3139 3015 3208 3054 an
3239 3000 3493 3070 pecunias
3513 2999 3716 3056 auferet
3744 2999 3766 3052 2

2180 3091 2287 3149 Sed
2307 3100 2435 3148 ante
2461 3092 2632 3147 minas
2663 3091 2801 3146 illius
2826 3091 3009 3162 jussus
3038 3105 3098 3147 es
3147 3091 3264 3146 illas
3290 3099 3641 3148 contemnere
3662 3131 3678 3156 ,
3721 3100 3771 3144 et

2181 3172 2253 3264 ita
2279 3181 2348 3238 ab
2377 3182 2482 3239 illis
2509 3184 2750 3240 animum
2775 3184 3065 3252 abducere,
3093 3193 3153 3239 ut
3178 3199 3465 3255 numquam
3494 3199 3524 3238 a
3549 3183 3769 3240 Domino

2180 3276 2489 3347 huiusmodi
2519 3275 2791 3348 quidpiam
2824 3285 2998 3347 petas.
3025 3275 3130 3333 Sed
3166 3285 3217 3331 te
3260 3276 3312 3330 in
3338 3290 3612 3332 carcerem
3646 3290 3768 3330 con-

2183 3367 2369 3423 iiciet?
2399 3368 2468 3423 At
2495 3377 2620 3423 ante
2652 3382 2925 3423 carcerem
2975 3367 3047 3422 ita
3079 3376 3131 3423 te
3160 3368 3342 3423 vivere
3388 3368 3686 3438 praecepit,
3713 3375 3768 3420 ut

2181 3459 2380 3515 mundo
2396 3461 2613 3516 omnino
2639 3461 2925 3516 crucifixus
2943 3461 3036 3516 sis.
3064 3460 3168 3516 Sed
3187 3459 3327 3517 male
3348 3460 3415 3517 de
3437 3469 3490 3517 te
3513 3458 3770 3532 loquitur?

2185 3550 2381 3606 Verum
2436 3549 2540 3606 hoc
2583 3561 2634 3607 te
2666 3550 2854 3606 dolore
2901 3551 3151 3606 liberavit
3186 3550 3432 3606 Christus
3457 3593 3473 3618 ,
3504 3550 3636 3607 dum
3677 3550 3767 3609 tibi

2183 3645 2426 3711 multam,
2459 3643 2602 3698 citra‘
2633 3643 2893 3711 laborem,
2927 3643 3199 3714 patientia:
3221 3644 3493 3713 pollicitus
3519 3652 3608 3700 est
3631 3658 3769 3699 mer-

2183 3734 2391 3801 cedem,
2413 3743 2574 3805 atque
2602 3735 2672 3790 ita
2701 3743 2753 3790 te
2793 3749 2983 3805 purum
3013 3733 3080 3790 ah
3120 3733 3421 3806 hujusmotli
3480 3736 3561 3791 ira
3601 3744 3657 3791 et
3696 3735 3771 3790 la.

2185 3827 2316 3884 bore
2343 3827 2595 3893 reddidit,
2627 3836 2686 3882 ut
2706 3828 2927 3898 jusserit
2957 3827 3120 3883 etiam
3151 3843 3250 3899 pro
3287 3827 3520 3884 inimicis
3549 3843 3708 3884 orare
3729 3829 3767 3880 '.

2183 3918 2289 3974 Sed
2317 3917 2462 3988 pellit
2487 3927 2539 3974 te
2553 3925 2609 3972 et
2634 3918 2929 3973 innumeris
2957 3917 3171 3975 obsidet
3196 3917 3397 3973 malis?
3428 3920 3499 3973 At
3525 3918 3769 3988 Splendi-

2185 4009 2388 4066 diorem
2409 4009 2503 4064 tibi
2533 4019 2684 4080 parat
2709 4025 2983 4065 coronam.
3011 4009 3114 4066 Sed
3146 4019 3198 4066 te
3225 4009 3422 4066 occidit
3445 4019 3498 4066 et
3511 4009 3764 4080 jugulat!

2186 4101 2276 4159 Sic
2313 4101 2433 4157 ideo
2477 4101 2713 4158 maxime
2743 4101 2835 4157 tibi
2861 4101 3178 4157 beneficium
3205 4109 3444 4171 praestat,
3473 4111 3768 4174 martyrum

2190 4196 2280 4251 tibi
2312 4194 2527 4265 prtemia
2551 4209 2764 4264 parans,
2781 4201 2837 4249 et
2859 4193 3016 4249 citius
3039 4203 3090 4249 te
3117 4194 3336 4248 mittens
3352 4192 3404 4248 in
3424 4193 3766 4263 tranquillum

2191 4295 2422 4358 portum,
2451 4285 2774 4356 majorisque
2816 4284 2910 4339 tibi
2949 4283 3316 4342 retributionis
3361 4283 3494 4338 dans
3532 4283 3750 4340 occasio

2191 4396 2335 4446 nem,
2362 4395 2426 4434 ac
2452 4379 2545 4434 tibi
2591 4377 2881 4449 providens
2899 4417 2916 4445 ,
2945 4387 3003 4432 ut
3029 4392 3058 4430 a
3087 4377 3361 4432 communi
3385 4376 3469 4430 illa
3501 4373 3772 4430 reddenda

2193 4473 2398 4527 ratione
2425 4479 2477 4526 te
2506 4468 2775 4540 expedias.
2813 4467 2977 4538 quue
3015 4468 3249 4522 maxime
3290 4467 3530 4522 omnium
3575 4468 3773 4522 miran-

2191 4565 2316 4620 dmn
2345 4572 2449 4631 est,
2478 4563 2619 4634 quod
2651 4576 2841 4632 nempe
2863 4576 2969 4617 non
2995 4560 3154 4616 tnodo
3172 4560 3304 4615 nihil
3331 4559 3529 4615 laedant
3553 4559 3774 4615 insidia-

2194 4667 2360 4725 tores,
2391 4656 2486 4713 sed
2511 4657 2671 4712 etiam
2697 4653 3088 4726 splendidiores
3113 4654 3233 4710 illos
3260 4652 3488 4709 reddant
3511 4667 3648 4724 quos
3675 4651 3770 4706 im-

2193 4760 2399 4822 petunt.
2443 4745 2539 4804 Cui
2580 4747 2720 4804 bono
2749 4745 2878 4818 quid
2917 4761 3013 4816 par
3055 4759 3306 4815 umquam
3337 4743 3538 4809 fuerit,
3569 4741 3778 4813 quando

2194 4843 2316 4898 talis
2356 4840 2605 4911 deligitur
2647 4839 2772 4905 vita,
2822 4837 2997 4909 qualis
3036 4838 3152 4892 hau:
3199 4835 3314 4891 sola
3351 4835 3607 4892 exsistit?
3648 4832 3776 4901 Quia
3826 4847 3828 4849 ’

2195 4935 2336 4990 enim
2358 4933 2565 4990 dixerat
2587 4938 2789 4988 arctam
2816 4937 2868 4985 et
2897 4938 3174 5000 angustam
3204 4943 3327 4984 esse
3351 4927 3511 4995 viam,
3538 4925 3666 4981 'tinc
3695 4926 3771 4978 la-

2195 5027 2341 5083 boris
2358 5024 2777 5082 consolationem
2801 5022 3053 5090 aﬂ‘erens,
3083 5020 3316 5077 ostendit
3342 5035 3588 5092 magnam
3619 5019 3671 5073 in
3690 5017 3774 5072 illa

2196 5136 2317 5178 esse
2344 5119 2710 5184 securitatem,
2741 5131 2986 5188 magnam
3009 5115 3338 5185 voluptatem
3362 5151 3380 5180 ,
3404 5112 3540 5168 sicut
3571 5112 3625 5167 in
3650 5125 3778 5166 con-

2197 5214 2361 5270 traria
2389 5227 2636 5285 magnam
2665 5210 2982 5282 pravitatem
3003 5209 3046 5274 ’,
3072 5209 3260 5279 ingens
3287 5205 3562 5261 damnum.
3592 5203 3780 5273 Quem-

2196 5303 2654 5382 admodumgenim
2683 5303 2807 5358 hinc
2837 5300 3048 5357 virtutis
3077 5299 3296 5370 praemia
3325 5296 3645 5353 monstravit
3663 5334 3681 5362 ,
3701 5293 3776 5348 sic

2197 5407 2252 5456 et
2269 5396 2518 5470 nequitiae
2537 5393 2963 5452 retributionem.
2988 5391 3122 5450 Natu
3143 5389 3286 5463 quod
3307 5386 3486 5445 dicere
3506 5383 3778 5449 consuevi.

2872 5489 2892 5521 Ι

2264 5595 2281 5626 ί
2317 5590 2412 5644 Alii
2429 5604 2528 5642 non
2549 5590 2711 5654 pauci,
2731 5587 2878 5654 etiam
2898 5599 2990 5651 pro
3008 5585 3095 5640 illo
3112 5599 3276 5640 orare.

2264 5657 2286 5687 ‘
2318 5654 2432 5717 Alii,
2455 5649 2679 5717 magnam
2701 5649 3031 5705 temeritatem.
