3918 6290
350 401 460 471 γὰρ
483 393 603 452 εἷπε
635 393 826 468 στενὴν
873 395 966 450 καὶ
1014 396 1381 470 τεθλιμμένην
1412 399 1511 472 τὴν
1547 401 1685 469 666v,
1735 399 2028 456 κάντεῦθεν

347 479 852 554 παραμυθούμενος
897 481 1024 546 τοὺς
1066 482 1296 546 πόνους,
1348 482 1586 538 δείκνυσι
1621 485 1820 555 πολλὴν
1863 483 2032 553 αὐτῆς

357 562 524 618 οὖσαν
578 563 678 636 τὴν
711 563 1030 632 ἀσφάλειαν,
1082 564 1285 635 πολλὴν
1315 566 1414 636 τὴν
1453 567 1669 638 ἡδονὴν,
1717 567 1905 637 ὥσπερ
1939 562 2031 620 οῦν

353 646 448 701 καὶ
475 645 573 716 τῆς
601 644 854 708 ἐναντίας
881 645 1081 716 πολλὴν
1109 646 1204 716 τὴν
1227 647 1535 718 σαθρότητα
1553 650 1648 703 καὶ
1675 650 1772 720 τὴν
1805 647 2027 718 ζημίαν.

358 729 622 800 Καθάπερ
650 728 760 798 γάρ
792 727 892 797 τῆς
937 728 1137 799 ἀρετῆς
1173 729 1468 784 κάντεῦθεν
1505 730 1672 795 ἔδειξε
1709 730 1778 784 τά
1802 728 2030 788 ἔπαθλα,

353 814 497 868 οὓτω
529 812 623 864 καὶ
665 812 764 880 τῆς
817 811 1014 874 κακίας
1059 813 1126 864 τά
1171 813 1443 882 ἐπίχειρα.
1479 815 1590 866 Καὶ
1629 813 1736 885 γὰρ
1769 814 1906 882 ὅπερ
1947 810 2033 864 ἀεὶ

352 897 530 966 λέγω,
560 893 718 948 τοῦτο
757 893 851 946 καὶ
879 893 972 946 νῦν
999 893 1130 964 ἐρῶ,
1160 893 1226 946 δι’
1259 895 1583 966 ἀμφοτέρων
1625 894 1903 965 πανταχοῦ
1927 909 2030 946 κα-

354 979 682 1043 τασκευάζει
726 976 835 1030 τῶν
873 975 1155 1047 ἀκροατῶν
1201 975 1300 1047 τὴν
1362 979 1659 1049 σωτηρίαν,
1715 977 1802 1032 διά
1832 994 1890 1029 τε
1935 975 2030 1029 τοῦ

357 1063 518 1134 ζήλου
541 1061 642 1130 τῆς
663 1059 886 1131 ἀρετῆς,
916 1058 1004 1112 διά
1024 1075 1081 1111 τε
1108 1056 1204 1112 τοῦ
1226 1061 1324 1129 τῆς
1350 1059 1548 1122 κακίας
1568 1060 1778 1130 μίσους.
1813 1058 2030 1112 Ἐπειδί

356 1147 466 1217 γὰρ
495 1143 720 1214 ἔμελλόν
749 1157 892 1204 τινες
924 1135 1085 1205 εἶναι,
1115 1139 1183 1194 τὰ
1209 1141 1310 1212 μὲν
1341 1140 1609 1213 λεγόμενα
1640 1141 2029 1213 θαυμάζοντες,

355 1227 455 1297 τὴν
478 1227 534 1280 δὲ
562 1225 650 1278 διά
675 1223 785 1277 τῶν
816 1223 994 1293 ἔργων
1032 1223 1093 1276 οὐ
1134 1223 1467 1295 παρέχοντες
1514 1225 1792 1289 ἐπίδειξιν,
1825 1241 2032 1295 προκα-

355 1309 718 1380 ταλαμϐάνων
755 1305 953 1368 αὐτοὺς
999 1305 1156 1374 φοϐεῖ
1199 1305 1396 1375 λέγων,
1444 1309 1524 1360 ὅτι
1569 1309 1615 1361 εἰ
1652 1310 1747 1361 καὶ
1784 1307 1924 1360 καλά
1961 1306 2031 1361 τά

356 1392 642 1464 εἰρημένα,
674 1390 774 1442 οὐκ
801 1389 961 1460 ἀρκεῖ
983 1389 1062 1453 εἰς
1088 1389 1388 1457 ἀσφάλειαν
1413 1391 1446 1461 ἡ
1477 1391 1758 1462 ἀκρόασις,
1788 1390 1925 1444 ἀλλά
1950 1389 2030 1443 δεῖ

356 1476 450 1528 καὶ
490 1474 589 1544 τῆς
619 1473 708 1526 διὰ
735 1472 844 1524 τῶν
884 1470 1062 1542 ἔργων
1100 1471 1350 1540 ὑπακοῆς
1368 1512 1383 1537 ,
1414 1473 1508 1525 καὶ
1539 1473 1600 1525 τὸ
1628 1475 1736 1528 πᾶν
1770 1475 1828 1527 ἐν
1857 1473 2029 1544 τούτῳ

360 1555 598 1629 μάλιστά
620 1555 756 1607 ἐστι.
781 1551 885 1606 Καὶ
908 1551 1139 1606 ἐνταῦθα
1161 1552 1420 1608 καταλύει
1441 1555 1529 1608 τὸν
1549 1554 1726 1624 λόγον,
1751 1555 1845 1609 τὸν
1867 1556 2028 1624 φόϐον

355 1641 538 1702 αὐτοῖς
577 1638 954 1708 ἐνακμάζοντα
974 1636 1020 1669 ’⁸
1049 1637 1228 1707 ἀφείς.
1266 1637 1476 1708 Ὠσπερ
1503 1637 1612 1710 γάρ
1642 1639 1736 1692 ἔπί
1770 1638 1868 1710 τῆς
1898 1639 2028 1710 ἀρε-

354 1723 455 1793 τῆς
475 1721 576 1774 οὐκ
609 1720 716 1774 ἀπὸ
745 1719 852 1773 τῶν
884 1717 1184 1790 μελλόντων
1206 1719 1510 1792 προέτρεψε
1539 1721 1722 1792 μόνον,
1751 1720 2026 1791 βασιλείαν

355 1802 549 1864 εἰπὼν,
579 1803 672 1856 καὶ
699 1797 983 1873 οὐρανοὺς,
1018 1803 1112 1856 καὶ
1144 1801 1333 1874 μισθὸν
1371 1804 1599 1872 ἄφατον,
1627 1804 1722 1858 καὶ
1748 1803 2028 1876 παράκλη-

358 1901 462 1952 σιν,
499 1887 593 1940 καὶ
623 1885 693 1938 τά
719 1885 888 1956 μυρία
924 1885 1125 1954 ἀγαθὰ,
1159 1884 1298 1938 ἀλλά
1333 1886 1426 1940 καὶ
1455 1886 1563 1940 ἀπὸ
1589 1886 1698 1939 τῶν
1720 1887 2023 1958 παρόντων,

353 1969 418 2024 τὸ
451 1970 675 2041 στερρὸν
702 1969 796 2022 καὶ
815 1967 1068 2038 ἀκίνητον
1088 1967 1464 2038 ἐνδειξάμενος
1497 1969 1595 2038 τῆς
1617 1969 1818 2040 πέτρας
1837 1985 1851 2000 ·
1885 1967 2027 2021 οὐτω

355 2053 452 2107 καὶ
483 2053 576 2106 ἐπὶ
603 2053 700 2122 τῆς
733 2051 926 2112 κακίας
966 2050 1067 2102 οὐκ
1103 2049 1212 2103 άπὸ
1237 2050 1345 2102 τῶν
1376 2051 1842 2121 προσδοκωμένων
1872 2050 2029 2120 φοϐεῖ

359 2137 542 2209 μόνον,
565 2130 677 2189 οἷον
701 2133 796 2188 τοῦ
819 2133 1154 2204 κοπτομένου
1179 2133 1418 2204 δένδρου,
1442 2133 1648 2187 καὶτοῦ
1683 2133 1834 2206 [504]
1857 2135 2028 2206 πυρὸς

351 2220 448 2274 τοῦ
491 2218 779 2282 ἀσϐέστου,
815 2217 908 2270 καί
941 2216 1034 2270 τοῦ
1066 2216 1138 2289 μὴ
1173 2215 1432 2269 εἰσελθεῖν
1476 2217 1553 2280 εἰς
1595 2217 1695 2289 τὴν
1726 2216 2024 2288 βασιλείαν,

354 2305 450 2358 καὶ
494 2301 586 2356 τοῦ
635 2300 834 2368 λέγειν,
883 2301 1006 2353 Οὐκ
1055 2295 1190 2352 οἶδα
1233 2296 1388 2368 ὑμᾶς
1411 2315 1426 2330 ⁸
1472 2298 1608 2353 ἀλλά
1650 2301 1745 2353 καὶ
1781 2299 1888 2353 ἀπὸ
1918 2301 2027 2354 τῶν

353 2388 658 2459 παρόντων,
688 2384 788 2454 τῆς
827 2383 1087 2446 πτώσεως
1111 2382 1252 2451 λέγω
1279 2383 1378 2452 τῆς
1415 2382 1555 2436 κατὰ
1580 2384 1679 2455 τὴν
1710 2382 1907 2438 οἰκίαν.
1936 2383 2027 2437 Διὸ

353 2473 450 2527 καὶ
489 2467 964 2542 ἐμφαντικώτερον
1015 2465 1107 2520 τὸν
1144 2465 1300 2535 λόγον
1352 2465 1626 2536 ἐποίησεν,
1658 2465 1752 2519 ἐπὶ
1785 2465 2028 2538 παραϐο-

352 2555 452 2626 λῆς
493 2554 624 2608 αὐτὸ
656 2555 700 2584 ³⁸
754 2549 1069 2622 γυμνάζων.
1128 2549 1261 2604 Οὐδὲ
1303 2548 1413 2620 γὰρ
1465 2545 1532 2620 ἦν
1567 2550 1742 2603 εἰπεῖν
1769 2550 1903 2614 ἴσον,
1943 2551 2027 2604 ὅτι

352 2638 650 2710 ἀχείρωτος
688 2633 841 2688 ἔσται
885 2635 915 2687 6
953 2634 1237 2704 ἐνάρετος,
1269 2633 1366 2686 καὶ
1397 2631 1666 2696 εὐάλωτος
1701 2633 1732 2684 6
1771 2632 2025 2702 πονηρὸς,

352 2721 450 2776 καὶ
483 2720 687 2789 πέτραν
722 2717 915 2782 θεῖναι,
946 2717 1040 2769 καὶ
1069 2715 1266 2780 οἰκίαν,
1299 2717 1394 2770 καὶ
1422 2720 1721 2787 ποταμοὺς,
1756 2716 1851 2770 καὶ
1895 2717 2025 2788 βρο-

352 2807 474 2876 χὴν,
499 2803 593 2857 καὶ
615 2801 836 2869 ἄνεμον,
867 2801 960 2854 καὶ
983 2800 1082 2854 ὅσα
1107 2800 1352 2854 τοιαῦτα.
1378 2800 1487 2854 Καὶ
1508 2803 1552 2834 ³¹
1583 2799 1703 2867 πᾶς
1730 2805 1764 2855 ό
1789 2802 2028 2856 ἀκούων

346 2905 466 2958 μου
513 2884 655 2950 τοὺς
683 2884 907 2951 λόγους
940 2883 1213 2948 τούτους,
1263 2881 1418 2952 φησὶ,
1453 2883 1549 2936 καί
1574 2883 1660 2952 μὴ
1694 2883 1882 2937 ποιῶν
1921 2884 2028 2937 αὐ-

350 2969 515 3034 τοὺς,
559 2964 987 3035 ὁμοιωθήσεται
1031 2963 1202 3031 ἀνδρί
1235 2963 1430 3033 μωρῷ,
1474 2963 1643 3031 ὅστις
1681 2964 2030 3036 ᾠκοδόμησε

349 3051 467 3119 τὴν
497 3049 694 3103 οἰκίαν
715 3046 900 3101 αὐτοῦ
926 3045 1024 3100 ἐπὶ
1058 3046 1172 3113 τὴν
1189 3045 1438 3116 ψάμμον
1457 3047 1526 3101 ³⁸.
1550 3046 1742 3109 Καλῶς
1764 3046 1820 3099 δὲ
1849 3047 2028 3120 μωρὸν

352 3135 579 3190 ἐκάλεσε
622 3130 812 3185 τοῦτον
827 3129 895 3183 ’⁸.
930 3129 995 3182 Τί
1040 3129 1150 3201 γάρ
1179 3129 1247 3184 ἂν
1295 3129 1503 3197 γένοιτο
1544 3129 1897 3201 ἀνοητότερον
1933 3129 2028 3184 τοῦ

350 3216 527 3270 οἰκίαν
568 3211 972 3283 οἰκοδομοῦντος
1022 3212 1116 3264 ἐπὶ
1173 3211 1272 3281 τῆς
1330 3210 1582 3282 ψάμμου,
1637 3212 1734 3265 καὶ
1781 3212 1873 3266 τὸν
1931 3212 2029 3284 μὲν

351 3301 514 3354 πόνον
560 3297 941 3366 ὑπομένοντος,
971 3294 1067 3348 τοῦ
1093 3294 1149 3347 δέ
1177 3294 1392 3366 καρποῦ
1419 3294 1515 3348 καὶ
1543 3295 1640 3366 τῆς
1662 3294 2026 3360 ἀναπαύσεως

351 3381 844 3455 ἀποστερουμένου,
867 3381 962 3433 καὶ
999 3379 1120 3433 ἀντὶ
1161 3377 1353 3432 τούτου
1380 3378 1600 3432 κόλασιν
1631 3379 2025 3450 ὐπομένοντοςς

289 3466 297 3474 ’
353 3471 472 3524 ’Ὁτι
502 3469 610 3539 γὰρ
641 3467 737 3520 καὶ
770 3465 820 3518 οἰ
864 3464 1062 3518 κακίαν
1094 3463 1370 3534 μετιόντες
1409 3463 1700 3534 κάμνουσι,
1731 3463 1896 3518 παντί
1923 3481 2028 3518 που

347 3552 508 3623 δῆλόν
539 3555 652 3610 ἐστι
678 3566 690 3579 ·
721 3549 816 3603 καὶ
844 3549 954 3618 γὰρ
979 3546 1074 3600 καὶ
1102 3548 1146 3579 ⁸⁸
1172 3548 1202 3600 6
1224 3546 1426 3617 ἅρπαξ,
1454 3546 1547 3601 καὶ
1573 3549 1602 3602 6
1640 3546 1846 3619 μοιχὸς,
1876 3548 1970 3602 καὶ
1999 3549 2029 3602 6

351 3637 691 3704 συκοφάντης
711 3630 880 3686 πολλὰ
898 3629 1121 3684 πονοῦσι
1143 3631 1238 3684 καὶ
1257 3629 1754 3702 ταλαιπωροῦνται,
1774 3629 1914 3686 ὥστε
1928 3630 2028 3702 τὴν

348 3719 530 3774 αὐτῶν
580 3717 778 3771 κακίαν
830 3716 911 3777 εἰς
945 3714 1096 3777 τέλος
1145 3715 1395 3783 ἀγαγεῖνο
1429 3714 1545 3768 ἀλλ’
1579 3714 1641 3768 οὐ
1684 3714 1845 3785 μόνον
1876 3714 2026 3770 οὐδὲν

349 3802 457 3856 ἀπὸ
481 3799 588 3854 τῶν
619 3799 796 3851 πόνων
835 3795 1041 3849 τούτων
1081 3795 1417 3865 καρποῦνται
1451 3796 1513 3849 16
1535 3795 1582 3828 “
1629 3795 1851 3868 κέρδος,
1891 3795 2028 3850 ἀλλά

348 3883 445 3936 καὶ
482 3881 682 3950 πολλὴν
713 3878 1042 3947 ὑπομένουσι
1065 3877 1163 3950 τὴν
1192 3877 1416 3949 ζημίαν.
1459 3878 1612 3933 Ἐπεὶ
1640 3879 1732 3932 καὶ
1759 3881 1787 3933 6
1817 3879 2028 3944 Παῦλος

348 3965 505 4019 τοῦτο
525 3963 568 3995 ’⁷
624 3961 994 4031 αἰνιττόμενος
1050 3960 1267 4030 ἔλεγεν·
1335 3961 1399 4015 '0
1450 3962 1716 4030 σπείρων
1774 3965 1862 4030 εἰς
1913 3963 2029 4032 τὴν

347 4048 545 4115 σάρκα
576 4044 781 4109 αὐτοῦ,
822 4044 891 4096 ἐκ
932 4041 1040 4112 τῆς
1062 4042 1291 4111 σαρκὸς
1328 4043 1517 4098 αὐτοῦ
1539 4043 1586 4076 ’⁸
1629 4044 1848 4114 θερίσει
1880 4048 2027 4116 φθο-

346 4131 481 4200 ράν.
517 4128 704 4197 Τούτῳ
755 4127 965 4180 ἐοίκασι
1011 4126 1105 4180 καὶ
1145 4127 1194 4180 οἰ
1237 4126 1330 4180 ἐπὶ
1392 4127 1491 4199 τῆς
1543 4126 1774 4198 ψάμμου
1819 4129 2024 4182 οἰκοδο-

351 4213 604 4285 μοῦντες·
648 4208 758 4263 οἷον
794 4211 842 4262 οἰ
874 4208 967 4261 ἐπὶ
992 4208 1240 4281 πορνείᾳ,
1287 4211 1336 4263 οἰ
1387 4209 1479 4263 ἐπὶ
1516 4209 1794 4283 ἀσελγείᾳ,
1837 4213 1888 4265 οἰ
1927 4213 2021 4266 ἐπὶ

351 4296 492 4370 μέθῃ
529 4297 597 4361 ’⁸,
631 4295 681 4348 οἱ
713 4294 805 4347 ἐπὶ
829 4292 1009 4364 θυμῷ,
1038 4293 1088 4346 οἰ
1110 4293 1204 4346 ἐπὶ
1231 4295 1344 4357 τοῖς
1367 4293 1547 4358 ἀλλοις
1571 4293 1764 4350 ἅπασι.

415 4451 481 4506 δ’.
517 4446 772 4510 Τοιοῦτος
794 4441 864 4518 ἦν
888 4445 917 4498 6
960 4444 1188 4516 Ἀχαάϐ,
1221 4445 1338 4500 ἀλλ’
1368 4446 1430 4500 οὐ
1459 4446 1700 4513 τοιοῦτος
1729 4449 1758 4502 6
1808 4447 2015 4513 Ἠλίας.

346 4532 460 4588 Καὶ
491 4531 600 4603 γὰρ
631 4528 952 4600 παράλληλα
980 4527 1166 4593 θέντες
1194 4527 1292 4600 τὴν
1321 4529 1523 4602 ἀρετὴν
1551 4531 1646 4584 καὶ
1668 4529 1766 4602 τὴν
1796 4532 2015 4598 κακίαν,

347 4613 736 4686 ἀκριϐέστερον
766 4611 1024 4681 εἰσόμεθα
1051 4611 1112 4664 τὸ
1136 4611 1410 4682 διάφορον.
1451 4613 1510 4664 '0
1542 4613 1638 4682 μὲν
1664 4613 1774 4684 γὰρ
1803 4613 1896 4666 ἐπὶ
1920 4615 2020 4686 τῆς

347 4697 556 4767 πέτρας
583 4693 952 4764 ᾠκοδόμησεν,
984 4695 1012 4746 6
1041 4693 1099 4747 δέ
1131 4694 1223 4747 ἐπὶ
1255 4693 1356 4763 τῆς
1381 4693 1610 4764 ψάμμου
1635 4710 1650 4725 ⁶
1685 4696 1766 4748 διὸ
1791 4698 1884 4750 καὶ
1919 4697 2020 4767 βαι

349 4780 531 4843 σιλεὺς
559 4779 636 4831 ὢν
669 4777 927 4830 ἐδεδοίκει
967 4777 1062 4831 καὶ
1093 4777 1292 4847 ἔτρεμε
1334 4776 1425 4830 τὸν
1459 4779 1767 4851 προφήτην,
1799 4780 1891 4833 τὸν
1919 4781 2020 4852 τὴν

350 4862 608 4936 μηλωτὴν
641 4861 833 4932 ἔχοντα
872 4860 1052 4932 μόνον.
1093 4859 1336 4914 Τοιοῦτοι
1369 4861 1419 4913 οἰ
1465 4861 1726 4928 Ἰουδαῖοι,
1761 4864 1875 4916 ἀλλ’
1922 4865 2021 4935 οὐχ

347 4932 716 5002 οῖ”ἀπόστολοι
742 4961 756 4975 ·
791 4944 872 4998 διὸ
918 4943 1011 4996 καὶ
1057 4943 1225 5012 ὀλίγοι
1262 4943 1414 5007 ὄντες
1445 4945 1537 4998 καὶ
1576 4945 1888 5016 δεδεμένοι,
1922 4932 2021 5016 τῆς

347 5033 555 5103 πέτρας
595 5027 957 5083 ἐνεδείκνυντο
984 5027 1046 5081 τὸ
1076 5027 1300 5099 στερρόν
1326 5042 1339 5056 ⁶
1388 5028 1582 5082 ἐκεῖνοι
1613 5029 1671 5083 δὲ
1708 5029 1800 5084 καὶ
1835 5029 2017 5084 πολλοὶ

348 5115 444 5168 καὶ
472 5111 804 5182 ὡπλισμένοι
826 5152 840 5175 ,
871 5111 969 5182 τῆς
1001 5109 1227 5182 ψάμμου
1257 5110 1317 5164 τὸ
1347 5109 1592 5175 ἀσθενές.
1623 5113 1734 5167 Καὶ
1762 5112 1871 5183 γὰρ
1909 5111 2022 5166 ἔλε-

349 5213 444 5265 γον
465 5213 478 5227 ·
518 5197 577 5249 Τί
603 5194 938 5264 ποιήσομεν
961 5195 1004 5227 ³ο
1026 5195 1144 5259 τοῖς
1181 5193 1511 5264 ἀνθρώποις
1542 5196 1814 5262 τούτοις;
1859 5196 2022 5268 Ὁρᾷς

351 5281 412 5332 ἐν
445 5276 650 5346 ἀπορίᾳ
691 5277 850 5341 δντας
872 5319 888 5345 ,
923 5278 982 5332 οὐ
1024 5278 1151 5343 τοὺς
1181 5278 1527 5350 ὑποχειρίους
1556 5279 1653 5333 καὶ
1677 5279 2018 5350 δεδεμένους,

1140 281 1197 338 ε.
1237 281 1523 340 JOANNIS
1558 283 2049 344 CHRYSOSTOMI
2088 283 2404 343 ARCHIEP.
2442 284 2992 345 CONSTANTINOP.

3697 277 3815 335 3'26

2131 401 2269 456 ἀλλά
2305 403 2432 466 τοὺς
2483 402 2807 471 κατέχοντας
2845 401 2940 454 καὶ
2981 400 3379 470 δεσμεύονταςς
3421 390 3484 452 οὐ
3515 395 3567 449 τί
3597 393 3818 464 γένοιτ’

2131 483 2197 536 ἂν
2228 484 2576 555 καινότερον;
2608 484 2680 536 Σὺ
2715 483 2967 553 κατέχεις
3009 483 3106 535 καὶ
3153 481 3467 550 διαπρεῖςς
3507 477 3621 532 Καὶ
3652 477 3821 548 μάλα

2132 566 2377 630 εἰκότως.
2420 565 2638 637 Ἐπειδὴ
2662 566 2773 636 γὰρ
2799 566 2892 619 ἐπὶ
2922 565 3020 635 τῆς
3049 564 3274 635 ψάμμου
3303 562 3480 616 πάντα
3504 559 3812 631 ᾠκοδόμη-

2133 665 2252 714 σαν,
2272 649 2359 702 διὰ
2381 648 2540 702 τοῦτο
2561 649 2658 703 καὶ
2685 649 3058 718 ἀσθενέστεροι
3090 647 3304 701 πάντων
3327 641 3485 716 ἦσαν.
3517 644 3620 696 Διά
3643 641 3823 696 τοῦτο

2132 731 2226 784 καὶ
2261 730 2421 784 πάλιν
2453 730 2637 798 ἔλεγον
2661 748 2676 761 ο
2718 731 2778 785 Τί
2809 729 3028 784 ποιεῖτε
3063 729 3428 797 ,ϐουλόμενοι
3475 723 3826 794 ἐπαγαγεῖν

2128 813 2222 882 ἐφ’
2247 813 2406 884 ἡμᾶς
2430 814 2498 868 τὸ
2523 810 2669 884 αἷμα
2704 813 2810 866 τοῦ
2835 811 3150 880 ἀνθρώπου
3177 812 3392 865 τούτου
3416 826 3435 874 ;
3462 809 3528 862 Τί
3565 825 3710 878 φησι
3746 807 3822 871 ⁸¹;

2130 896 2203 948 Σὺ
2235 896 2540 966 μαστίζεις,
2593 896 2687 950 καὶ
2721 895 2786 948 σύ
2821 895 2993 965 φοϐῇς
3027 895 3092 947 σὺ
3125 891 3474 963 ἐπηρεάζεις,
3504 890 3698 944 καὶσὺ
3729 887 3825 941 δέ·

2129 978 2348 1044 δοικα;;
2384 978 2448 1030 σὺ
2481 978 2686 1048 κρίνεις
2710 1017 2725 1042 ,
2765 978 2860 1031 καὶ
2894 977 2958 1030 σὺ
2987 976 3208 1048 τρέμεις
3235 993 3250 1041 ;
3284 974 3470 1038 Οῦτως
3497 973 3750 1043 ἀσθενὴς
3787 971 3826 1039 ἡ

2132 1059 2321 1113 κακία.
2364 1058 2504 1112 Ἀλλ’
2533 1059 2631 1128 οὐχ
2653 1060 2701 1112 οἰ
2731 1059 3018 1112 ἀπόστολοι
3047 1058 3217 1120 οὕτως
3239 1075 3253 1088 ·
3291 1057 3426 1111 ἀλλά
3455 1055 3569 1119 πῶς
3601 1055 3648 1086 ⁸⁸
3677 1071 3695 1119 ;
3731 1055 3826 1107 Οὐ

2129 1141 2431 1212 δυνάμεθα
2460 1142 2632 1213 ἡμεῖς
2661 1141 2700 1196 d
2727 1142 2966 1211 εἴδομεν
2995 1141 3040 1173 ³³
3071 1140 3168 1194 καὶ
3199 1140 3546 1209 ἠκούσαμεν
3575 1137 3664 1207 μὴ
3699 1139 3826 1190 ,ια-

2131 1225 2285 1281 λεῖν.
2340 1221 2497 1289 Εἶδες
2543 1226 2797 1297 φρόνημα
2837 1223 3072 1294 ὑψηλόν;
3105 1219 3242 1286 εἷδες
3288 1223 3492 1293 πέτραν
3538 1220 3830 1290 κυμάτων

2131 1307 2560 1377 καταγελῶσαν;
2595 1306 2734 1371 εἶδες
2783 1307 2960 1360 οἰκίαν
2992 1307 3242 1362 ἄσειστον
3270 1321 3285 1371 ;
3332 1306 3440 1358 Καὶ
3467 1305 3530 1358 τὸ
3567 1303 3634 1374 δὴ
3671 1303 3831 1355 θαυ-

2133 1389 2464 1459 μαστότερον
2488 1428 2503 1452 ,
2531 1389 2614 1442 ὅτι
2641 1389 2701 1442 οὐ
2739 1388 2900 1459 μόνον
2927 1387 3049 1440 οὐδέ
3082 1386 3324 1455 ἐγίνοντο
3353 1384 3506 1440 αὐτοὶ
3531 1384 3711 1437 δειλοὶ
3743 1383 3825 1436 δι’

2129 1467 2280 1541 [5051
2306 1465 2381 1524 ὦν
2407 1469 2825 1524 ἐπεϐουλεύοντο
2846 1511 2860 1535 ,
2895 1469 3008 1523 ἀλλ⁹
3039 1469 3120 1522 ὃτι
3159 1469 3251 1521 καὶ
3281 1468 3463 1522 πλεῖον
3495 1467 3832 1537 ἐλάμϐανον

2129 1551 2348 1623 θάρσος,
2383 1553 2669 1617 κάκείνους
2693 1554 2774 1616 εἰς
2806 1552 3028 1624 μείζονα
3053 1551 3304 1604 ἐνέϐαλον
3324 1552 3369 1583 ³⁸
3391 1551 3657 1620 ἀγωνίαν.
3704 1549 3835 1604 Καὶ

2126 1635 2236 1707 γὰρ
2263 1637 2292 1688 6
2321 1638 2410 1690 τὸν
2445 1637 2726 1708 ἀδάμαντα
2759 1637 3034 1707 πλήττων,
3065 1635 3226 1698 αὐτός
3259 1636 3404 1687 ἐστιν
3435 1635 3463 1686 6
3493 1634 3834 1704 πληττόμε-

2127 1735 2216 1783 νος
2238 1735 2252 1748 ·
2285 1721 2380 1774 καὶ
2422 1722 2451 1774 6
2487 1719 2558 1774 τά
2586 1720 2791 1790 κέντρα
2825 1717 3118 1783 λακτίζων,
3159 1718 3318 1781 αὐτός
3361 1719 3506 1770 ἐστιν
3530 1719 3558 1770 6
3587 1715 3834 1770 κεντού-

2129 1819 2307 1874 μενος,
2353 1804 2450 1858 καὶ
2491 1803 2559 1857 τά
2587 1801 2799 1874 χαλεπά
2839 1801 3125 1872 δεχόμενος
3151 1800 3442 1872 τραύματα
3462 1816 3477 1832 ο
3508 1800 3608 1852 καὶ
3633 1801 3666 1851 6
3702 1802 3835 1861 τοῖς

2125 1884 2406 1955 ἐναρέτοις
2445 1883 2836 1947 ἐπιϐουλεύων,
2869 1883 3033 1948 αὐτός
3069 1885 3218 1937 ἐστιν
3256 1886 3285 1938 6
3333 1882 3687 1936 κινδυνεύων.
3759 1882 3833 1936 Ἦ

2126 1966 2236 2038 γὰρ
2266 1968 2436 2021 κακία
2464 1965 2704 2038 τοσούτῳ
2746 1966 2946 2038 μᾶλλον
2983 1965 3344 2033 ἀσθενεστέρα
3388 1965 3628 2034 γίνεται,
3667 1965 3838 2035 ὅσῳ-

2125 2067 2232 2121 περ
2258 2049 2323 2103 άν
2355 2049 2494 2120 πρὸς
2524 2049 2622 2121 τὴν
2649 2048 2850 2120 ἀρετὴν
2881 2049 3316 2118 παρατάττηται.
3359 2049 3466 2101 Καὶ
3495 2047 3774 2119 καθάπερ
3801 2047 3837 2100 6

2127 2131 2238 2202 πῦρ
2277 2132 2333 2184 ἐν
2365 2131 2564 2202 ἱματίῳ
2592 2131 2829 2202 δεσμῶν,
2867 2133 2967 2202 τὴν
3022 2131 3118 2202 μὲν
3153 2131 3326 2199 φλόγα
3355 2131 3455 2184 οὐκ
3485 2131 3710 2194 ἔσϐεσε,
3764 2131 3838 2184 τὸ

2124 2214 2182 2268 δέ
2235 2213 2446 2284 ἱμάτιον
2491 2213 2830 2285 ἐδαπάνησεν
2873 2229 2888 2244 ο
2938 2212 3110 2277 οὕτως
3151 2215 3180 2267 6
3221 2216 3335 2277 τοῖς
3381 2213 3664 2286 ἐναρέτοις
3723 2215 3837 2267 ἐπι

2123 2293 2395 2366 ηρεάζων,
2422 2295 2516 2349 καὶ
2539 2294 2806 2365 κατέχων,
2834 2294 2930 2349 καὶ
2954 2294 3254 2364 δεσμεύων,
3272 2295 3511 2359 ἐκείνους
3544 2295 3644 2366 μὲν
3668 2295 3840 2367 λαμ-

2125 2377 2425 2450 προτέρους
2440 2377 2758 2448 εἰργάσατο,
2789 2378 2980 2432 ἐαυτὸν
2998 2378 3056 2431 δέ
3081 2377 3335 2448 ἠφάνισε.
3372 2379 3482 2431 Καὶ
3503 2378 3612 2450 γάρ
3638 2379 3758 2434 ὅσα
3783 2380 3840 2412 ³³

2128 2459 2193 2514 ἂν
2219 2459 2366 2514 δεινὰ
2398 2457 2578 2530 πάθῃς
2605 2459 2863 2523 ἐπιεικῶς
2891 2459 3020 2526 ζῶν,
3053 2459 3291 2531 τοσούτῳ
3326 2461 3555 2531 γέγονας
3581 2463 3836 2534 ἰσχυρό-

2126 2559 2282 2616 τερος
2304 2557 2317 2570 ·
2350 2541 2460 2612 ὅσῳ
2489 2542 2597 2613 γὰρ
2619 2541 2869 2612 τιμῶμεν
2891 2542 2934 2574 ⁸⁸
2971 2542 3307 2612 φιλοσοφίαν,
3341 2542 3576 2614 τοσούτῳ
3602 2545 3836 2615 μᾶλλον

2125 2625 2338 2689 οὐδενὸς
2365 2625 2670 2697 δεησόμεθα
2697 2642 2712 2657 ο
2745 2625 2840 2679 καὶ
2860 2627 2969 2697 ὅσῳ
2997 2627 3062 2680 ἀν
3089 2625 3316 2697 μηδενὸς
3349 2625 3651 2697 δεηθῶμεν,
3683 2645 3835 2682 10c:-

2130 2707 2274 2779 οὐτῳ
2315 2708 2514 2780 μᾶλλον
2548 2709 2778 2778 ἰσχυροὶο
2808 2708 3072 2778 γινόμεθα
3122 2709 3215 2762 καὶ
3256 2709 3471 2763 πάντων
3513 2709 3832 2782 ἀνώτεροι.

2127 2790 2379 2855 Τοιοῦτος
2401 2792 2445 2830 ’τ
2459 2786 2529 2862 ἦν
2544 2793 2572 2844 6
2599 2791 2854 2860 Ἰωάννης
2873 2805 2888 2820 ⁸
2916 2791 2999 2845 διὸ
3023 2793 3226 2846 ἐκεῖνον
3257 2793 3356 2864 μέν
3379 2793 3552 2857 οὐδεὶς
3591 2794 3832 2860 ἐλύπει,

2127 2874 2290 2938 αὐτὸς
2312 2873 2368 2928 δὲ
2399 2873 2588 2927 ἐλύπει
2617 2873 2708 2927 τὸν
2762 2873 3006 2946 Ἡρώδην
3032 2889 3046 2904 ⁸
3081 2874 3177 2928 καὶ
3209 2877 3237 2927 6
3277 2875 3379 2945 μέν
3419 2876 3586 2948 μηδὲν
3630 2876 3821 2948 ἔχων,

2127 2956 2494 3028 κατεξανέστη
2537 2955 3019 3030 τοῦ,κρατοῦντος’
3055 2960 3084 3012 6
3123 2957 3180 3011 δέ
3210 2959 3444 3030 διάδημα
3479 2960 3572 3013 καὶ
3607 2960 3835 3034 ἁλουρ-

2129 3040 2254 3110 γίδα
2291 3041 2386 3094 καὶ
2411 3040 2614 3113 μυρίαν
2637 3038 2937 3110 φαντασίαν
2963 3041 3447 3114 περιϐεϐλημένος,
3481 3043 3682 3114 τρέμει
3722 3049 3837 3100 καὶ

2126 3123 2330 3178 δέδοικε
2349 3124 2440 3178 τὸν
2461 3124 2681 3178 πάντων
2705 3140 2838 3194 γεγυ
2847 3124 3146 3195 μνωμένον,
3166 3126 3261 3178 καὶ
3278 3124 3397 3178 οὐδέ
3413 3126 3705 3198 ἀποτετμη
3717 3130 3836 3199 μέ-

2125 3223 2215 3261 νον
2246 3208 2346 3280 τὴν
2379 3207 2620 3278 κεφαλὴν
2647 3207 2818 3270 ἀδεῶς
2850 3207 2975 3260 ἰδεῖν
3000 3207 3221 3261 ἐδύνατο
3249 3209 3314 3260 ³⁸.
3347 3207 3469 3263 Ὅτι
3495 3209 3608 3280 γὰρ
3635 3213 3746 3264 καὶ
3777 3213 3833 3245 ³⁸

2131 3293 2270 3364 μετά
2309 3291 2570 3362 τελευτὴν
2609 3291 2926 3360 ἀκμάζοντα
2964 3286 3076 3361 εἶχε
3116 3292 3206 3345 τὸν
3241 3292 3407 3361 φόϐον
3430 3333 3444 3356 ,
3478 3294 3722 3348 ἄκουσον
3757 3298 3822 3351 τι

2126 3363 2291 3445 φησιν
2316 3390 2330 3405 ο
2368 3369 2556 3438 Οὗτός
2585 3371 2756 3426 ἐστιν
2784 3374 2818 3426 ό
2861 3371 3159 3441 Ἰωάννης,
3185 3373 3257 3426 ὃν
3292 3363 3536 3429 ἀνεῖλον
3569 3375 3714 3444 ἐγώ.
3743 3381 3835 3434 Τὸ

2125 3457 2184 3512 δὲ
2202 3497 2217 3521 ,
2267 3455 2548 3521 Ἀνεῖλον,
2575 3455 2676 3508 οὐκ
2706 3455 3069 3527 ἐπαιρομένου
3090 3453 3178 3528 ἦν,
3215 3457 3350 3510 ἀλλά
3377 3458 3466 3511 τὸν
3494 3459 3662 3527 φόϐον
3701 3480 3834 3515 πα-

2131 3537 2561 3613 ραμυθουμένου,
2596 3539 2692 3592 καὶ
2729 3537 3009 3602 πείθοντος
3036 3539 3135 3611 τὴν
3180 3539 3359 3610 ψυχὴν
3394 3541 3492 3611 τὴν
3520 3559 3828 3612 apag-:0,

2135 3623 2304 3696 μένην
2331 3620 2766 3692 ἀναμνησθῆναι,
2795 3621 2877 3674 ὅτι
2904 3621 3064 3684 αὐτὸς
3095 3621 3257 3675 αὐτὸν
3287 3622 3511 3692 ἔσφαξε.
3547 3625 3832 3700 Τοσαύτη

2128 3707 2228 3778 τῆς
2257 3705 2511 3776 ἀρετῆςή
2545 3705 2716 3773 ἰσχὺς,
2747 3703 2828 3755 ὅτι
2855 3703 2948 3755 καὶ
2978 3703 3115 3773 μετὰ
3153 3704 3408 3775 τελευτὴν
3437 3707 3542 3759 τῶν
3575 3705 3827 3770 ζώντων

2126 3789 2242 3841 ἐστὶ
2273 3786 2637 3858 δυνατωτέρα.
2691 3785 2790 3838 Διά
2819 3785 2883 3855 δὴ
2931 3784 3088 3838 τοῦτο
3132 3787 3227 3840 καὶ
3265 3787 3428 3857 ἡνίκα
3459 3787 3553 3859 ἔζη
3578 3831 3594 3854 ,
3646 3794 3705 3844 οἰ
3751 3797 3836 3848 τὰ

2125 3869 2297 3924 πολλὰ
2331 3869 2659 3940 κεκτημένοι
2703 3869 2959 3939 χρήματα
2997 3869 3136 3939 πρὸς
3167 3869 3328 3922 αὐτὸν
3356 3871 3641 3942 ἐρχόμενοι
3691 3875 3832 3929 ἔλε-

2126 3970 2222 4024 γον
2246 3970 2261 3986 ο
2313 3953 2375 4008 Τί
2417 3951 2751 4022 ποιήσομεν
2782 3952 2868 4016 ⁸ος
2901 3952 3152 4006 Τοσαῦτα
3179 3953 3353 4025 ἔχετε,
3395 3955 3489 4009 καὶ
3522 3957 3678 4028 παρὰ
3717 3962 3831 4016 τοῦ

2135 4035 2302 4108 μηδὲν
2324 4035 2536 4107 ἔχοντος
2568 4034 2820 4105 βούλεσθε
2854 4034 3046 4105 μαθεῖν
3068 4035 3168 4106 τῆς
3199 4037 3470 4108 ὑμετέρας
3497 4040 3831 4114 εὐημερίας

2129 4120 2230 4192 τὴν
2257 4118 2410 4184 όδόν;
2443 4118 2593 4188 παρὰ
2630 4116 2724 4171 τοῦ
2764 4117 2996 4188 πένητος
3019 4119 3069 4172 οἰ
3103 4120 3487 4186 πλουτοῦντες;
3525 4126 3684 4195 παρά
3715 4130 3828 4184 τοῦ

2132 4203 2268 4276 μηδὲ
2297 4205 2342 4236 ιι
2369 4203 2548 4258 οὶκίαν
2577 4202 2792 4273 ἔχοντος
2837 4203 2887 4256 οἰ
2923 4203 3379 4274 στρατευόμενοι;
3421 4205 3679 4268 Τοιοῦτος
3716 4215 3830 4265 καὶ

2125 4288 2155 4340 6
2191 4287 2376 4350 Ἠλίας
2389 4282 2458 4358 ἦν
2475 4303 2489 4318 ⁶
2514 4286 2594 4341 διὸ
2618 4285 2713 4339 καὶ
2743 4285 2879 4357 μετά
2905 4285 3002 4356 τῆς
3026 4285 3193 4355 αὐτῆς
3212 4288 3520 4360 παρρησίας
3543 4289 3624 4360 τῷ
3642 4290 3715 4363 δή
3727 4313 3828 4367 μιν

2126 4368 2416 4438 διελέγετο.
2481 4369 2540 4422 '0
2587 4368 2686 4438 μὲν
2729 4367 2837 4440 γὰρ
2881 4367 3032 4435 ἔλεγε
3058 4407 3074 4430 ,
3117 4371 3469 4439 Γεννήματα
3509 4372 3822 4441 ἐχιδνῶν-ο

2126 4443 2278 4514 οὗτος
2305 4450 2362 4504 δὲ
2382 4489 2396 4516 ,
2435 4449 2583 4517 Ἕως
2614 4451 2758 4504 πότε
2790 4449 3112 4520 ludar-sits
3147 4451 3238 4504 ἐπ’
3269 4453 3626 4522 ἀμφοτέραις
3673 4461 3826 4527 ταῖς

2129 4534 2361 4604 ἰγνύαις
2389 4532 2591 4602 ὑμῶν;
2621 4533 2731 4586 Καὶ
2768 4535 2796 4586 6
2828 4533 2926 4604 μὲν
2961 4533 3178 4602 ἔλεγεν,
3222 4535 3589 4604 Ἐφόνευσας
3623 4538 3671 4569 δ’
3709 4544 3824 4597 καὶ

2125 4615 2624 4684 ἐκληρονόμησας
2647 4633 2661 4648 υ
2695 4616 2724 4668 6
2751 4614 2807 4668 δὲ
2855 4615 3039 4684 ἔλεγεν
3060 4655 3074 4678 ,
3113 4620 3233 4670 Οὐκ
3262 4618 3464 4682 ἒξεστί
3493 4635 3590 4672 σοι
3633 4620 3825 4690 ἔχειν

2125 4698 2242 4766 τὴν
2285 4697 2538 4776 γυναῖκα
2573 4698 2873 4752 Φιλίππου
2903 4698 3011 4753 τοῦ
3039 4698 3306 4768 ἁδελφοῦ
3339 4716 3473 4754 σου.
3511 4697 3666 4766 Εἶδες
3708 4709 3822 4776 τὴν

2129 4782 2368 4852 πέτραν;
2405 4775 2544 4843 εῐδες
2567 4781 2668 4852 τὴν
2703 4781 2960 4852 ψάμμον;
2993 4783 3108 4846 πῶς
3142 4782 3377 4846 εὐκόλως
3420 4775 3819 4857 καταπίπτειίς

2126 4865 2246 4927 πῶς
2272 4864 2410 4917 είκει
2435 4866 2553 4926 ταῖς
2574 4868 2913 4936 συμφοραῖς;
2944 4866 3060 4928 πῶς
3084 4867 3491 4938 περιτρέπεται,
3520 4867 3624 4921 κᾶν
3659 4874 3822 4938 μετὰ

2128 4947 2416 5018 βασιλέως,
2451 4946 2552 5000 κᾶν
2595 4948 2731 5017 μετά
2771 4947 3005 5019 πλήθους
3030 4944 3086 5024 ᾖ,
3119 4949 3219 5003 κᾶν
3251 4950 3388 5020 μετά
3428 4950 3765 5020 δυναστείας
3795 4973 3813 5022 ;

2137 5029 2418 5086 Ἀπάντων
2462 5027 2567 5100 γὰρ
2609 5029 2734 5092 τοὺς
2783 5031 3065 5100 μετιόντας
3108 5031 3274 5103 αὐτὴν
3312 5033 3824 5107 ἀναισθητοτέρους

2126 5116 2288 5168 ποιεῖ.
2336 5114 2445 5166 Καὶ
2489 5113 2610 5166 οὐδὲ
2642 5113 2830 5187 ᾴπλῶς
2874 5116 3229 5179 καταπίπτει,
3263 5117 3398 5170 ἀλλὰ
3429 5117 3566 5186 μετά
3599 5122 3823 5194 πολλῆς

2125 5197 2224 5265 τῆς
2261 5197 2564 5268 συμφορᾶς.
2596 5197 2705 5251 Καὶ
2727 5197 2834 5268 γάρ
2863 5198 2907 5230 ⁸³
2935 5194 3033 5268 ἦν,
3065 5200 3250 5270 φησὶν,
3285 5201 3320 5268 ἠ
3356 5199 3581 5266 πτῶσις
3608 5204 3823 5272 αὐτῆς

2121 5279 2377 5349 μεγάλη.
2415 5278 2552 5332 Οὐδέ
2583 5280 2693 5350 γὰρ
2727 5280 2864 5353 ὑπὲρ
2887 5280 2998 5334 τῶν
3024 5282 3296 5352 τυχόντων
3322 5285 3350 5336 6
3380 5282 3648 5350 κίνδυνος,
3686 5287 3820 5341 ἀλλ’

436 5369 482 5459 ’ξ
521 5367 835 5459 άκμάζοντα
865 5369 940 5459 ‘A.
1037 5371 1082 5402 "
1112 5371 1274 5425 αὐτὸν
1325 5369 1400 5459 F;
1479 5372 1524 5404 "
1553 5371 1668 5452 1.911.
1715 5387 1830 5459 .(im.

2269 5370 2644 5459 οᾳηιιηειρεοει
2688 5371 2884 5459 inull-
2906 5371 2972 5459 Ci
3002 5372 3085 5459 'D.
3143 5373 3304 5459 Rvet
3339 5375 3550 5459 {inclitis
3588 5376 3814 5459 Μοξψι.

350 5439 713 5495 Postcriorem
762 5449 991 5507 partem,

351 5513 450 5583 Α,Δ
487 5508 533 5540 ’⁸
556 5508 660 5583 ’καὶ
688 5523 806 5583 om._
846 5509 918 5583 B._
935 5509 1018 5583 C3
1040 5508 1100 5566 ἰδ’.
1177 5513 1222 5544 ⁸⁸
1247 5510 1330 5583 τὸ]
1363 5529 1414 5565 τι
1438 5513 1503 5566 Δ.
1535 5511 1598 5583 τὸ
1634 5508 1741 5566 oin.
1776 5512 1837 5583 Ρ.

353 5649 410 5705 τί
437 5649 641 5722 ὀοεειιε
676 5649 769 5703 sed
807 5658 1028 5722 t_uenlur
1059 5653 1236 5722 lnlcrp

354 5723 419 5776 1).
451 5718 776 5791 ἑωράκαμεν
811 5717 870 5772 F.
944 5722 993 5753 “
1017 5717 1300 5777 ἐνέϐαλλον
1328 5723 1387 5777 Β.
1426 5723 1486 5776 D.
1525 5720 1584 5775 F.

360 5791 604 5860 Inlcrpp.
668 5791 722 5860 ξ’
751 5789 1026 5860 Τοιοῦτος]
1065 5793 1252 5856 οὓτως
1279 5792 1414 5847 Edd.
1492 5792 1584 5845 "6

1036 5457 1156 5512 qua:
1197 5457 1228 5495 a
1278 5458 1332 5512 ν.
1373 5443 1522 5506 ὅστις
1566 5441 1774 5512 incipit,
1809 5457 1918 5496 om.
1968 5442 2029 5495 Α.
2062 5457 2196 5512 γοιιιιι
2246 5441 2418 5512 tribus
2454 5441 2658 5512 Mosqq.
2736 5444 2783 5474 "

680 5789 722 5862 :7
751 5789 1026 5862 Τοιοῦτος]
1065 5793 1252 5856 οὓτως
1279 5792 1414 5847 Edd.
1492 5792 1541 5862 "7
1556 5790 1782 5862 δύναται
1811 5789 1869 5847 Β.
1892 5790 1948 5847 Ε.
2029 5791 2076 5862 ³7
2106 5789 2198 5845 καῖ
2227 5789 2337 5845 om.

2824 5444 2922 5524 τῆς
2945 5443 3172 5524 ψάμμευ
3203 5443 3264 5524 ,εξ-
3338 5443 3530 5524 ,Ῠὲδῖ
3555 5443 3820 5524 τοιρῦὲόν

1915 5513 1959 5542 ’⁷
1990 5511 2170 5577 τοῦτο]
2211 5511 2272 5564 τὸ
2302 5511 2433 5565 αὐτὸ
2465 5510 2598 5566 Ειίό.
2624 5510 2638 5512 ⁷
2677 5512 2723 5543 ’⁸
2754 5510 2917 5566 αὐτοῦ
2959 5510 3083 5568 ουιξ
3102 5515 3160 5568 Β.
3201 5514 3262 5568 F.
3338 5516 3382 5547 ”
3409 5515 3462 5568 γε

2302 5511 2433 5565 αὐτὸ
2465 5510 2598 5566 Ειίό.
2624 5510 2638 5512 ⁷
2677 5512 2723 5543 ’⁸
2754 5510 2917 5566 αὐτοῦ
2959 5510 3083 5568 'on'lf
3102 5515 3160 5568 Β.
3201 5514 3262 5568 F.
3338 5516 3382 5547 ”
3409 5515 3584 5569 Verba
3625 5519 3677 5569 οἰ
3712 5521 3824 5577 ἐπὶ

357 5579 500 5652 μέθῃ
539 5577 767 5652 (ἰοειιιιι-
794 5579 847 5632 ἰη
886 5581 947 5634 Β.
992 5582 1053 5636 Ε.
1102 5583 1163 5636 F.
1216 5591 1271 5638 et
1302 5577 1768 5652 ﬁrmtermiserunl
1823 5582 2064 5652 Interpp.

1241 5651 1452 5726 ρξὲιοξ
1471 5651 1644 5726 δέδιας
1885 5653 1929 5726 '_’
1960 5651 2136 5726 νει·ρα
2169 5652 2302 5726 ἀλλὰ
2335 5651 2679 5726 πῶςῃιίθειιηι
2718 5653 2773 5726 in

2271 5652 2302 5706 ὰ
2335 5651 2679 5726 πῶςέιίεειιιιι
2718 5653 2773 5726 in
2816 5653 2994 5726 Edd2
3029 5651 3083 5686 “
3107 5651 3343 5726 εἴδομεν]
3385 5655 3604 5726 οἴδαμεν
3635 5659 3705 5711 Α.
3742 5664 3815 5717 C.

1663 5723 1706 5753 ³⁸
1733 5723 1842 5792 ὅσῳ
2129 5719 2406 5793 τιμῶμεν]
2450 5719 2516 5793 ἀν
2557 5723 2916 5793 ἐπιτείνωμεν
2956 5723 3014 5780 F.
3049 5734 3104 5779 el
3134 5725 3210 5781 sic

2275 5719 2406 5793 μεν]
2450 5719 2516 5793 ἀν
2557 5723 2916 5793 ἐπιτείνωμεν
2956 5723 3014 5780 F.
3049 5734 3104 5779 el
3134 5719 3410 5781 sic'edidit
3453 5719 3579 5780 Silv.
3609 5725 3819 5786 invitis

2167 5583 2532 5656 [ποιήσωμεν
2579 5581 2638 5636 Β.
2678 5581 2740 5656 Di.
2771 5582 2854 5656 F._
2879 5584 2951 5656 ,ν
2983 5585 3034 5637 τί
3061 5602 3192 5656 φησι
3231 5601 3340 5656 om2
3393 5586 3453 5638 Ι).
3502 5586 3554 5638 in
3583 5595 3822 5648 caeteris

2421 5790 2515 5845 .C.
2629 5791 2702 5877 1|“.
2727 5790 2876 5877 μετὰ
2902 5793 2999 5877 τὴν
3032 5795 3290 5877 τελευτῂν
3317 5799 3380 5850 A.
3413 5794 3474 5849 F.
3549 5794 3597 5827 "
3615 5802 3812 5871 ,ποιή-

364 5857 634 5937 σωμενΒ.
667 5857 726 5913 F.
802 5861 843 5892 “
883 5857 1041 5935 μηδὲ]
1076 5863 1193 5917 οὐδὲ
1233 5863 1365 5919 Edd.
1442 5862 1488 5896 “
1526 5861 1646 5918 Vid.
1681 5863 1864 5919 adnot.

2310 5863 2375 5918 Α.
2411 5859 2646 5933 μεγάλη]
2689 5857 2815 5918 add.
2868 5857 3072 5937 σφόδρα
3126 5857 3262 5922 Edd'.
3315 5877 3500 5923 contra
3531 5880 3690 5924 meos
3747 5857 3819 5928 él.

363 5931 570 6002 Mosqq.
595 5944 801 5985 omnes.
