3868 6182
138 284 237 341 3’25

143 396 236 452 hoc
274 397 433 451 etiam
476 409 617 450 nunc
663 392 858 456 dicam,
898 403 965 443 ex
1014 395 1239 456 utroque
1280 383 1504 438 salutem
1554 379 1709 433 andi-

141 499 304 542 torum
331 488 526 557 ubique
550 492 820 555 operatur,
850 496 918 537 ex
952 477 1162 532 virtutis
1196 474 1393 539 studio,
1421 481 1476 528 et
1496 487 1560 526 ex
1591 469 1716 524 odio

140 580 398 649 nequitias.
430 578 566 645 Quia
597 576 740 632 enim
784 572 999 644 quidam
1041 569 1201 624 futuri
1246 574 1402 621 erant
1443 564 1535 633 qui
1566 562 1711 617 dicta

141 672 348 740 quidem
396 679 744 734 mirarentur,
795 680 965 735 neque
1008 672 1184 717 tamen
1233 661 1371 715 bona
1402 657 1718 713 exhiberem

137 780 315 832 opera,
341 764 461 817 illos
487 760 827 831 praeveniens
852 765 1017 813 terret
1054 770 1119 809 ac
1146 753 1276 807 dicit
1305 768 1319 805 :
1354 749 1562 805 etiamsi
1593 747 1715 819 ριιί-

136 858 258 911 rhra
278 857 384 910 sint
403 870 464 910 ea
494 869 614 924 qua:
648 852 920 915 dicuntur,
951 862 1057 902 non
1084 844 1334 901 sufﬁcere
1358 852 1536 896 tamen
1561 838 1718 894 audi-

138 957 243 1003 tum
270 948 336 1003 ad
365 948 613 1010 salutem,
641 944 735 1000 sed
768 951 1019 1013 oportere
1050 955 1145 1010 per
1170 952 1331 1009 opera
1350 934 1573 1006 obsequi
1598 952 1611 987 :
1637 942 1719 987 to-

140 1052 245 1096 tum
270 1049 445 1095 autem
474 1039 573 1093 hac
623 1038 676 1092 in
714 1052 774 1091 re
814 1035 1080 1106 prareipue
1108 1040 1372 1087 versatur.
1422 1029 1598 1098 Atque
1629 1026 1717 1082 hic

138 1147 430 1188 sermonem
464 1129 735 1185 concludit
760 1169 776 1193 ,
803 1127 1147 1196 validumque
1188 1125 1317 1193 ipsis
1348 1123 1599 1177 timorem
1625 1135 1716 1175 re-

138 1224 343 1293 linquit.
372 1219 829 1289 Quemadmodnm
855 1219 998 1273 enim
1017 1257 1034 1284 ,
1065 1231 1186 1272 cum
1217 1214 1285 1270 de
1311 1214 1506 1268 virtute
1534 1225 1718 1283 agere-

138 1326 238 1380 tur,
268 1330 373 1370 non
415 1315 586 1369 solum
638 1328 705 1368 ex
738 1312 925 1366 futuris
956 1310 1227 1373 incitabat,
1254 1323 1475 1379 regnum
1504 1321 1716 1362 memo-

137 1422 278 1473 rans,
304 1406 487 1471 caelos,
519 1403 820 1461 mercedem
849 1402 1170 1458 ineffabilem
1192 1443 1207 1466 ,
1241 1399 1665 1455 consolationem
1693 1438 1709 1462 ,

136 1512 516 1567 tnnumeraque
564 1495 725 1558 bona,
779 1494 873 1550 sed
901 1493 1062 1549 etiam
1106 1507 1134 1545 a
1187 1490 1562 1562 praesentibus,
1590 1489 1716 1543 dum

138 1590 437 1644 ﬁrmitatem
468 1587 1003 1655 immobilitatcmque
1044 1592 1210 1655 petra:
1251 1582 1526 1638 ostendit:
1559 1581 1639 1636 sic
1663 1588 1717 1634 ct

135 1697 253 1735 cum
284 1680 351 1736 de
376 1679 576 1733 malitia
620 1679 830 1748 agitur,
862 1691 966 1730 non
1010 1673 1171 1729 modo
1196 1681 1363 1729 terret
1405 1672 1475 1744 ab
1506 1672 1570 1726 iis
1597 1686 1717 1741 quae

135 1780 524 1842 chpectantnr,
554 1780 611 1823 ut
632 1769 700 1824 ab
728 1768 906 1823 excisa
934 1766 1126 1822 arbore
1147 1806 1161 1830 ,
1203 1768 1326 1836 igne
1367 1762 1717 1832 inexstingui-

135 1865 244 1929 hili,
276 1864 517 1933 ingressu
546 1859 699 1932 regni
727 1859 1037 1923 intercluso,
1061 1856 1129 1912 ab
1150 1856 1252 1911 hoc
1271 1855 1436 1919 dicto,
1463 1852 1585 1908 Non
1600 1853 1715 1907 novi

134 1974 214 2010 ros
237 1971 255 2019 ;
281 1954 375 2009 sed
397 1953 557 2009 etiam
588 1967 654 2006 ex
679 1949 1037 2022 praesentibus
1056 1989 1070 2012 ,
1100 1961 1294 2016 nempe
1340 1961 1406 2001 ex
1435 1945 1588 1999 ruina
1615 1943 1712 1998 do.

131 2063 267 2102 mus.
297 2046 531 2114 Ideoque
558 2059 679 2098 cum
720 2042 911 2111 majori
956 2039 1199 2111 emphasi
1226 2052 1531 2094 sermonem
1564 2036 1715 2092 insti-

134 2144 248 2203 tuit,
282 2135 534 2206 parahoIa
584 2134 731 2188 illum
762 2146 1050 2187 exornans.
1088 2130 1203 2185 Non
1250 2131 1395 2185 enim
1441 2131 1571 2185 satis
1604 2138 1720 2184 erat

135 2230 351 2294 dixisse,
383 2229 577 2282 virtute
607 2224 885 2295 pratditum
935 2223 1193 2277 invictum
1246 2221 1383 2287 fore,
1414 2221 1714 2291 improbum

135 2332 288 2392 capto
326 2320 535 2375 facilem
562 2335 577 2384 ;
606 2317 698 2373 sed
730 2326 934 2387 petram
964 2315 1163 2385 posuit,
1192 2314 1433 2379 domum,
1466 2314 1710 2379 ﬁumina,

136 2417 363 2486 pluviam
396 2422 451 2469 et
476 2423 717 2479 ventum,
737 2426 801 2465 ac
828 2408 1041 2464 similia.
1067 2408 1158 2464 26.
1192 2407 1391 2473 Omnis,
1420 2407 1611 2477 inquit,
1635 2406 1722 2476 qui

136 2510 270 2560 audit
300 2521 555 2561 sermones
578 2505 671 2558 hos
698 2518 851 2569 meos,
883 2511 929 2555 et
957 2518 1058 2556 non
1090 2502 1212 2572 facit
1234 2516 1339 2565 eos,
1360 2497 1722 2555 assinu'labitur

136 2600 238 2653 viro
273 2598 453 2663 stulto,
482 2596 568 2665 qui
599 2595 867 2665 aediﬁcavit
894 2593 1101 2648 domum
1125 2608 1271 2647 suam
1305 2607 1456 2662 super
1492 2607 1718 2646 arenam.

138 2690 301 2744 lteete
334 2695 516 2742 autem
546 2687 767 2742 stultum
812 2685 953 2741 hunc
978 2683 1207 2740 vocavit.
1246 2682 1385 2751 Quid
1407 2682 1549 2738 enim
1582 2681 1721 2738 stul-

140 2784 237 2836 tius
264 2781 422 2836 fnerit
452 2778 671 2834 homine
694 2792 856 2849 Super
882 2792 1100 2834 arenam
1131 2776 1463 2844 aedificante,
1492 2784 1546 2832 et
1568 2775 1720 2831 labo-

140 2890 243 2928 rem
266 2871 485 2942 quidem
519 2870 723 2925 ferente
746 2911 763 2936 ,
797 2871 966 2926 fructu
996 2884 1126 2925 vero
1161 2878 1216 2925 et
1245 2869 1429 2939 requie
1454 2882 1574 2924 sese
1601 2867 1715 2939 pri-

143 2976 327 3032 vante,
356 2979 563 3036 proque
596 2964 694 3020 hac
720 2978 778 3019 re
821 2963 1138 3035 supplicium
1182 2962 1525 3019 sustinente?
1566 2961 1719 3031 Quod

138 3068 313 3113 autem
341 3059 375 3111 ii
423 3057 512 3127 qui
555 3057 805 3127 nequitiae
851 3070 912 3111 se
958 3054 1161 3111 dedunt
1196 3054 1469 3118 laborent,
1517 3055 1720 3111 nemini

140 3167 239 3204 non
265 3159 455 3205 notum
484 3159 567 3204 est
599 3167 612 3203 :
639 3164 760 3203 nam
784 3157 989 3217 raptor,
1019 3147 1315 3213 adulteras,
1346 3145 1678 3218 sycophanta
1700 3186 1714 3211 ,

142 3245 361 3299 multum
411 3242 656 3297 laborant
708 3240 978 3311 multaque
1017 3239 1304 3305 sustinent,
1357 3247 1417 3294 ut
1468 3238 1724 3293 malitiam

140 3351 283 3389 suam
311 3334 377 3388 ad
410 3334 570 3388 ﬁnem
603 3331 866 3387 deducant
895 3348 910 3395 ;
939 3331 1033 3387 sed
1066 3346 1170 3386 non
1215 3330 1375 3386 modo
1415 3330 1616 3385 nullum
1643 3346 1730 3386 re-

142 3429 316 3483 ferunt
342 3426 594 3486 fructum,
623 3441 806 3479 verum
837 3425 994 3479 etiam
1023 3424 1275 3479 damnum
1297 3425 1496 3495 grande
1521 3426 1732 3495 patiun—

142 3529 242 3572 tur.
284 3517 420 3572 Nam
474 3525 531 3572 et
578 3516 781 3579 Paulus
825 3515 1055 3586 idipsum
1110 3516 1453 3572 subindicans
1477 3516 1726 3573 dicebat:

142 3611 239 3676 Qui
264 3610 482 3664 seminat
510 3609 564 3661 in
583 3624 736 3661 carne
754 3624 865 3674 sua,
901 3607 965 3662 de
986 3623 1140 3663 carne
1158 3625 1251 3663 sua
1277 3619 1426 3663 metet
1452 3612 1730 3681 corruptio-

141 3719 248 3755 nent
268 3702 285 3771 (
305 3701 481 3756 Galat.
509 3703 562 3757 6.
594 3702 628 3757 8
654 3700 696 3774 ).
730 3702 865 3757 Huic
902 3702 1104 3756 similes
1133 3711 1261 3757 sunt
1293 3703 1383 3773 qui
1422 3718 1585 3774 super
1610 3717 1731 3760 are-

142 3810 259 3849 nam
293 3794 598 3860 aediﬁcant;
624 3794 768 3850 verbi
795 3797 966 3865 gratia
996 3795 1088 3865 qui
1131 3795 1183 3849 in
1215 3794 1592 3863 fornicatione,
1636 3798 1728 3867 qui

142 3892 192 3942 in
218 3888 453 3953 luxuria,
484 3888 574 3957 qui
606 3888 659 3942 in
690 3888 952 3944 ebrietate
973 3890 1012 3954 ί,
1041 3888 1131 3959 qui
1156 3887 1211 3942 in
1241 3888 1535 3956 iracundia,
1563 3888 1654 3961 qui
1678 3891 1729 3944 in

142 3983 256 4037 aliis
282 3981 562 4036 omnibus.

207 4076 264 4129 4.
304 4072 633 4144 Comparatio
656 4072 825 4127 Achab
845 4082 893 4127 et
912 4072 1065 4141 Elite,
1091 4075 1436 4145 apostolorum
1456 4084 1503 4130 et
1521 4074 1734 4132 Juda’o-

142 4182 276 4219 rum.
324 4164 682 4235 Apostolorum
728 4164 918 4232 ﬁducia
965 4174 1012 4218 et
1058 4165 1295 4234 firmitas.
1331 4196 1401 4207 -—
1441 4167 1582 4223 Talis
1620 4178 1735 4224 erat

141 4256 361 4321 Achab;
404 4256 499 4310 sed
544 4271 648 4311 non
682 4257 801 4311 talis
846 4257 1006 4312 Elias.
1053 4258 1264 4315 Etenim
1314 4276 1346 4316 e
1382 4262 1597 4332 regione
1635 4278 1733 4333 po-

141 4358 335 4403 nentes
361 4348 582 4403 virtutes
612 4357 666 4403 et
695 4348 819 4403 vitia
843 4390 858 4414 ,
892 4349 1100 4405 illorqu
1128 4350 1478 4407 diﬂ‘ercntiam
1516 4370 1734 4408 accura-

142 4439 245 4493 tius
264 4453 638 4509 agnoscemus.
663 4438 757 4494 Ille
778 4454 1008 4509 namque
1025 4456 1188 4511 super
1209 4453 1411 4513 petram
1432 4444 1736 4511 aedificavit,

142 4529 229 4584 hic
255 4543 391 4585 vero
416 4544 579 4598 super
605 4545 824 4585 arenam
859 4549 872 4585 :
911 4531 1137 4602 ideoque
1164 4548 1258 4588 rex
1288 4549 1411 4589 cum
1439 4545 1583 4590 esset
1607 4551 1734 4606 pro-

142 4623 361 4693 phetam
388 4623 659 4678 metuebat
684 4632 737 4678 et
765 4623 1117 4691 formidabat,
1147 4628 1234 4697 qui
1258 4627 1514 4697 propheta
1542 4632 1737 4685 melote

145 4724 351 4769 tantum
397 4724 515 4771 erat
557 4714 791 4770 indutus.
842 4715 1002 4773 Tales
1045 4727 1196 4773 erant
1236 4719 1441 4787 Judaei;
1491 4722 1585 4777 sed
1629 4712 1747 4778 non

144 4808 373 4877 apostoli
404 4826 418 4862 :
446 4808 790 4879 quamobrem
820 4808 873 4863 hi
913 4811 1063 4879 pauci
1100 4828 1218 4866 cum
1250 4824 1430 4870 essent
1455 4824 1507 4870 et
1532 4816 1692 4869 vincti
1718 4859 1731 4881 ,

146 4903 452 4959 ﬁrmitatem
485 4914 649 4974 petrze
674 4903 1060 4971 ostendebant;
1088 4907 1179 4961 'illi
1216 4923 1341 4963 vero
1368 4910 1466 4965 etsi
1507 4911 1656 4965 multi
1685 4919 1739 4965 et

145 4998 336 5053 armati
362 5040 376 5063 ,
418 4997 779 5052 infirmitatem
828 5012 1026 5053 arenae.
1076 5000 1329 5055 Dicebant
1370 5003 1511 5056 enim
1556 5004 1739 5069 :Quid

147 5093 393 5160 faciemus
428 5089 715 5144 hominibus
742 5091 850 5145 istis
881 5092 897 5160 (
922 5090 1034 5144 Act.
1061 5091 1115 5146 4.
1146 5092 1212 5147 16
1235 5092 1294 5161 )?
1329 5094 1507 5149 Viden’
1536 5095 1653 5149 illos
1684 5096 1735 5150 in

145 5183 393 5253 angustia
428 5182 663 5247 versari;
693 5197 799 5237 non
829 5191 1007 5238 autem
1034 5198 1127 5239 eos
1165 5185 1254 5254 qui
1289 5187 1481 5255 captivi
1508 5195 1659 5242 erant
1685 5197 1741 5243 et

148 5275 308 5329 vincti
332 5316 349 5340 ,
378 5273 475 5330 sed
503 5274 589 5344 qui
621 5273 931 5329 detinebant
955 5285 1007 5330 et
1028 5275 1350 5332 vinxerant?
1376 5294 1480 5348 quo
1508 5279 1633 5349 quid
1662 5280 1740 5333 in-

145 5366 410 5420 snlentius
436 5365 716 5420 videatur?
756 5364 833 5420 Tu
859 5365 1068 5422 detines
1093 5377 1149 5449 et
1173 5368 1428 5424 dubitas?
1465 5370 1593 5426 Jure
1620 5372 1738 5440 qni-

147 5457 290 5510 dem.
320 5456 459 5524 Quia
489 5456 631 5511 enim
656 5457 834 5510 omnia
866 5471 1026 5527 super
1062 5473 1277 5514 arenam
1307 5460 1697 5516 mdilicaverant
1723 5482 1737 5529 ;

146 5549 268 5604 ideo
294 5548 621 5603 inﬁrmiores
649 5547 897 5603 omnibus
922 5560 1092 5605 crant.
1138 5550 1339 5605 Idcirco
1369 5552 1613 5609 dicebant
1642 5556 1734 5610 de-

210 5721 225 5753 ¹
261 5729 347 5772 tta:
374 5733 539 5780 voces,
564 5718 648 5782 qui
671 5719 720 5770 in
747 5715 987 5783 ebrietate,
1012 5718 1191 5771 desunt
1220 5721 1269 5770 in
1295 5722 1455 5773 Morel.

1059 273 1124 329 IN
1163 270 1574 330 MATTIIJEUM
1610 268 1842 328 IlOMIL.
1888 268 2075 323 XXIV.
2116 270 2187 321 al.
2234 268 2396 322 XXV.

3302 278 3406 333 326

1822 392 1929 431 nuo
1954 394 1968 432 :
1996 378 2133 445 Quid
2152 380 2320 450 facitis
2339 378 2810 447 volenteginducere
2828 401 2978 455 super
2997 403 3087 441 nos
3106 394 3405 459 sanguinem

1819 468 2036 523 hominis
2062 470 2215 541 hujus
2241 470 2378 541 (Act.
2399 471 2453 527 5.
2477 471 2608 542 9.8)?
2636 474 2771 543 Quid
2796 474 2962 532 dicit?
2987 478 3064 533 Tn
3090 483 3275 549 cmdis,
3301 496 3402 539 tere

1818 573 1937 624 res,
1962 560 2139 626 laedis,
2170 570 2223 618 et
2252 573 2306 617 tu
2338 564 2536 620 times?
2561 575 2614 620 tu
2638 567 2867 636 judicas,
2899 581 2952 626 et
2981 581 3034 626 tu
3064 576 3286 631 tremis?
3315 576 3407 634 Sic

1820 650 2029 708 inﬁrma
2058 662 2140 708 est
2167 655 2387 710 malitia.
2417 656 2520 712 Sed
2548 660 2772 728 apostoli
2800 677 2904 716 non
2929 664 3006 718 sic
3033 681 3046 717 :
3078 665 3196 719 Non
3223 686 3404 738 possu—

1818 757 1930 795 mus
1951 759 2042 797 nos
2061 760 2173 812 qua:
2191 745 2472 802 audivimus
2490 758 2537 803 et
2560 746 2772 805 vidimus
2793 768 2892 806 non
2914 754 3052 824 loqui
3068 757 3198 825 (Act.
3218 760 3253 813 4
3267 760 3403 826 .20).

1818 832 2063 889 Vidistiu’
2093 836 2325 891 animum
2366 839 2689 896 sublimem?
2728 843 2956 899 vidistin’
2982 859 3181 916 petram
3212 850 3405 908 ﬂuctus

1818 925 2118 983 ridentem?
2140 930 2368 985 vidistin’
2393 931 2609 988 domum
2637 935 3001 993 immobilem?
3022 941 3276 1014 Quodque
3298 947 3404 1000 mi-

1819 1019 2039 1074 rabilius
2063 1061 2079 1086 ,
2110 1036 2214 1075 non
2261 1022 2419 1078 modo
2450 1025 2617 1080 timidi
2664 1042 2771 1082 non
2799 1040 2952 1084 erant
2974 1072 2990 1096 ,
3030 1033 3169 1102 quod
3198 1035 3405 1091 insidia:

1820 1112 1950 1182 ipsis
1990 1125 2320 1183 pararentur,
2352 1119 2444 1172 sed
2471 1119 2630 1173 etiam
2667 1123 2921 1191 majorem
2950 1124 3197 1181 fiduciam
3224 1130 3404 1199 capie-
3472 1146 3476 1150 ‘

1819 1203 1985 1270 bant,
2035 1206 2257 1276 illosque
2296 1209 2347 1263 in
2392 1212 2646 1278 majorem
2692 1219 2987 1284 angustiam
3028 1219 3402 1289 conjiciebant.

1819 1294 1951 1350 Nam
1979 1298 2067 1367 qui
2094 1299 2429 1355 adamantem
2458 1304 2702 1371 percutit,
2726 1306 2840 1375 ipse
2861 1309 3051 1379 estqui
3075 1311 3402 1380 percutitur;

1821 1399 1875 1445 et
1894 1392 1983 1461 qui
2005 1401 2187 1447 contra
2211 1394 2480 1450 stimulum
2500 1396 2761 1466 calcitrat,
2786 1399 2898 1470 ipse
2919 1404 3109 1474 estqui
3135 1406 3402 1475 pungitur,

1820 1493 1874 1537 et
1901 1486 2079 1553 gravia
2110 1488 2302 1557 accipit
2326 1491 2579 1555 vulnera;
2605 1500 2658 1546 et
2683 1492 2772 1562 qui
2796 1494 2992 1550 virtute
3015 1497 3252 1566 prmditis
3278 1500 3406 1554 insi—

1820 1574 1996 1630 diatur
2019 1618 2033 1641 ,
2068 1577 2181 1646 ipse
2204 1588 2286 1634 est
2314 1581 2401 1650 qui
2431 1582 2780 1651 periclitatur.
2812 1585 3007 1642 Malitia
3036 1588 3232 1660 quippe
3258 1600 3406 1646 tanto

1821 1666 2083 1723 inﬁrmior
2101 1669 2344 1737 efﬁcitur,
2367 1684 2563 1743 quanto
2581 1676 2749 1747 magis
2768 1687 2949 1733 contra
2966 1680 3211 1738 virtutem
3232 1685 3401 1739 aciem

1820 1760 2054 1816 instruit.
2102 1763 2179 1817 Ac
2203 1765 2649 1833 quemadmodum
2676 1770 2766 1839 qui
2796 1769 2970 1840 ignem
3000 1772 3127 1842 ligat
3162 1773 3215 1829 in
3242 1777 3404 1830 vesti-

1821 1864 2005 1907 mento
2028 1894 2042 1919 ,
2086 1852 2349 1908 ﬂammam
2390 1856 2602 1927 quidem
2634 1875 2738 1913 non
2770 1862 3096 1933 exstinguit,
3125 1865 3217 1920 sed
3246 1868 3408 1922 vesti-

1822 1952 2057 1999 mentum
2101 1948 2368 2001 consumit
2399 1948 2516 2002 :sic
2554 1951 2641 2018 qui
2688 1952 2882 2007 virtute
2926 1955 3178 2023 pra-dites
3222 1956 3404 2023 lzedit,

1821 2037 2044 2102 detinet,
2080 2037 2234 2106 ligat;
2265 2038 2387 2093 illos
2410 2040 2620 2110 quidem
2648 2043 3035 2111 splendidiores
3061 2047 3258 2116 efficit,
3289 2065 3408 2105 sese

1822 2143 1952 2182 vero
1993 2129 2187 2198 perdit.
2240 2131 2447 2186 Etenim
2479 2145 2676 2202 quanto
2711 2138 2952 2205 graviora
2984 2154 3170 2209 passus
3207 2140 3406 2211 fueris,

1822 2220 1947 2275 dum
1976 2221 2143 2291 probe
2170 2222 2330 2277 vitam
2360 2223 2543 2290 ducis,
2574 2235 2720 2282 tanto
2747 2227 2935 2284 fortior
2961 2232 3180 2288 evadis:
3211 2243 3412 2304 quanto

1825 2312 1993 2383 magis
2019 2313 2159 2367 enim
2192 2312 2582 2383 philosophiam
2612 2317 2850 2374 colemus
2870 2361 2885 2386 ,
2915 2330 3064 2376 tanto
3092 2326 3260 2394 magis
3285 2326 3410 2380 nul-

1824 2404 1926 2459 lius
1955 2405 2261 2476 egebimus;
2289 2415 2343 2462 et
2360 2417 2559 2478 quanto
2585 2411 2752 2481 magis
2776 2413 2925 2468 nullo
2947 2414 3241 2484 egebimus,
3263 2426 3412 2473 tanto

1824 2496 2073 2552 fortiores
2108 2498 2306 2554 erimus
2327 2540 2343 2565 ,
2383 2508 2437 2555 et
2471 2501 2719 2557 omnibus
2746 2504 3069 2574 superiores.
3119 2507 3262 2563 Talis
3294 2520 3411 2566 erat

1824 2587 2079 2645 Joannes.
2112 2589 2469 2658 Quamobrem
2499 2609 2657 2650 nemo
2698 2595 2774 2650 illi
2815 2598 3111 2655 molestiam
3151 2603 3407 2668 creabat,

1826 2679 1917 2736 ille
1939 2689 2117 2736 autem
2139 2683 2396 2740 molestus
2417 2694 2532 2740 erat
2558 2686 2787 2753 Ilerodi;
2815 2700 2868 2744 et
2892 2691 2981 2761 qui
3008 2691 3140 2748 nihil
3163 2694 3410 2760 habebat,

1824 2773 2084 2829 adversus
2108 2784 2418 2844 regnantem
2449 2778 2767 2845 insurrexit;
2810 2782 2899 2851 qui
2925 2782 3225 2840 diademate
3244 2828 3258 2852 ,
3288 2801 3414 2856 pur-

1827 2881 1958 2938 pura
1975 2908 1991 2935 ,
2017 2867 2290 2939 multoque
2316 2879 2507 2926 ornatu
2536 2870 2763 2941 fulgens,
2790 2874 3036 2929 omnibus
3062 2877 3316 2932 nudatum
3349 2880 3415 2934 ti-

1826 2959 2011 3017 mebat
2049 2958 2509 3032 forntidahatque,
2542 2978 2715 3033 neque
2739 2964 2888 3020 illum
2918 2967 3091 3037 capite
3117 2976 3412 3025 truncatum

1830 3059 2039 3122 poterat
2081 3053 2197 3107 sine
2239 3063 2381 3107 metu
2411 3054 2698 3123 respicere.
2745 3056 2896 3123 Quod
2933 3059 3075 3112 enim
3105 3059 3265 3115 etiam
3297 3071 3415 3131 post

1830 3154 2057 3199 mortem
2089 3160 2193 3199 non
2236 3160 2400 3214 parvo
2442 3146 2632 3202 timore
2668 3146 2890 3203 allectus
2918 3158 3101 3214 esset,
3131 3152 3255 3207 audi
3290 3154 3416 3223 quid

1830 3237 1972 3291 dicat
1999 3255 2011 3289 :
2044 3236 2143 3291 Hic
2170 3247 2239 3291 est
2267 3237 2491 3293 Joannes
2512 3280 2526 3305 ,
2558 3256 2704 3307 quem
2733 3243 2895 3296 occidi
2922 3259 3013 3313 ego
3036 3243 3203 3316 (Luc.
3231 3245 3285 3302 9.
3315 3247 3413 3318 9).

1831 3326 1961 3382 Illud
1985 3336 2161 3383 autem
2186 3369 2201 3394 ,
2233 3328 2447 3397 Occidi,
2479 3346 2584 3385 non
2610 3341 2693 3386 est
2720 3347 2821 3387 vox
2845 3347 2966 3390 sese
2987 3335 3257 3394 efferentis
3278 3379 3294 3406 ,
3322 3340 3416 3396 sed

1833 3430 2032 3474 metum
2058 3435 2212 3474 suum
2245 3421 2484 3486 solantis,
2518 3432 2571 3478 et
2600 3423 2810 3480 turbato
2836 3428 3015 3482 animo
3040 3429 3328 3499 suadentis,
3361 3444 3416 3488 ut

1832 3514 2203 3574 recordaretur
2230 3513 2495 3569 homicidii
2526 3516 2577 3571 in
2620 3517 2767 3571 illntn
2800 3522 3106 3589 perpetrati.
3137 3521 3305 3579 Tanta
3334 3535 3417 3579 est

1832 3606 2044 3660 virtutis
2070 3605 2340 3673 fortitudo,
2372 3609 2608 3663 utetiam
2632 3621 2752 3679 post
2778 3620 3004 3667 mortem
3027 3614 3326 3671 viventibus
3350 3618 3420 3671 sit

1836 3697 2120 3764 potentior.
2171 3698 2400 3769 Ideoque
2434 3698 2501 3754 ad
2535 3715 2654 3755 eum
2686 3700 2812 3757 dum
2842 3704 3081 3769 viveret,
3121 3707 3209 3775 qui
3240 3708 3419 3763 multis

1835 3800 1988 3845 erant
2029 3792 2264 3861 pecuniis
2294 3792 2571 3858 instructi,
2608 3794 2922 3850 accedentes
2959 3796 3207 3852 dicebant
3235 3816 3249 3853 :
3282 3800 3419 3868 Quid

1836 3885 2077 3955 faciemus
2104 3884 2253 3957 (Luc.
2281 3887 2333 3942 5.
2357 3886 2480 3957 10)?
2509 3887 2606 3942 Tot
2636 3887 2842 3943 habetis
2861 3930 2876 3954 ,
2903 3897 2957 3944 et
2983 3890 3050 3944 ab
3079 3906 3143 3947 eo
3170 3893 3258 3961 qui
3289 3894 3418 3947 nihil

1837 3977 1997 4033 habet
2028 3979 2187 4033 vultis
2226 3979 2464 4035 ediscere
2491 3980 2626 4037 viain
2668 3991 2858 4038 vestra:
2896 3983 3207 4040 felicitatis?
3235 4002 3264 4041 a
3297 4004 3425 4056 pau-

1840 4084 1966 4140 pere
1993 4070 2221 4124 divites?
2269 4070 2336 4125 ah
2365 4087 2430 4125 eo
2454 4113 2469 4135 ,
2516 4072 2605 4142 qui
2644 4088 2710 4127 ne
2738 4073 2952 4128 domum
2983 4075 3193 4145 quidem
3224 4079 3420 4145 habet,

1837 4161 2072 4217 milites?
2118 4161 2261 4215 Talis
2288 4177 2497 4232 quoque
2522 4171 2639 4217 erat
2676 4163 2853 4219 IIclias
2882 4181 2895 4217 :
2926 4166 3269 4235 quamobrem
3299 4183 3421 4224 cum

1839 4253 2025 4308 eadem
2074 4252 2318 4309 libertate
2362 4268 2426 4308 ac
2473 4254 2662 4309 fiducia
2710 4255 2903 4325 populo
2951 4257 3283 4327 loquebatur.
3332 4260 3426 4317 Ille

1841 4360 2071 4414 namque
2095 4344 2324 4411 dicebat,
2359 4343 2626 4398 Genimina
2650 4345 2934 4415 viperarum
2962 4346 3190 4417 (Matth.
3223 4351 3273 4405 5.
3308 4351 3340 4406 7
3366 4353 3383 4421 )
3409 4374 3424 4417 ;

1843 4437 1928 4492 hic
1959 4453 2084 4492 vero
2106 4479 2120 4501 ,
2170 4436 2436 4509 Usquequo
2464 4438 2760 4492 claudicatis
2795 4448 3006 4509 utroque
3035 4442 3223 4511 peplite
3264 4454 3426 4497 vestro

1842 4527 1918 4601 (5.
1950 4527 2075 4599 Reg.
2102 4529 2188 4584 18.
2213 4527 2340 4601 2!)?
2366 4529 2462 4583 llic
2486 4529 2611 4583 item
2637 4529 2865 4595 dicebat,
2898 4530 3159 4597 Occidisti,
3187 4543 3233 4587 et
3256 4551 3427 4603 possc-

1842 4622 1960 4676 disti
1986 4624 2061 4692 (5.
2096 4621 2222 4693 Reg.
2253 4622 2340 4677 21.
2373 4621 2496 4694 19);
2530 4622 2617 4678 ille
2645 4638 2801 4689 vero,
2832 4622 2952 4678 Non
2984 4625 3096 4679 licet
3125 4627 3215 4680 tibi
3248 4629 3430 4682 habere

1843 4731 2050 4769 uxorem
2092 4714 2322 4786 Philippi
2353 4717 2527 4788 fratris
2563 4717 2633 4770 tui
2670 4717 2688 4787 (
2717 4716 2901 4770 Matth.
2932 4718 3017 4772 H.
3047 4720 3080 4773 4
3184 4721 3427 4776 Vidistin’

1845 4808 2092 4874 petram?
2138 4808 2371 4863 vidistin’
2415 4824 2630 4879 arenam
2674 4812 2940 4879 quomodo
2982 4812 3133 4871 facile
3175 4811 3426 4869 decidat?

1842 4899 2112 4968 quomodo
2136 4901 2522 4956 calamitatibus
2548 4903 2733 4971 cedat,
2763 4906 3029 4975 quomodo
3054 4907 3392 4962 subvertatur
3409 4946 3425 4972 ,

1844 4993 1942 5048 etsi
1985 4992 2125 5062 apud
2171 5009 2349 5065 regem
2375 5035 2389 5060 ,
2418 4996 2518 5050 etsi
2560 4997 2698 5066 apud
2750 4999 3001 5067 populum
3040 4999 3145 5065 sit,
3177 4999 3277 5053 etsi
3305 5014 3426 5054 cmn

1848 5086 2115 5155 potentia?
2147 5087 2273 5141 Illos
2297 5070 2437 5142 enini
2465 5089 2553 5158 qui
2582 5104 2641 5142 se
2666 5089 2864 5143 adt-unt
2888 5090 3126 5144 omnium
3153 5091 3431 5148 stolidissi-

1846 5192 1962 5231 mos
1991 5177 2181 5232 reddit.
2229 5178 2411 5248 Neque
2440 5180 2610 5234 solnnt
2639 5180 2828 5234 decidit
2855 5222 2869 5246 ,
2903 5182 2993 5235 sed
3025 5191 3078 5236 ct
3105 5198 3224 5238 cum
3265 5184 3430 5240 multa

1847 5270 2166 5325 calamitate.
2212 5270 2419 5325 Etenim
2447 5272 2537 5326 27.
2568 5271 2731 5325 Facta
2765 5282 2837 5326 est
2858 5314 2872 5338 ,
2916 5273 3117 5343 inquit,
3148 5275 3297 5330 ruina
3323 5277 3431 5347 ejus

1849 5381 2033 5435 magna
2058 5364 2222 5419 valde.
2269 5365 2452 5435 Neque
2475 5366 2614 5419 enim
2644 5366 2696 5419 in
2723 5382 2779 5420 re
2812 5366 2927 5420 vilis
2953 5368 3107 5437 pretii
3138 5370 3428 5438 periculum

1849 5468 1927 5511 est
1951 5500 1963 5521 ,
1995 5458 2087 5513 sed
2118 5457 2184 5512 de
2205 5458 2378 5511 anima
2407 5459 2613 5528 agitur,
2642 5458 2708 5513 de
2734 5458 3018 5515 amissione
3057 5461 3309 5516 caelorum
3332 5503 3345 5526 ,
3377 5474 3432 5517 et
3479 5468 3508 5493 ⁸

1850 5550 2107 5603 honorum
2159 5549 2536 5603 immortalium
2580 5550 2618 5605 ¹.
2648 5551 2759 5606 Imo
2802 5566 2930 5606 vero
2973 5553 3133 5608 etiam
3176 5565 3302 5610 ante
3345 5553 3434 5607 illa

1916 5729 1931 5759 ⁸
1969 5735 2094 5789 Mss,
2123 5738 2407 5777 coronarum
2429 5725 2791 5783 inmortalium.
