3868 6182
421 304 523 359 527

414 416 593 475 omnia
624 409 958 469 miseriorem
987 403 1073 457 hic
1101 402 1261 456 vitam
1289 397 1449 451 ducet
1478 395 1567 449 ille
1597 391 1810 446 malitize
1833 399 2007 443 secta-

418 520 524 577 tor,
545 510 596 563 in
620 500 959 563 maeroribus,
982 494 1210 565 assiduis
1228 490 1527 553 timoribus,
1544 482 2007 545 sollicitudinibus,

416 574 800 667 certaminibus
844 592 1004 646 vitam
1046 602 1209 658 agens
1250 599 1263 635 :
1305 581 1447 653 quod
1492 578 1705 648 sapiens
1746 574 2008 645 quispiam

419 692 762 752 subindicans
791 684 1002 741 dicebat
1031 698 1043 733 :
1078 678 1233 749 Fugit
1258 675 1465 744 impius,
1494 670 1690 724 nemine
1716 680 2014 736 persequen-

418 798 469 841 te
496 783 682 858 (Prov.
702 767 795 840 28.
829 779 855 832 1
879 780 920 848 ).
956 769 1267 842 llnjusmodi
1298 766 1493 835 quippe
1522 759 1769 815 homines
1795 756 2014 810 umbras

418 852 691 938 tremunt,
721 870 923 924 amicos
951 870 1229 933 suspectos
1257 857 1455 912 habent
1480 894 1494 918 ,
1534 852 1714 905 hostes
1738 889 1752 911 .
1782 859 1966 901 servos
1991 883 2007 909 ,

424 975 581 1023 notos
609 962 710 1019 sibi
734 1000 747 1023 .
778 961 984 1031 ignotos
1006 997 1020 1021 ,
1057 963 1113 1011 et
1134 959 1264 1007 ante
1292 945 1610 1017 supplicium
1639 942 1724 994 hic
1748 949 2016 1031 extremas

422 1057 553 1113 dant
601 1026 823 1125 pinnas:
855 1050 981 1104 llaec
1024 1058 1183 1116 porro
1217 1039 1395 1096 omnia
1437 1034 1743 1105 signiﬁcans
1768 1026 2016 1083 Christus

423 1146 636 1203 dicebat
664 1163 677 1199 :
709 1142 831 1197 Fuit
861 1140 1010 1194 ruina
1047 1136 1185 1190 illius
1212 1146 1397 1201 magna
1434 1128 1583 1182 valde
1610 1139 1631 1181 :
1654 1128 2017 1179 consentanea

429 1241 537 1295 fine
565 1239 679 1292 haec
704 1232 926 1308 pulchra
954 1235 1216 1301 praecepta
1246 1221 1519 1283 claudens,
1542 1224 1599 1271 et
1622 1214 1704 1269 vel
1731 1209 2017 1267 admodum

435 1306 725 1387 incredulis
748 1325 980 1380 suadens
1006 1320 1167 1376 etiam
1194 1332 1259 1373 ex
1289 1310 1539 1385 prmsenti
1562 1322 1741 1363 rerum
1768 1312 1933 1367 statu,
1962 1306 2022 1353 ut

1095 289 1151 343 S.
1190 281 1467 341 JOANNIS
1505 273 1972 335 οιιιιγεοδτοιιι
2013 278 2028 328 1

2133 269 2331 327 ιιιιειν.
2370 267 2902 325 CONSTANTINOP.
2964 244 2971 251 “

3599 257 3705 315 δίδ

2115 385 2317 450 fugiant
2347 384 2655 453 nequitiam.
2707 382 2928 437 Etiamsi
2956 382 3097 437 enim
3132 379 3304 451 major
3328 379 3394 435 sit
3419 377 3487 433 de
3518 376 3710 431 futuris

2115 492 2314 541 sermo,
2339 484 2573 530 attamen
2605 475 2691 528 hic
2716 475 2885 545 magis
2912 472 3137 529 idoneus
3162 488 3338 528 sermo
3356 478 3440 526 est
3463 469 3531 524 ad
3559 483 3711 523 cras-

2114 568 2287 622 siores
2313 567 2556 621 homines
2577 565 2907 621 cohibendos
2937 578 2988 621 et
3019 582 3048 620 a
3078 565 3311 634 nequitia
3342 562 3711 616 abducendus.

2118 658 2346 728 ideoque
2376 658 2465 711 tali
2498 659 2603 712 fine
2628 674 2808 711 sermo
2832 658 3044 713 clausus
3069 666 3188 722 est,
3218 665 3273 711 ιιι
3300 656 3464 709 menti
3497 652 3680 707 hzcrcn
3700 679 3716 688 -

2118 758 2224 804 tem
2270 749 2394 802 hinc
2441 749 2720 803 utilitatem
2766 760 3071 819 carperent.
3137 749 3261 803 lltec
3310 748 3488 817 itaque
3532 746 3715 799 omnia

2118 842 2369 903 scientes,
2405 850 2510 895 tam
2542 842 2823 911 praesentia
2849 858 3008 913 quam
3036 843 3232 907 futura,
3264 840 3526 911 fugiamus
3557 838 3717 891 mali-

2121 930 2249 984 tiam
2274 972 2291 997 ,
2320 931 2497 984 virtuti
2529 932 2840 987 studeamus
2862 973 2877 998 ,
2911 948 2979 988 ne
3020 933 3211 987 frustra
3248 930 3551 986 laboremus
3571 971 3586 992 ,
3618 928 3716 983 sed

2121 1030 2177 1077 et
2221 1021 2307 1076 hic
2337 1022 2624 1078 securitate
2661 1024 2900 1079 fruamur
2922 1066 2938 1089 ,
2979 1036 3033 1080 et
3077 1025 3183 1080 illic
3218 1024 3401 1094 gloria:
3438 1031 3718 1077 consortes

2123 1112 2292 1167 simus
2325 1131 2337 1167 :
2365 1127 2525 1182 quam
2557 1115 2757 1169 utinam
2785 1130 2974 1171 omnes
3001 1130 3395 1185 consequamur
3419 1155 3435 1179 ,
3464 1114 3633 1184 gratia
3663 1124 3719 1167 et

2125 1204 2455 1274 benignitate
2485 1206 2695 1261 Domini
2732 1209 2900 1262 nostri
2930 1208 3058 1263 .Iesu
3087 1208 3322 1274 Christi,
3353 1211 3437 1261 cui
3468 1206 3637 1277 gloria
3665 1216 3723 1261 et

2131 1293 2416 1365 imperium
2455 1296 2507 1349 iu
2537 1299 2729 1352 saecula
2759 1299 3098 1354 sseculorum.
3132 1302 3322 1353 Amen.

427 1410 3714 1482 ________—__————-—————————

918 1498 925 1501 ’
1558 1517 1908 1585 HOMILIA
1950 1511 2162 1577 xxv.
2206 1514 2293 1576 al.
2340 1514 2577 1577 xxvr.

429 1692 561 1746 (lar.
603 1690 657 1744 7.
700 1703 751 1740 v.
790 1684 881 1739 28.
926 1681 992 1735 Et
1053 1684 1244 1751 factum
1295 1682 1406 1739 est,
1453 1685 1568 1724 cum
1626 1665 2021 1721 consummasset

501 1785 651 1841 Iesus
676 1794 929 1839 sermones
955 1777 1097 1841 istos,
1128 1771 1445 1825 mirabantur
1474 1762 1631 1820 turbw
1655 1775 1807 1830 super
1833 1755 2020 1811 doctri-

499 1895 569 1933 na
594 1877 726 1946 ejus.

502 1973 556 2026 1.
596 1968 756 2022 Certe
780 1972 1116 2031 consequens
1142 1964 1258 2012 erat
1280 1996 1296 2022 ,
1326 1961 1386 2007 ut
1412 1950 1481 2006 de
1509 1959 1741 2003 oneroso
1776 1952 2025 1997 sermone

344 2062 349 2066 ’
437 2063 723 2124 dolerent,
777 2060 1158 2125 torperentque
1194 2049 1263 2103 ob
1302 2050 1686 2118 praceptorum
1724 2033 2025 2091 sublimita-

438 2170 547 2211 tem
571 2170 587 2218 ;
621 2152 733 2223 jam
762 2162 891 2205 vero
920 2154 1061 2201 tanta
1092 2149 1207 2198 erat
1231 2137 1471 2194 docentis
1500 2134 1668 2188 virtus
1689 2171 1703 2185 .
1744 2136 1801 2183 ut
1828 2125 2026 2180 multos

436 2216 882 2309 eorum'caperet,
905 2234 1141 2306 atquein
1162 2228 1567 2287 admirationem
1597 2223 1862 2292 ingentem
1885 2216 2028 2271 abri-

437 2347 623 2410 petet,
658 2334 1013 2401 suaderetque
1060 2332 1278 2398 pr0pter
1317 2320 1645 2388 voluptatem
1674 2330 1740 2369 ex
1780 2323 2029 2410 sermone

436 2400 642 2498 partam
668 2468 685 2492 ,
714 2435 768 2479 ut
804 2438 871 2479 ne
894 2462 909 2487 ,
928 2400 1222 2490 postquam
1251 2413 1410 2469 finem
1438 2406 1651 2465 dicendi
1694 2404 1930 2467 fecerat,
1960 2400 2028 2455 ab

438 2493 534 2576 illo
552 2516 909 2575 discederent.
936 2511 1119 2581 Neque
1137 2508 1279 2563 enim
1300 2518 1424 2560 cum
1442 2517 1506 2558 ex
1528 2509 1712 2556 monte
1732 2493 2027 2557 descendit,

439 2610 712 2666 auditores
735 2606 1101 2666 abcesserunt,
1123 2598 1217 2655 sed
1245 2606 1413 2652 totum
1435 2591 1736 2648 auditorum
1764 2587 2030 2642 theatrum

439 2708 721 2772 sequutum
764 2704 890 2753 est:
924 2700 1126 2748 tantum
1175 2687 1279 2743 illis
1321 2683 1585 2741 indiderat
1621 2679 1879 2736 doctrina:
1920 2690 2033 2730 suae

441 2808 700 2850 amorem.
734 2788 1146 2845 Admirahantur
1171 2790 1351 2837 autem
1380 2775 1610 2832 maxime
1633 2773 1774 2829 illius
1800 2778 2033 2841 potesta-

444 2900 572 2944 tem.
595 2884 711 2940 Non
738 2883 882 2939 enim
905 2879 974 2935 ad
997 2878 1159 2934 alium
1184 2873 1322 2930 dicta
1347 2869 1587 2927 referens
1614 2864 1949 2939 loquebatur.
1978 2869 2035 2918 ιιι

449 2976 727 3048 propheta:
738 2983 793 3030 et
803 2970 1092 3043 Moyses(a)
1102 3009 1116 3034 ,
1130 2968 1222 3024 sed
1237 2966 1437 3035 ubique
1452 2962 1770 3019 ostendebat
1784 2961 2028 3031 seipsum

453 3082 575 3124 esse
599 3067 695 3138 qui
725 3064 1100 3120 auctoritatem
1120 3059 1364 3114 haberet.
1400 3055 1536 3110 Nam
1552 3070 1676 3110 cum
1710 3054 1856 3124 leges
1888 3067 2031 3123 saepe

452 3152 1173 3230 pronuntiaret,adjiciebat,
1189 3149 1301 3221 Ego
1318 3158 1492 3203 autem
1510 3147 1628 3201 dico
1644 3145 1785 3200 vobis
1805 3152 1889 3199 :et
1904 3158 2028 3198 eum

454 3249 600 3305 diem
618 3248 765 3304 illam
783 3241 1509 3312 commemoraret,seipsum
1536 3233 2033 3307 monstrabatjudi-

452 3353 595 3406 cem,
614 3346 668 3393 et
683 3352 777 3409 per
799 3334 1060 3406 supplicia
1080 3343 1133 3389 et
1153 3348 1248 3404 per
1260 3332 1503 3403 praemia.
1524 3328 1683 3398 Atqui
1700 3327 2035 3381 hincconse-

444 3445 617 3501 quens
656 3427 939 3489 videbatur
977 3441 1137 3492 esse,
1177 3431 1239 3479 ut
1282 3421 1357 3478 illi
1406 3420 1766 3476 turbarentur.
1812 3415 1944 3470 Nam
1990 3411 2036 3466 si

442 3522 656 3593 scribae,
688 3524 776 3595 qui
804 3521 1049 3577 viderant
1072 3517 1222 3573 illum
1251 3528 1347 3585 per
1374 3526 1535 3583 opera
1568 3509 1851 3581 potentiam
1884 3519 2035 3560 suam

446 3616 732 3674 ostendere
748 3655 763 3681 ,
792 3611 1057 3684 lapidibus
1083 3622 1204 3664 eum
1230 3605 1573 3675 impetierunt
1595 3608 1650 3656 et
1675 3600 1993 3669 expulerunt
2020 3611 2035 3649 :

447 3706 719 3781 quomodo
748 3704 837 3761 ubi
864 3702 1025 3759 verba
1053 3707 1256 3755 tantum
1284 3704 1435 3752 erant
1459 3735 1475 3761 ,
1506 3707 1623 3764 quae
1650 3690 1792 3746 illam
1820 3686 2039 3744 exhibe-

449 3780 605 3865 reut,
638 3812 743 3852 non
767 3792 1061 3850 verisimile
1095 3799 1211 3846 erat
1245 3788 1359 3842 haec
1387 3786 1492 3841 illis
1519 3781 1840 3839 offendiculo
1879 3780 1993 3836 fore
2017 3819 2035 3847 ,

448 3905 571 3947 cum
600 3887 831 3943 maxime
872 3885 989 3941 haec
1019 3884 1072 3937 in
1102 3879 1324 3936 exordio
1348 3878 1652 3934 dicerentur
1674 3917 1690 3940 ,
1732 3874 2036 3944 priusquam

449 3985 541 4040 ille
586 3982 837 4053 potentia:
875 3994 987 4033 sua:
1035 3976 1457 4046 experimentum
1486 3969 1759 4025 dedisset?
1788 3968 2037 4021 Attamen

447 4078 582 4133 nihil
602 4076 790 4133 horum
815 4072 1150 4145 patiebantur
1176 4084 1191 4123 :
1213 4067 1426 4138 quando
1446 4064 1587 4121 enim
1608 4062 1818 4117 animus
1841 4058 2037 4130 probus

445 4180 504 4233 et
551 4170 688 4242 frugi
714 4176 834 4234 est,
884 4165 1124 4221 veritatis
1175 4160 1431 4218 doctrinre
1480 4158 1636 4213 facile
1681 4156 2033 4227 obtemperat.

446 4264 782 4332 Quapropter
810 4258 885 4314 illi
914 4256 1153 4328 quidem,
1182 4252 1391 4309 etiamsi
1419 4250 1536 4321 ejus
1564 4248 1854 4320 potentiam
1885 4248 2035 4318 signa

447 4354 834 4425 praedicarent,
865 4347 1305 4410 ofl‘endebantur;
1339 4344 1394 4398 hi
1422 4358 1549 4399 vero
1574 4355 1874 4397 sermonem
1914 4348 2034 4394 tan-

447 4457 558 4500 tum
585 4442 864 4499 audientes
886 4481 904 4507 ,
931 4437 1372 4508 obtemperabant
1400 4444 1456 4490 et
1492 4433 1873 4505 sequebantur.
1925 4432 2034 4487 Iloc

445 4537 588 4593 enim
628 4534 971 4590 subindicans
1006 4531 1330 4603 evangelista
1369 4528 1615 4592 dicebat,
1654 4527 1895 4597 Sequuta:
1918 4536 2036 4581 sunt

446 4645 561 4683 eum
587 4625 747 4681 turba:
776 4625 950 4679 multis
972 4666 989 4689 ,
1018 4639 1125 4678 non
1150 4623 1310 4693 aliqui
1333 4637 1401 4676 cx
1430 4620 1729 4691 principum
1754 4627 1807 4674 et
1829 4619 2034 4674 scriba-

444 4738 563 4778 rum
603 4734 829 4776 numero
850 4760 866 4785 ,
909 4718 1004 4774 sed
1047 4726 1308 4789 quotquot
1336 4731 1365 4770 a
1394 4716 1627 4787 nequitia
1658 4715 1809 4770 liberi
1839 4723 1991 4770 erant
2013 4755 2030 4782 ,

442 4816 759 4883 sinceraque
786 4812 987 4865 animo.
1030 4809 1133 4866 Per
1164 4817 1332 4864 totum
1362 4818 1540 4863 autem
1571 4806 1901 4878 evangelium
1934 4806 2034 4862 hos

441 4906 593 4963 vides
632 4904 731 4976 ipsi
761 4906 1047 4958 haareutes.
1092 4900 1226 4961 Nam
1266 4914 1387 4956 cum
1428 4899 1770 4969 loqueretur,
1814 4898 2033 4953 silentes

444 4998 763 5064 audiebant,
808 5011 917 5051 non
962 4994 1446 5063 interrumpentes,
1493 5006 1598 5047 non
1631 4991 2032 5061 interpellantes

445 5098 771 5160 nequeutem,
799 5103 905 5142 non
933 5093 1225 5152 tentantes,
1250 5100 1348 5140 nec
1372 5083 1705 5139 occasionem
1733 5091 2029 5152 captantes,

448 5182 888 5252 quemadmodum
932 5180 1187 5236 Pharisaei
1227 5196 1241 5234 :
1274 5188 1394 5250 post
1435 5177 1666 5233 habitam
1705 5192 1865 5247 porro
1903 5190 2031 5231 con-
2064 5198 2065 5201 η

465 5470 1003 5547 ξψςιιι-ριιίιᾷᾷιιιοᾼᾶιριι
1037 5474 1100 5547 de
1122 5475 1330 5547 ‘Christo
1349 5491 1463 5547 eum
1488 5486 1740 5547 potestate
1778 5483 2037 5544 loquente,

452 5536 704 5606 jamjanteg
716 5544 889 5606 neque
909 5536 1065 5584 semel
1104 5536 1256 5606 dixit,
1268 5537 1361 5606 ’ubi
1382 5536 1531 5606 etiam
1553 5540 1778 5606 aitjllum
1801 5536 2042 5606 quemad-l

457 5591 659 5675 suam
680 5591 1172 5675 uertisseeeasie
1215 5591 1329 5675 εἰίρ.
1355 5603 1443 5675 θρα
1481 5603 1545 5650 de
1573 5601 1741 5675 satis?
1774 5591 2036 5675 sum

457 5650 634 5722 fuisse.
680 5650 876 5722 Yidésis
917 5654 1122 5718 primam
1176 5650 1543 5713 adnotationem
1578 5650 2039 5719 Vb‘rid'ericiwi’iel—d

459 5713 522 5762 ad
540 5714 667 5764 hanc
686 5713 941 5766 homil'tani
969 5732 1080 5769 xxv.

2126 1653 2335 1713 cionem
2365 1659 2735 1715 admirabundi
2764 1661 3142 1732 sequebantur.
3171 1662 3248 1717 'l‘u
3282 1678 3407 1717 vero
3436 1641 3562 1716 inihi
3591 1676 3726 1714 eou-

2126 1749 2333 1807 sideres
2376 1751 2534 1805 velim
2580 1752 2786 1807 Domini
2827 1752 3162 1822 prudentiam
3188 1794 3203 1819 ,
3246 1753 3515 1824 quomodo
3550 1754 3729 1809 variet

2126 1842 2195 1898 ad
2237 1841 2565 1897 audientium
2613 1842 2893 1898 utilitatem
2919 1884 2935 1911 ,
2962 1844 3234 1914 quomodo
3273 1859 3304 1898 a
3345 1844 3613 1899 miraculis
3656 1844 3728 1896 ad

2130 1934 2327 2001 verba,
2359 1943 2415 1989 et
2457 1949 2581 1989 mox
2610 1950 2641 1989 a
2668 1935 2847 1990 verbis
2883 1934 2950 1990 ad
2993 1936 3247 1990 miracula
3291 1945 3544 1990 transeat.
3592 1935 3730 1989 Nam

2132 2028 2441 2097 priusquam
2468 2028 2536 2083 ad
2565 2036 2803 2084 montem
2828 2028 3161 2095 ascenderet,
3193 2029 3390 2083 multos
3413 2026 3639 2090 curavit,
3671 2038 3729 2080 ut

2132 2119 2198 2173 iis
2246 2134 2367 2188 quae
2412 2118 2637 2173 dicenda
2684 2129 2839 2174 erant
2873 2118 3011 2173 viam
3058 2129 3289 2187 pararet.
3337 2119 3404 2172 Et
3446 2128 3733 2188 postquam

2131 2210 2268 2266 hanc
2296 2211 2507 2280 longam
2537 2213 2885 2280 quiestiouem
2912 2210 3234 2275 absolverat,
3264 2223 3449 2263 rursus
3473 2209 3539 2264 ad
3567 2210 3733 2263 tnira-

2132 2301 2250 2356 cuia
2282 2304 2465 2367 venit,
2516 2300 2669 2356 factis
2710 2300 2850 2356 dicta
2886 2300 3231 2356 confirmans.
3279 2302 3408 2368 Quia
3452 2301 3593 2355 enim
3634 2300 3732 2356 29.

2135 2395 2412 2466 Tamquam
2442 2406 2735 2466 potestatem
2764 2396 2950 2451 habens
2978 2397 3202 2478 docebat
3225 2438 3238 2461 ,
3270 2413 3336 2452 ne
3375 2396 3466 2452 hic
3503 2397 3736 2452 docendi

2135 2482 2326 2543 modus
2356 2488 2549 2543 fastum
2598 2499 2810 2559 saperet
2850 2499 2942 2544 aut
2977 2490 3387 2545 ostentationem
3414 2533 3429 2554 ,
3474 2493 3736 2561 operibus

2134 2581 2367 2650 idipsum
2397 2582 2539 2641 facit.
2562 2592 2614 2636 et
2641 2591 2909 2652 tamquam
2935 2591 3253 2651 potestatem
3281 2582 3479 2637 habens
3508 2583 3732 2637 morbos

2134 2682 2322 2739 curat,
2357 2682 2414 2727 ut
2460 2688 2528 2727 ne
2574 2673 2709 2727 ultra
2762 2674 3104 2731 turbarentur
3152 2674 3323 2744 ipsum
3372 2674 3613 2731 videntes
3657 2677 3733 2729 ita

2136 2762 2438 2829 docentem,
2470 2781 2590 2818 cum
2620 2764 2877 2822 miracula
2914 2769 2991 2823 sic
3020 2768 3222 2825 ederet.
3254 2768 3421 2839 (Cap.
3462 2767 3598 2821 HI!
3625 2772 3645 2838 )
3678 2772 3736 2822 l.

2138 2854 2262 2912 Cum
2302 2856 2635 2913 descendisset
2681 2859 2822 2914 enim
2867 2859 2931 2914 de
2960 2870 3162 2925 monte,
3202 2869 3423 2931 sequuta:
3461 2870 3577 2913 sunt
3620 2877 3738 2914 eum

2138 2953 2299 3006 turba:
2326 2952 2514 3007 multas.
2542 2952 2596 3006 2.
2628 2950 2696 3005 Et
2723 2952 2929 3007 accessit
2958 2951 3187 3021 leprosus
3222 2952 3394 3007 dicens
3421 2968 3441 3005 :
3466 2950 3687 3005 Domine
3715 2991 3736 3015 ,

2137 3046 2183 3099 si
2223 3047 2331 3109 vis,
2372 3056 2513 3115 potes
2550 3060 2630 3099 me
2670 3043 2935 3098 mundare.
2987 3042 3171 3113 Magna
3204 3043 3479 3112 prudentia
3509 3053 3563 3098 et
3598 3042 3739 3097 fides

2140 3138 2463 3194 accedentis.
2493 3135 2675 3206 Neque
2711 3135 2853 3190 enim
2893 3134 3188 3189 doctrinam
3223 3134 3607 3204 interpellavit,
3638 3150 3729 3189 ne-

2139 3248 2244 3303 que
2271 3231 2572 3286 auditorum
2604 3231 2867 3284 theatrum
2895 3228 3098 3293 secuit,
3131 3227 3224 3282 sed
3252 3238 3608 3297 opportunum
3643 3242 3738 3281 ex-

2139 3323 2400 3394 spectavit
2426 3332 2653 3392 tempus,
2683 3330 2742 3378 et
2769 3320 2858 3377 ubi
2887 3320 3137 3376 Christus
3165 3318 3529 3375 descendisset
3554 3333 3737 3373 acces-

2140 3415 2229 3471 sit.
2254 3414 2365 3470 Nec
2390 3413 2770 3485 perfunctorie,
2802 3412 2898 3467 sed
2927 3411 3096 3467 multo
3120 3426 3241 3465 cum
3271 3410 3499 3472 fervore,
3526 3418 3581 3465 et
3605 3420 3740 3464 ante

2139 3521 2310 3578 genua
2357 3506 2474 3575 ejus
2518 3504 2619 3575 ipsi
2664 3503 2957 3575 supplicat,
2999 3510 3059 3558 ut
3104 3503 3179 3557 ait
3227 3500 3366 3556 alter
3410 3502 3740 3571 evangelista

2140 3597 2332 3670 (Marc.
2352 3598 2405 3653 1.
2423 3594 2539 3668 40),
2560 3610 2624 3651 ac
2644 3611 2765 3651 cum
2792 3596 2999 3651 sincera
3025 3593 3150 3658 fide,
3179 3602 3235 3649 et
3257 3594 3568 3663 congruenti
3594 3594 3739 3648 circa

2139 3689 2288 3746 illum
2318 3689 2589 3759 opinione.
2617 3688 2798 3759 Neque
2822 3689 2964 3743 enim
2989 3685 3122 3742 dixit
3141 3728 3155 3751 ,
3184 3685 3231 3741 si
3277 3685 3442 3741 Deum
3489 3696 3741 3755 precatus

2138 3779 2328 3847 fueris,
2347 3794 2536 3849 neque,
2563 3776 2619 3832 Si
2642 3773 2908 3841 oraveris;
2926 3775 3043 3840 sed,
3061 3772 3122 3830 Si
3137 3776 3232 3841 vis,
3257 3784 3395 3845 potes
3417 3791 3495 3829 me
3520 3776 3734 3828 munda-

2138 3888 2214 3927 re.
2248 3870 2431 3941 Neque
2457 3869 2623 3935 dixit,
2654 3868 2896 3935 Domine,
2926 3867 3121 3922 munda
3146 3883 3264 3933 me;
3292 3866 3384 3921 sed
3414 3867 3513 3937 ipsi
3542 3876 3739 3921 cuni-ta

2140 3963 2469 4030 committit,
2530 3970 2687 4031 atque
2729 3958 2949 4014 curandi
2999 3960 3273 4014 dominum
3320 3960 3467 4013 illum
3512 3973 3636 4014 esse
3680 3970 3739 4014 et

2141 4063 2458 4127 potestatem
2504 4053 2621 4122 ejus
2658 4066 2919 4106 summam
2967 4050 3299 4106 testificatur.
3349 4050 3485 4117 Quid
3531 4050 3735 4120 igitur,

2138 4146 2347 4218 inquies
2371 4184 2388 4211 ,
2420 4144 2465 4199 si
2500 4142 2630 4198 falsa
2659 4151 2775 4197 erat
2805 4140 3001 4210 leprosi
3028 4139 3251 4209 opinio?
3278 4139 3427 4194 Illam
3454 4138 3740 4196 confutare

2138 4238 2394 4310 oportuit,
2419 4237 2699 4308 ipsumque
2720 4237 2998 4305 increpare
3022 4251 3084 4290 ac
3103 4235 3391 4306 corrigere.
3413 4233 3549 4289 Num
3571 4235 3738 4305 igitur

2138 4330 2267 4386 illud
2311 4329 2474 4385 fecit?
2516 4327 2862 4399 Nequaquam
2902 4346 2915 4381 :
2958 4327 3066 4382 imo
3106 4326 3304 4383 dictum
3353 4328 3636 4382 confirmat
3680 4339 3736 4382 et

2136 4424 2373 4480 roborat.
2402 4422 2631 4494 Ideoque
2660 4437 2764 4478 non
2796 4422 2965 4488 dixit,
2996 4420 3275 4487 Mundare,
3307 4420 3402 4476 scd
3426 4461 3443 4488 ,
3472 4422 3525 4476 ὅ.
3576 4418 3735 4489 Volo,

2090 4530 2093 4533 ·
2136 4516 2421 4580 mundare;
2450 4524 2509 4570 ut
2538 4530 2643 4570 non
2674 4514 2817 4569 illius
2846 4513 3132 4584 opinione,
3166 4512 3259 4568 sed
3288 4511 3485 4567 Christi
3513 4522 3736 4567 senteu-

2138 4608 2210 4663 tia
2237 4607 2429 4679 dogma
2457 4606 2778 4662 firmaretur.
2808 4607 2878 4661 At
2906 4622 3011 4659 non
3054 4606 3132 4661 sic
3172 4605 3399 4674 apostoli
3432 4622 3447 4659 :
3474 4604 3569 4659 sed
3593 4620 3733 4674 quo-

2135 4701 2337 4757 modo?
2381 4699 2514 4767 Quia
2559 4700 2784 4770 populus
2825 4708 2967 4754 totus
3004 4697 3287 4767 stupebat,
3319 4696 3568 4752 dicebant
3606 4696 3727 4751 illi:

2139 4794 2276 4862 Quid
2302 4794 2443 4849 nobis
2467 4793 2723 4848 attenditis
2740 4834 2754 4857 ,
2780 4791 2925 4862 quasi
2950 4790 3157 4861 propria
3186 4790 3363 4844 virtute
3382 4790 3456 4843 vel
3481 4799 3731 4859 potestate

2134 4885 2399 4956 fecerimus
2431 4886 2565 4939 hunc
2590 4884 2850 4937 ambulare
2879 4882 3015 4951 (Act.
3046 4882 3099 4935 5.
3132 4880 3263 4952 12)?
3292 4880 3546 4935 Dominus
3571 4896 3723 4944 vero,

2134 4980 2237 5035 etsi
2283 4979 2447 5034 multa
2493 4977 2735 5032 modeste
2779 4991 2922 5044 Saepe
2960 4973 3204 5040 dixerat,
3236 4989 3354 5044 qua:
3390 4972 3571 5043 gloria:
3610 4988 3724 5028 sua:

2134 5072 2398 5130 inferiora
2438 5081 2648 5136 essent,
2687 5070 2816 5143 quid
2854 5069 3096 5125 dicitbic
3112 5077 3171 5124 ut
3206 5067 3555 5123 confirmaret
3590 5065 3717 5135 opi-

2134 5167 2355 5219 nionem
2403 5179 2592 5219 eorum
2627 5163 2721 5233 qui
2762 5163 2830 5217 de
2866 5169 3135 5232 potestate
3165 5160 3338 5229 ipsius
3381 5154 3719 5227 stupebant?

2144 5255 2290 5321 Volo,
2318 5255 2586 5309 mundare.
2616 5251 2729 5307 Etsi
2759 5266 2879 5307 cum
2908 5260 2984 5305 tot
3010 5258 3260 5319 tantaque
3286 5250 3435 5321 signa
3462 5248 3723 5317 fecisset,

2132 5365 2423 5420 numquam
2449 5349 2526 5403 sic
2553 5348 2801 5417 loquutus
2830 5343 2992 5399 fuisse
3014 5343 3275 5399 videatur.

2201 5441 2256 5495 2.
2286 5440 2382 5497 llic
2422 5454 2587 5504 vero,
2622 5447 2679 5493 ut
2704 5448 2757 5492 et
2776 5430 2961 5507 'popnli
3005 5443 3059 5491 et
3109 5432 3307 5504 leprosi
3352 5432 3419 5487 de
3453 5443 3725 5503 potestate

2131 5547 2225 5587 sua
2253 5531 2557 5600 opinionem
2590 5528 2845 5594 firmaret,
2880 5526 3000 5582 ideo
3035 5526 3315 5596 permisit,
3353 5522 3500 5579 Volo.
3525 5523 3716 5593 Neque

2129 5625 2283 5688 dixit,
2314 5632 2371 5677 ut
2410 5635 2514 5676 non
2542 5619 2741 5676 faceret
2767 5634 2781 5684 ;
2810 5617 2904 5674 sed
2934 5618 3111 5673 statim
3146 5631 3280 5685 opus
3301 5621 3585 5684 sequutum
3601 5622 3706 5668 est.

2129 5718 2184 5771 Si
2202 5729 2329 5770 vero
2350 5713 2436 5769 ille
2467 5726 2574 5768 non
2600 5712 2737 5768 bene
2761 5711 3007 5775 dixisset,
3037 5708 3080 5765 si
3101 5704 3489 5777 blasphemiam
3510 5711 3707 5773 protu-
