3918 6300
347 259 458 318 329

350 375 452 428 οὐκ
483 370 704 442 ἐποίησε
735 368 792 422 δέ
816 386 830 401 ·
862 367 1000 423 ἀλλὰ
1021 367 1114 421 καὶ
1149 367 1210 420 τὸ
1229 365 1390 438 ἔργον
1414 366 1615 430 εὐθέως
1644 367 2030 438 ἠκολούθησεν.

351 461 416 514 Εἰ
442 459 499 512 δὲ
527 457 604 530 μὴ
629 455 811 518 καλῶς
839 454 1025 523 ἔλεγεν
1045 494 1060 517 ,
1093 451 1233 507 ἀλλά
1261 451 1579 523 βλασφημία
1617 449 1686 524 ἦν
1708 452 1769 504 τὸ
1805 453 2024 524 εἰρημέ-

351 563 460 612 νον,
506 546 612 599 ἔδει
663 542 992 612 διακοπῆναι
1052 542 1114 594 τὸ
1161 540 1344 612 ἔργον.
1385 539 1522 592 Νυνὶ
1567 539 1626 592 δέ
1683 539 1778 592 καὶ
1819 536 2030 610 εἷξενή

351 635 513 704 φύσις
549 628 1086 700 ἐπιταττομένη,καὶ
1115 628 1252 698 μετά
1284 626 1377 680 τοῦ
1412 627 1781 696 προσήκοντος
1812 627 2032 696 τάχους,

351 722 444 776 καὶ
492 721 735 792 μείζονος
790 718 822 788 ἢ
877 718 906 770 ὁ
964 715 1351 787 εὐαγγελιστὴς
1402 709 1544 768 εἷπε.
1611 715 1720 767 Καὶ
1773 714 1883 787 7&9
1931 716 2032 781 τὸ,

351 809 595 874 εὐθέως,
631 807 766 860 πολύ
800 803 1127 876 βραδύτερόν
1163 804 1280 855 ἐστι
1313 801 1406 854 τοῦ
1435 801 1633 872 τάχους
1667 800 1760 854 τοῦ
1800 803 1943 856 κατά
1974 803 2036 857 τὸ

353 898 514 968 ἔργον
546 894 940 964 γεγενημένου.
988 893 1100 960 Οὐχ
1134 889 1321 953 ἀπλῶς
1349 889 1407 942 δὲ
1443 885 1563 942 εἷπε
1585 927 1599 952 ,
1631 888 1792 943 Θέλω
1812 930 1829 956 ,
1859 893 2037 944 καθα-

325 987 586 1054 ’ρίσθητι
609 999 624 1014 ο
651 981 788 1036 ἀλλὰ
830 981 927 1035 καὶ
971 979 1085 1047 τὴν
1131 977 1301 1048 χεῖρα
1343 977 1616 1042 ἐκτείνας
1647 976 1847 1046 ἥψατο
1885 977 1928 1008 ⁸³
1961 993 1976 1008 ·
2006 977 2035 1031 ὃ

350 1075 414 1144 δὴ
451 1074 686 1144 μάλιστα
721 1071 870 1137 ἄξιον
909 1069 1207 1140 ζητήσεως.
1243 1066 1400 1129 Τίνος
1429 1066 1538 1137 7&9
1561 1064 1746 1118 ἔνεκεν
1768 1065 2033 1138 θελήματι

351 1161 631 1232 καθαίρων
659 1159 822 1212 αὐτὸν
870 1158 964 1210 καὶ
990 1157 1165 1224 λόγῳ,
1195 1153 1297 1225 τὴν
1333 1156 1434 1224 τῆς
1467 1153 1646 1222 χειρὸς
1693 1153 2034 1224 προσέθηκεν

349 1251 522 1320 ἀφήν;
569 1248 721 1318 Ἐμοὶ
741 1247 890 1300 δοκεῖ
916 1245 986 1298 δι’
1021 1244 1171 1297 οὐδὲν
1212 1243 1400 1312 ἔτερον
1421 1282 1436 1306 ,
1481 1240 1597 1294 ἀλλ’
1631 1240 1718 1293 ἵνα
1753 1241 1902 1312 δείξῃ
1941 1243 2035 1295 καὶ

350 1335 632 1400 ἐντεῦθεν,
664 1335 746 1388 ὅτι
783 1334 880 1402 οὐχ
916 1332 1202 1385 ὐπόκειται
1240 1329 1318 1400 τῷ
1344 1329 1531 1399 νόμῳ,
1565 1328 1680 1382 ἀλλ’
1715 1329 1988 1382 ἐπίκειται
2015 1345 2029 1360 ο

350 1421 444 1478 καὶ
473 1426 553 1477 ὃτι
573 1421 652 1492 τῷ
674 1419 898 1490 καθαρῷ
917 1417 1103 1472 λοιπὸν
1127 1416 1278 1470 οὐδὲν
1306 1415 1638 1489 ἀκάθαρτον.
1660 1415 1758 1470 Διά
1786 1416 1850 1486 δὴ
1873 1415 2032 1471 τοῦτο

361 1512 660 1572 Ἐλισσαῖος
693 1509 792 1576 μὲν
820 1507 940 1560 οὐδὲ
971 1504 1116 1575 ἐώρα
1141 1505 1185 1536 ⁸³
1209 1504 1303 1557 τὸν
1331 1503 1572 1574 Νεεμάν,
1591 1503 1728 1556 ἀλλά
1748 1504 1842 1557 καὶ⁵
1865 1520 2032 1557 σκαν-

348 1597 664 1650 δαλισθέντα
690 1593 834 1660 ἰδὼν,
873 1591 1059 1663 ἐπειδὴ
1096 1591 1171 1661 μὴ
1206 1589 1394 1660 ἐξῆλθε
1430 1591 1522 1643 καὶ
1553 1591 1598 1622 ⁸⁸
1621 1590 1818 1661 ἥψατο,
1847 1589 2031 1662 τηρῶν

349 1684 441 1738 τοῦ
472 1684 634 1753 νόμου
663 1681 761 1753 τὴν
788 1679 1094 1751 ἀκρίϐειαν,
1126 1678 1264 1730 οἴκοι
1306 1677 1490 1748 μένει,
1526 1677 1620 1730 καί
1652 1677 1860 1748 πέμπει
1899 1677 2034 1748 πρὸς

347 1772 439 1824 τὸν
501 1769 772 1839 Ἰορδάνην
818 1766 979 1820 αὐτὸν
1037 1765 1377 1834 λουσόμενον.
1413 1764 1471 1817 '0
1501 1763 1557 1816 δὲ
1589 1763 1890 1832 Δεσπότης,
1924 1763 2033 1817 δει-

349 1859 481 1920 κνύς
516 1857 559 1887 ⁸⁵
592 1859 674 1910 ὃτι
712 1855 812 1925 οὐχ
855 1855 929 1917 ὡς
973 1852 1192 1916 δοῦλος,
1223 1851 1338 1904 ἀλλ’
1369 1851 1445 1914 ὡς
1486 1850 1674 1922 κύριος
1721 1849 2032 1920 θεραπεύει,
2043 1901 2074 1931 ο

351 1947 442 2000 καί⁵
474 1945 725 1998 ἀπτεται.
774 1941 850 1994 Οὐ
883 1939 992 2011 7&9
1038 1941 1075 2009 ἡ
1120 1939 1240 2009 χεὶρ
1277 1937 1386 1991 ἀπὸ
1432 1939 1530 2008 τῆς
1559 1938 1766 2008 λέπρας
1821 1938 2036 2006 ἐγένετο

350 2033 683 2104 ἀκάθαρτος,
718 2029 853 2084 ἀλλά
879 2030 940 2082 τὸ
974 2029 1135 2099 σῶμα
1160 2027 1220 2080 τὸ
1245 2027 1442 2096 λεπρὸν
1466 2026 1573 2080 ἀπὸ
1601 2029 1701 2098 τῆς
1739 2026 1918 2098 χειρὸς
1937 2027 2035 2098 τῆς

353 2121 511 2188 ἁγίας
539 2119 832 2174 καθίστατο
854 2117 1111 2189 καθαρόν.
1139 2117 1214 2170 Οὐ
1233 2115 1340 2186 7&9
1369 2115 1433 2187 δὴ
1458 2115 1616 2187 μόνον
1645 2115 1876 2188 σώματα
1895 2133 2036 2188 παρ·

351 2207 570 2276 εγένετο
605 2205 960 2278 θεραπεύσων
980 2246 996 2272 ,
1042 2205 1178 2258 ἀλλὰ
1208 2204 1303 2258 καὶ
1326 2203 1504 2276 ψυχὴν
1529 2205 1610 2268 είς
1637 2205 1683 2236 ⁸⁸
1717 2204 2035 2275 φιλοσοφίαν

359 2296 587 2361 ἐνάξων.
639 2294 853 2365 ’Ὥσπερ
897 2288 989 2347 οῦν
1025 2293 1069 2324 ⁸⁷
1099 2291 1288 2362 χερσὶν
1322 2293 1568 2356 ἀνίπτοις
1605 2292 1809 2347 ἐσθίειν
1853 2292 2036 2346 οὐκέτι

349 2383 537 2437 λοιπὸν
579 2378 852 2444 ἐκώλυσε,
897 2381 990 2434 τὸν
1046 2379 1269 2449 ἄριστον
1319 2381 1526 2432 ἐκεῖνον
1570 2380 1804 2447 εἰσάγων
1848 2379 2032 2449 νόμον,

349 2471 443 2524 τὸν
481 2468 610 2540 περὶ
636 2467 735 2538 τῆς
767 2466 874 2521 τῶν
918 2465 1224 2538 βρωμάτων
1271 2465 1593 2536 ἀδιαφορίας
1613 2481 1628 2496 ο
1679 2465 1822 2518 οῦτω
1845 2464 1909 2535 δὴ
1942 2465 2036 2519 καὶ

349 2555 581 2612 ἐνταῦθα
625 2555 812 2608 λοιπὸν
841 2553 1147 2619 παιδεύων,
1180 2553 1263 2606 ὅτι
1296 2553 1395 2624 τῆς
1435 2552 1614 2622 ψυχῆς
1659 2551 2035 2622 ἐπιμελεῖσθαι

350 2643 478 2718 χρὴ,
512 2641 744 2696 καὶτῶν
787 2641 987 2706 ἔξωθεν
1023 2640 1439 2710 ἀπαλλαγέντας
1483 2640 1784 2712 καθαρμῶν
1821 2641 2036 2711 ἐκείνην

349 2731 713 2801 ἀποσμήχειν,
741 2729 836 2781 καὶ
857 2726 956 2798 τὴν
981 2726 1153 2795 αὐτῆς
1192 2727 1398 2798 λέπραν
1439 2726 1735 2780 δεδοικέναι
1767 2727 1937 2798 μόνην
1966 2727 2034 2792 ⁸⁸,

349 2820 486 2890 ὅπερ
511 2819 659 2873 ἐστὶν
686 2817 930 2888 ἁμαρτία
969 2815 1049 2885 (τὸ
1090 2815 1199 2886 7&9
1233 2815 1433 2887 λεπρὸν
1467 2811 1606 2869 εἶναι
1626 2816 1779 2869 οὐδὲν
1804 2815 2035 2885 κώλυμα

351 2911 430 2970 εἰς
458 2905 713 2978 ἀρετήν)ο
768 2903 982 2974 πρῶτος
1009 2903 1053 2933 ⁸⁸
1097 2902 1256 2966 αὐτὸς
1290 2901 1522 2957 ἅπτεται
1546 2902 1641 2956 τοῦ
1661 2902 1887 2974 λεπροῦ,
1937 2903 2031 2957 καί⁵

349 2995 524 3057 οὐδεὶς
563 2992 804 3060 ἐγκαλεῖ.
838 2989 973 3045 Οὐδὲ
1004 2989 1112 3061 7&9
1137 2985 1206 3061 ἦν
1238 2990 1629 3061 διεφθαρμένον
1666 2991 1729 3043 τὸ
1768 2991 2029 3062 δικαστή-

353 3099 488 3154 ριον,
517 3080 636 3134 οὐδέ
661 3079 767 3134 ὑπὸ
796 3077 989 3148 φθόνου
1018 3077 1372 3148 κατεχόμενοι
1400 3079 1450 3130 οἰ
1479 3077 1668 3132 θεαταί
1705 3079 1774 3132 "°.
1795 3080 1894 3132 Διὰ
1919 3079 2032 3132 τοῦ·

350 3187 412 3224 το
453 3171 517 3224 οὐ
545 3169 703 3240 μόνον
734 3165 834 3220 οὐκ
880 3163 1197 3234 ἐπέσκηψαν
1217 3204 1232 3229 ,
1263 3164 1399 3218 ἀλλὰ
1426 3166 1520 3220 καὶ
1551 3165 1928 3238 ἐξεπλάγησαν
1971 3167 2032 3220 τὸ

352 3257 554 3327 θαῦμα,
591 3254 686 3308 καὶ
709 3251 1111 3325 παρεχώρησαν
1135 3290 1150 3314 ,
1185 3251 1294 3305 ἀπό
1322 3269 1380 3304 τε
1413 3251 1522 3329 τῶν
1547 3253 1852 3324 εἰρημένων
1878 3294 1891 3318 ,
1922 3254 2032 3308 ἀπό

350 3363 409 3400 τε
430 3344 543 3397 τῶν
574 3342 873 3414 γινομένων
907 3339 1004 3411 τὴν
1033 3340 1316 3410 ἀμήχανον
1340 3341 1383 3371 ⁷¹
1416 3340 1580 3393 αὐτοῦ
1604 3340 1832 3412 δύναμιν
1859 3359 2029 3413 προσ-

352 3433 708 3502 κυνήσαντες.
753 3425 1109 3501 Θεραπεύσας
1134 3425 1311 3479 τοίνυν
1333 3426 1500 3480 αὐτοῦ
1522 3426 1582 3479 τὸ
1605 3426 1786 3497 σῶμα,
1822 3427 2030 3481 κελεύει

347 3517 563 3591 μηδενὶ
613 3516 802 3572 είπεῒν
824 3556 840 3579 ,
905 3515 1068 3570 ἀλλά
1118 3514 1307 3580 δεῖξαι
1355 3514 1572 3568 ἑαυτὸν
1608 3513 1692 3580 τῷ
1737 3515 1894 3583 ἱερεῖ,
1931 3517 2029 3569 καί

353 3603 780 3676 προσενεγκεῖν
825 3602 892 3657 τὸ
931 3601 1141 3670 δῶρον,
1176 3602 1208 3656 ὃ
1238 3600 1573 3670 προσέταξε
1605 3601 1866 3670 Μωῡσῆς
1893 3641 1907 3663 .
1944 3605 2032 3668 εἰς

348 3694 676 3764 μαρτύριον
699 3690 920 3756 αὐτοῖς.
963 3689 1120 3753 Τινές
1153 3690 1250 3760 μὲν
1283 3686 1376 3743 οὖν
1421 3707 1584 3758 φασιν
1603 3730 1618 3753 ,
1649 3691 1729 3743 ὃτι
1756 3689 1843 3743 διὰ
1874 3690 2032 3742 τοῦτο

354 3783 606 3836 ἐκέλευσε
657 3779 845 3851 μηδενὶ
863 3780 910 3810 τ’
941 3771 1116 3830 είπέῖν
1140 3817 1154 3842 ,
1200 3779 1288 3831 ἵνα
1335 3777 1409 3849 μὴ
1444 3779 1862 3849 κακουργήσωσι
1903 3780 2032 3849 περί

351 3869 450 3940 τὴν
504 3869 776 3939 διάκρισιν
827 3864 926 3918 τοῦ
980 3863 1300 3935 καθαρμοῦ,
1358 3864 1559 3935 σφόδρα
1595 3865 1748 3938 [309]
1791 3865 2031 3936 ἀνοήτως

352 3956 512 4011 τοῦτο
555 3953 970 4016 ὑποπτεύοντες.
1012 3953 1088 4004 Οὐ
1135 3952 1245 4022 γὰρ
1288 3950 1463 4016 οὕτως
1503 3953 1805 4024 ἐκάθηρεν,
1834 3953 1909 4016 ὡς
1939 3954 2032 4006 καί

354 4043 838 4116 ἀμφισϐητήσιμον
861 4036 998 4093 εἶναι
1022 4039 1113 4092 τὸν
1139 4039 1424 4110 καθαρμόν
1443 4057 1457 4070 ο
1479 4039 1614 4093 ἀλλά
1647 4041 1833 4112 μηδενί
1859 4042 2032 4094 εἰπεῖν

355 4129 584 4192 κελεύει,
609 4127 874 4182 διδάσκων
912 4125 972 4178 τὸ
1000 4126 1351 4196 ἀκόμπαστον
1384 4129 1479 4180 καὶ
1508 4127 1845 4197 ἀφιλότιμον.
1888 4129 2027 4180 Καί-

353 4235 499 4287 τοιγε
529 4217 664 4288 ᾔδει,
695 4215 778 4268 ὅτι
805 4215 867 4266 οὐ
896 4211 1246 4285 πεισθήσεται
1274 4215 1479 4278 ἐκεῖνος
1497 4255 1511 4279 ,
1546 4213 1660 4267 ἀλλ’
1695 4216 2028 4287 ἀνακηρύξει

352 4307 444 4360 τὸν
473 4304 767 4377 εὐεργέτην
788 4319 801 4333 ·
837 4301 952 4357 ἀλλ’
987 4303 1137 4374 ὅμως
1159 4302 1222 4355 τὸ
1262 4301 1427 4355 αὐτοῦ
1463 4305 1626 4357 ποιεῖ.
1665 4303 1790 4366 Πῶς
1818 4300 1910 4357 οῦν
1934 4305 2030 4357 ἀλ-

353 4392 516 4464 λαχοῦ
548 4392 758 4446 κελεύει
784 4391 960 4444 εἰπεῖν
987 4405 1001 4453 ;
1046 4389 1231 4458 φησίν.
1277 4389 1412 4459 Οὐχὶ
1441 4387 1618 4459 ἐαυτῴ
1644 4389 1988 4460 περιπίπτων
2010 4429 2025 4454 ,

351 4480 474 4532 οὐδὲ
511 4477 951 4548 ἐναντιούμενος,
999 4476 1134 4529 ἀλλά
1171 4476 1439 4530 παιδεύων
1471 4476 1820 4546 εὐγνώμονας
1863 4473 2024 4533 εἶναι.

355 4565 490 4618 Οὐδὲ
533 4564 642 4635 γάρ
687 4566 802 4617 ἐκεῖ
847 4562 1244 4633 ἀνακηρύττειν
1283 4563 1474 4617 ἐαυτὸν
1524 4563 1843 4626 ἐκέλευσεν,
1890 4563 2028 4618 ἀλλά

352 4653 534 4706 δοῦναι
566 4651 723 4718 δόξαν
753 4650 830 4720 τῷ
853 4649 1002 4721 Θεῷ·
1049 4650 1136 4703 διὰ
1172 4649 1272 4720 μὲν
1311 4649 1407 4702 τοῦ
1449 4649 1650 4721 λεπροῦ
1671 4649 1860 4703 τούτου
1895 4650 2026 4704 ἀτύο

354 4759 489 4812 φους
511 4742 662 4812 ἡμᾶς
697 4738 1129 4810 παρασκευάζων
1158 4739 1252 4790 καὶ
1284 4737 1632 4801 ἀκενοδόξους
1651 4778 1667 4802 ,
1698 4737 1786 4790 διά
1803 4738 1859 4792 δέ
1884 4739 2028 4792 ἐκεί-

353 4843 446 4879 νου
467 4863 482 4890 ,
509 4823 864 4896 εὐχαρίστους
902 4822 998 4876 καὶ
1038 4819 1388 4890 εὐγνώμονας
1435 4815 1572 4873 εἶναι
1594 4859 1608 4884 ,
1640 4821 1734 4873 καὶ
1759 4819 2028 4874 παιδεύων

353 4905 632 4978 πανταχοῦ
673 4904 782 4958 τῶν
829 4903 1128 4974 γινομένων
1174 4903 1273 4974 τὴν
1308 4902 1583 4972 εὐφημίαν
1630 4903 1922 4974 ἀναφέρειν
1949 4902 2028 4973 τῷ

352 4989 617 5061 Δεσπότῃ.
662 4987 878 5058 Ἐπειδὴ
899 4986 1008 5057 γάρ
1035 4984 1110 5048 ὼς
1137 4984 1204 5036 τὰ
1233 4983 1403 5037 πολλά
1425 4985 1475 5036 οἱ
1506 4984 1780 5054 ἄνθρωποι
1807 4984 2026 5038 νοσοῦν-

351 5065 443 5137 τες
481 5073 578 5143 μὲν
603 5071 908 5143 μέμνηνται
940 5067 1032 5122 τοῦ
1076 5065 1236 5129 Θεοῦ,
1266 5066 1364 5136 τῆς
1404 5065 1461 5119 δέ
1508 5066 1820 5138 ἀρρωστίας
1853 5067 2030 5121 ἀπαλ-

351 5157 608 5224 λαγέντες
645 5154 1002 5227 ρᾳθυμότεροι
1044 5151 1320 5222 γίνονται,
1370 5149 1606 5202 κελεύων
1637 5149 1898 5220 διηνεκῶς
1931 5151 2028 5203 καὶ

351 5240 640 5300 νοσοῦντας
661 5239 755 5292 καὶ
773 5237 1116 5306 ὑγιαίνοντας
1148 5235 1434 5306 προσέχειν
1455 5234 1533 5305 τῷ
1563 5234 1829 5306 Δεσπότῃ.
1855 5233 1986 5303 φησί
2006 5250 2020 5263 ⁸

353 5322 465 5390 Δὸς
495 5320 684 5385 δόξαν
714 5321 795 5387 τῷ
825 5320 964 5386 Θεῷ.

427 5485 473 5517 οι
505 5481 704 5554 ἥψατο]
733 5482 855 5554 add.
880 5482 1051 5554 αὐτρῦ
1093 5481 1244 5554 Edd._
1286 5483 1348 5554 _“
1381 5483 1483 5552 ὁρᾷ
1523 5481 1582 5554 ΕΑ.
1625 5478 1698 5554 _F_.

357 5557 402 5640 ‘f
429 5548 538 5640 είς]
558 5548 656 5640 ἐπί
781 5551 1037 5640 υκιιᾏιπ.
1063 5554 1157 5640 “‘7
1186 5548 1304 5635 οὖν]
1333 5548 1469 5605 add;
1488 5550 1756 5640 κμὶΠιὲςιΙ.

357 5628 420 5679 Α.
480 5628 538 5679 1³.
612 5628 657 5656 ⁷ο
686 5628 846 5675 θεατα

357 5698 490 5752 Edd.
519 5696 640 5750 οὐτε
675 5694 757 5748 bis
786 5692 846 5745 Ε.

1795 5480 1839 5510 ⁵⁷⁵
1882 5478 1996 5550 καὶ]

923 5693 938 5721 ⁷
951 5693 967 5722 ⁵
995 5690 1185 5757 τούτῳ.
1222 5736 1234 5748 .

358 5844 548 5894 εἰπεῖν.
583 5882 594 5892 .
622 5877 636 5892 .

1200 251 1259 307 S.
1301 250 1587 308 JOANNIS
1625 250 2116 309 CIIRYSOSTOMI
2161 251 2480 309 ABCHIEP.
2522 251 3068 309 CONSTANTINOP.

2036 5479 2169 5549 μηδὲ
2221 5478 2354 5549 Edd.

1805 5567 1858 5619 p.
1898 5568 1948 5618 ιι.
1983 5548 2187 5604 ἐκώλυε
2222 5548 2282 5602 Ρ.
2363 5551 2406 5581 ⁵⁸

612 5627 657 5656 ὀ
686 5621 896 5692 θεαταη
934 5623 1024 5675 Sic
1063 5620 1243 5692 Yerss.
1277 5619 1542 5692 ἀκροαταί
1675 5619 1734 5672 F.
1810 5621 1852 5650 τι
1885 5621 2097 5690 ἄμαχον
2139 5621 2159 5673 Ι

1202 5639 1243 5677 s.
1277 5619 1542 5692 ἀκροαταί
1675 5619 1734 5672 F.
1810 5621 1852 5650 "
1885 5621 2097 5690 ἄμαχον
2139 5620 2196 5673 F.
2277 5621 2337 5692 "7
2375 5622 2582 5692 μηδενὶ]
2627 5623 2749 5676 add.

1278 5689 1536 5762 ,ἐκείνῳῙ
1561 5689 1650 5744 Sic
1675 5693 1772 5760 Ep.
1803 5692 1953 5744 Ann.
1984 5689 2036 5745 ει
2067 5692 2224 5745 codd.
2251 5689 2426 5744 τοῦτο.

357 5768 419 5822 Ε.
446 5768 502 5822 F.
580 5769 624 5798 ⁷⁸
647 5766 737 5821 Sic
765 5762 1006 5818 codices.
1039 5758 1173 5812 Edd.
1215 5770 1271 5814 cl
1303 5758 1904 5831 Ῡοῐδδίξπροστάγματσ

1780 5779 1937 5831 ματα.
1977 5761 2060 5816 Cf.
2108 5778 2268 5830 supra
2320 5779 2374 5831 p.
2425 5762 2522 5814 194
2578 5763 2638 5816 (ἶ,
2687 5763 2805 5817 Mox
2847 5765 3218 5816 ἀναπαύεσθαι
3267 5761 3327 5814 F.

692 5835 770 5904 τῷ
803 5835 959 5904 ἱερεῖ-
981 5831 1194 5904 (ξοδυηί-
1220 5831 1272 5904 in
1413 5831 1476 5884 D.
1598 5833 1698 5904 βοά
1749 5829 1996 5902 {egerunt
2023 5829 2239 5901 Interim

1652 5833 1698 5886 ξι]
1749 5829 1996 5902 {egerunt
2023 5829 2292 5904 Ιιιωνρρ.Δ
2320 5829 2392 5904 ﬁ"
2433 5833 2995 5904 xsx10&9'.0111_Edd.
3074 5837 3117 5868 ⁷⁸
3153 5838 3199 5886 τέ

3697 253 3820 310 330

2207 367 2363 431 Τίνος
2389 366 2447 421 δέ
2482 367 2666 420 ἕνεκεν
2705 369 2798 423 καὶ
2825 367 2996 433 δεῖξαι
3035 367 3223 422 ἐαυτὸν
3251 367 3505 422 ἐκέλευσε
3533 367 3613 439 τῷ
3641 368 3791 438 ἱερεῖ
3811 408 3829 430 ,

2137 455 2232 509 καὶ
2261 456 2432 525 δῶρον
2457 459 2878 526 προσενεγκεῖν;
2910 455 3079 509 Πάλιν
3115 456 3206 510 τὸν
3235 457 3396 527 νόμον
3419 455 3655 509 ἐνταῦθα
3693 457 3834 508 ἀνα-

2136 541 2382 613 πληρῶν.
2431 542 2567 596 Οὐδὲ
2622 541 2729 612 γὰρ
2777 542 3053 612 πανταχοῦ
3096 543 3259 596 αὐτὸν
3303 543 3594 614 παρέλυεν,
3637 543 3835 595 οὐδὲ·η

2137 626 2410 698 πανταχοῦ
2443 627 2742 702 ἐφύλαττεν
2763 644 2776 657 °
2808 627 2944 682 ἀλλά
2970 629 3099 682 ποτὲ
3129 631 3229 701 μὲν
3265 630 3422 683 τοῦτο
3451 631 3650 694 ἐποίει,
3691 631 3837 682 ποτὲ

2134 715 2193 769 δέ
2234 717 2444 769 ἐκεῖνο⁶
2475 715 2650 786 τούτῳ
2698 715 2799 786 μὲν
2844 719 2911 787 τῇ
2963 717 3232 790 μελλούσῃ
3267 719 3553 790 φιλοσοφία
3591 718 3837 789 προοδο-

2138 803 2332 866 ποιῶν,
2366 802 2620 874 ἐκείνῳ⁷1⁵
2645 803 2702 856 δὲ
2726 803 2827 874 τὴν
2852 804 3203 876 ἀναίσχυντον
3231 807 3339 859 τῶν
3373 806 3648 860 Ἰουδαίων
3685 806 3840 868 τέως

2135 889 2382 960 κατέχων
2414 889 2683 959 γλῶτταν,
2717 891 2812 944 καὶ
2853 891 3305 960 συγκαταϐαίνων
3342 893 3520 946 αὐτῶν
3545 895 3617 963 τῇ
3649 891 3839 945 ἀσθεο

2135 980 2274 1050 νεία.
2306 980 2416 1033 Καὶ
2437 979 2492 1033 τί
2520 979 2842 1051 θαυμάᾷεις,
2885 981 3002 1049 εῐγε
3034 983 3092 1035 ἐν
3121 982 3424 1053 προοιμίοις
3463 982 3631 1045 αὐτὸς
3657 981 3840 1034 τοῦτο

2134 1065 2411 1137 ἐποίησεν,
2441 1067 2575 1122 ὅπου
2597 1083 2661 1136 γε
2696 1068 2790 1120 καί
2814 1069 2864 1120 οί
2888 1067 3175 1122 ἀπόστολοι
3202 1070 3340 1140 μετά
3368 1069 3432 1122 τὸ
3457 1069 3840 1138 κελευσθῆναι

2135 1158 2217 1220 είς
2247 1155 2316 1210 τά
2340 1154 2466 1226 ἔθνη
2500 1155 2776 1221 ἀπελθεῖν,
2800 1157 2895 1210 καὶ
2915 1157 3014 1221 τάς
3042 1157 3212 1230 θύρας
3240 1158 3523 1228 ἀνοιγῆναι
3550 1159 3658 1229 τῆς
3685 1161 3842 1213 κατά

2135 1243 2236 1314 τὴν
2274 1244 2598 1315 οἰκουμένην
2629 1243 3001 1308 διδασκαλίας,
3043 1246 3254 1300 καὶτὸν
3284 1247 3446 1316 νόμον
3486 1245 3832 1319 ἐγκλεισθῆ-

2134 1330 2304 1396 vat",
2338 1331 2432 1385 καὶ
2465 1331 2841 1400 ἀνανεωθῆναι
2880 1332 2948 1384 τά
2977 1333 3278 1402 πράγματα
3293 1333 3361 1400 ⁷⁸,
3398 1332 3586 1387 καὶτὰ
3612 1335 3842 1388 παλαιά

2133 1417 2555 1473 ἀναπαύσασθαι
2590 1419 2838 1479 ἅπαντα,
2895 1419 3174 1488 φαίνονται
3209 1421 3339 1474 ποτὲ
3381 1421 3481 1491 μὲν
3521 1423 3842 1493 τηροῦντες

2135 1506 2227 1560 τὸν
2257 1506 2442 1576 νόμον,
2470 1506 2600 1560 ποτέ
2628 1505 2687 1559 δὲ
2711 1505 2872 1559 αὐτὸν
2901 1508 3374 1579 παρατρέχοντες;
3410 1509 3516 1562 Καὶ
3552 1509 3608 1562 τί
3630 1510 3836 1574 τοῦτο,

2137 1593 2290 1664 φησί,
2323 1593 2459 1665 πρὸς
2506 1593 2604 1663 τὴν
2634 1591 2725 1646 τοῦ
2753 1593 2919 1662 νόμου
2954 1593 3198 1648 συντελεί
3223 1594 3487 1666 φυλακὴν,
3523 1595 3586 1648 τὸ
3615 1600 3840 1660 εἰπεῖν,

2134 1681 2343 1746 Δεῖξον
2367 1682 2629 1737 σεαυτὸν
2659 1678 2738 1746 τῷ
2765 1680 2906 1748 ἱερεῖ
2922 1681 2966 1712 ⁷⁷
2990 1699 3004 1746 ;
3033 1682 3106 1734 Οὐ
3133 1685 3192 1734 τὸ
3229 1683 3410 1752 τυχόν.
3442 1684 3552 1736 Καὶ
3583 1684 3706 1757 γάρ
3750 1687 3843 1739 νό-

2138 1785 2236 1840 μος
2267 1765 2335 1840 ἦν
2377 1768 2624 1834 παλαιὸς,
2658 1767 2750 1821 τὸν
2797 1767 2996 1838 λεπρὸν
3023 1767 3366 1841 καθαρθέντα
3391 1769 3464 1841 μὴ
3491 1771 3680 1841 ἐαυτῷ
3731 1773 3840 1842 τὴν

2133 1856 2459 1927 δοκιμασίαν
2489 1856 2800 1926 ἐπιτρέπειν
2826 1854 2920 1907 τοῦ
2957 1854 3322 1928 καθαρισμοῦ,
3365 1857 3500 1911 ἀλλά
3526 1859 3842 1926 φαίνεσθαι

2134 1945 2211 2015 τῷ
2245 1946 2396 2015 ίερεί,
2432 1943 2525 1998 καί
2561 1945 2672 2006 τοῖς
2700 1942 2996 2012 ὀφθαλμοῖς
3023 1947 3133 2007 τοῖς
3160 1944 3368 1998 ἐκείνου
3403 1947 3666 2016 παρέχειν
3723 1949 3838 2016 τὴν

2135 2031 2432 2096 ἀπόδειξιν,
2458 2031 2551 2085 καί
2589 2029 2695 2083 ἀπὸ
2739 2029 2836 2098 τῆς
2870 2027 3285 2099 ψήφου-ταύτης
3317 2031 3674 2102 ἐγκρίνεσθαι
3715 2035 3842 2094 τοῖς

2136 2117 2413 2189 καθαροῖς.
2455 2119 2517 2171 Εἰ
2545 2117 2654 2188 γάρ
2683 2115 2758 2186 μὴ
2789 2110 2942 2168 εἶπεν
2977 2117 3004 2168 ό
3036 2117 3232 2187 ἰερεύς,
3255 2117 3334 2170 ὅτι
3361 2118 3716 2195 κεκάθαρται
3735 2121 3790 2152 ’⁸
3814 2127 3843 2174 ό

2135 2205 2356 2277 λεπρὸς,
2401 2205 2482 2258 ἔτι
2513 2205 2650 2275 μετά
2678 2203 2787 2257 τῶν
2813 2201 3140 2274 ἀκαθάρτων
3182 2204 3374 2274 ἔμενεν
3402 2205 3505 2269 ἔξω
3537 2206 3638 2276 τῆς
3680 2225 3841 2279 παρ-

2137 2292 2394 2363 εμϐολῆς.
2418 2293 2508 2345 Διό
2532 2308 2686 2360 φησι,
2711 2289 2917 2354 Δεῖξον
2937 2291 3196 2344 σεαυτὸν
3212 2290 3291 2356 τῷ
3319 2292 3478 2360 ἱερεῖ,
3498 2293 3594 2344 καὶ
3621 2309 3842 2362 προσ-

2135 2379 2344 2447 ένεγκε
2375 2379 2442 2432 τὸ
2472 2377 2686 2447 δῶρεν,
2732 2378 2763 2431 ὂ
2807 2377 3142 2445 προσέταξε
3175 2379 3464 2446 Μωῦσῆς-
3490 2379 3605 2432 Οὐκ
3634 2376 3843 2444 εἶπεν,

2142 2469 2206 2518 '0
2235 2467 2562 2538 προστάσσω
2600 2466 2737 2535 ἐγώ·
2783 2465 2918 2519 ἀλλά
2950 2467 3087 2529 τέως
3126 2467 3488 2536 παραπέμπει
3525 2466 3606 2537 τῷ
3641 2468 3842 2540 νόμῳ,

2137 2554 2472 2624 πανταχόθεν
2505 2555 2876 2626 ἀποῤῥάπτων
2915 2556 3094 2610 αὐτῶν
3137 2553 3206 2607 τά
3253 2555 3516 2624 στόματα.
3549 2555 3679 2610 Ἵνα
3719 2559 3843 2627 γάρ

2139 2642 2214 2711 μὴ
2260 2641 2512 2710 λέγωσιν,
2541 2643 2623 2695 ὅτι
2661 2642 2770 2695 τῶν
2805 2644 2994 2715 ίερέων
3023 2643 3118 2713 τὴν
3153 2639 3310 2706 δόξαν
3337 2642 3574 2716 ἥρπασε,
3618 2644 3688 2696 τὺ
3729 2647 3845 2714 μὲν

2137 2729 2297 2800 ἔργον
2343 2729 2504 2792 αὐτὸς
2548 2730 2853 2802 ἐπλήρωσε,
2883 2732 2982 2801 τὴν
3011 2730 3067 2783 δὲ
3097 2729 3418 2799 δοκιμασίαν
3449 2729 3693 2794 ἐκείνοις
3735 2734 3844 2785 ἐπ-

2138 2815 2354 2887 έτρεψε,
2387 2819 2480 2871 καὶ
2515 2818 2706 2887 κριτὰς
2736 2819 2932 2882 αὐτοὺς
2973 2818 3193 2871 ἐκάθισε
3221 2815 3329 2868 τῶν
3353 2816 3569 2869 οἰκείων
3597 2817 3841 2890 θαυμά-

2137 2920 2266 2957 των.
2297 2903 2562 2957 Τοσοῦτον
2592 2904 2701 2976 7&9
2731 2905 2920 2974 ἀπέχω
2958 2904 3247 2976 μάχεσθαι,
3281 2903 3467 2973 φησὶν,
3508 2903 3540 2974 ἣ
3575 2906 3839 2978 Μωῦσῇ»

2140 2989 2174 3061 ἢ
2203 2992 2315 3053 τοῖς
2347 2989 2603 3061 ἰερεῦσιν,
2627 2991 2710 3044 ὅτι
2749 2993 2844 3045 καὶ
2874 2991 3000 3054 106;
3030 2990 3161 3061 παρ’
3193 2989 3328 3060 ἐμοῦ
3353 2989 3839 3061 εὐεργετηθέντας

2139 3077 2218 3140 εἰς
2247 3076 2309 3128 τὸ
2343 3077 2627 3130 πείθεσθαι
2655 3078 2885 3141 ἐκείνοις
2923 3079 3120 3147 ἐνάγω.

2209 3163 2274 3216 Τί
2298 3164 2355 3217 δέ
2383 3165 2553 3230 ἐστιν,
2587 3166 2674 3231 εἱς
2707 3167 3033 3234 μαρτύριον
3059 3163 3303 3231 αὐτοῖς;
3337 3164 3428 3226 Et;
3462 3163 3722 3235 ἔλεγχον,
3753 3169 3841 3231 εἰς

2137 3250 2433 3316 ἀπόδειξιν,
2481 3252 2562 3314 εἰς
2595 3253 2947 3322 κατηγορίαν,
2996 3252 3089 3304 ἐάν
3130 3251 3534 3321 ἀγνωμονῶσιν.
3593 3253 3840 3326 Ἐπειδὴ

2140 3337 2290 3410 [510]
2315 3337 2423 3410 γὰρ
2443 3338 2646 3407 ἔλεγον,
2663 3339 2747 3402 Ὠς
2766 3340 2964 3392 πλάνον
2987 3339 3080 3392 καὶ
3101 3338 3394 3392 ἀπατεῶνα
3416 3337 3725 3410 διώκομεν,
3754 3344 3839 3406 ὡς

2138 3426 2384 3480 ἀντίθεον
2431 3427 2526 3480 καὶ
2574 3427 2924 3498 παράνομονο
2969 3427 3032 3480 σύ
3085 3445 3174 3498 μοι
3211 3428 3600 3498 μαρτυρήσεις,
3655 3434 3837 3502 φησὶ,

2139 3516 2261 3569 κατ’
2298 3516 2506 3568 ἐκεῖνον
2545 3515 2633 3568 τὸν
2666 3521 2877 3586 καιρὸν,
2929 3516 3009 3568 ὅτι
3052 3517 3111 3567 οὐ
3163 3514 3478 3585 παράνομος
3522 3514 3659 3583 ἐγώ.
3717 3521 3839 3572 Καὶ

2138 3603 2246 3674 γὰρ
2279 3602 2624 3672 θεραπεύσας
2655 3619 2714 3655 σε
2757 3602 3111 3673 παρα-πέμπω
3149 3601 3224 3672 τῷ
3271 3603 3416 3672 νόμῳ
3463 3603 3556 3653 καὶ
3599 3606 3672 3675 τῇ
3719 3609 3839 3658 τῶν

2139 3689 2328 3762 ἱερέων
2366 3687 2690 3760 δοκιμασία·
2743 3689 2880 3761 ὅπερ
2926 3689 3193 3760 τιμῶντος
3233 3684 3299 3760 ἧν
3341 3688 3430 3742 τὸν
3477 3690 3668 3760 νόμον,
3733 3696 3837 3748 καὶ

2139 3775 2511 3847 θαυμάζοντος
2543 3777 2631 3829 τὸν
2667 3777 2936 3843 Μωῦσέα,
2984 3779 3076 3829 καί
3104 3777 3203 3829 οὐκ
3251 3777 3667 3846 ἐναντιουμένου
3709 3785 3836 3844 τοῖς

2140 3864 2386 3928 παλαιοῖς
2412 3865 2694 3935 δόγμασιν.
2728 3866 2789 3918 El
2818 3865 2872 3919 δὲ
2900 3865 3063 3935 μηδὲν
3087 3864 3309 3934 ἔμελλον
3339 3865 3664 3936 κερδαίνειν,
3689 3871 3838 3921 κάν-

2138 3952 2324 4006 τεῦθεν
2370 3953 2602 4023 μάλιστα
2647 3952 2744 4024 τὴν
2772 3953 2908 4024 πρὸς
2949 3954 3040 4006 τὸν
3077 3955 3242 4024 νόμον
3272 3953 3436 4006 αὐτοῦ
3472 3957 3837 4024 καταμαθεῖν

2138 4039 2252 4092 ἔστι
2279 4040 2466 4110 τιμὴν,
2492 4041 2572 4093 ὅτι
2605 4039 2700 4093 καί
2726 4039 2991 4111 προειδὼς
3035 4041 3184 4094 οὐδὲν
3219 4040 3711 4111 καρπωσομένους,
3759 4048 3836 4100 τὰ

2137 4124 2300 4178 αὐτοῦ
2335 4124 2509 4177 πάντα
2540 4125 2798 4194 ἐπλήρου.
2829 4126 2938 4178 Καὶ
2964 4127 3072 4198 7&9
3101 4124 3322 4197 προῄδει
3348 4125 3506 4178 τοῦτο
3535 4127 3701 4193 αὐτὸ,
3726 4133 3836 4184 καὶ

2138 4214 2415 4282 προεῖπεν.
2452 4212 2587 4264 Οὐδὲ
2619 4212 2728 4282 γὰρ
2757 4208 2910 4265 εἶπεν
2930 4253 2945 4278 ,
2978 4215 3057 4276 είς
3095 4213 3381 4284 διόρθωσιν
3414 4213 3612 4278 αὐτῶν,
3663 4217 3830 4282 οὐδὲ,

2135 4299 2214 4349 εἰς
2256 4297 2635 4364 διδασκαλίαν·
2692 4298 2842 4364 ἀλλ’,
2883 4301 2969 4364 εἱς
3011 4301 3340 4368 μαρτύριον
3390 4300 3614 4365 αὐτοῖς,
3651 4319 3832 4357 τουτ-

2135 4385 2311 4449 έστιν,
2346 4387 2426 4448 εἰς
2457 4386 2818 4456 κατηγορίαν,
2848 4387 2942 4439 καὶ
2971 4387 3050 4448 εἰς
3083 4386 3322 4457 ἔλεγχον,
3355 4386 3448 4438 καὶ
3475 4387 3553 4448 εἰς
3598 4404 3831 4459 μαρτυο

2135 4473 2281 4542 ρίαν,
2329 4473 2412 4526 ὅτι
2462 4474 2598 4527 1&7’
2619 4476 2751 4545 παρ’
2779 4474 2913 4546 ἐμοῦ
2947 4473 3125 4528 πάντα
3157 4475 3348 4543 γέγονε
3370 4491 3385 4502 ⁶
3421 4475 3513 4528 καὶ
3539 4479 3831 4545 προειδὼς

2131 4557 2490 4630 ἀδιορθώτους
2511 4561 2787 4630 μένοντας,
2806 4561 2926 4614 οὐδὲ
2949 4561 3122 4625 οὕτως
3147 4561 3394 4614 ἐνέλιπον
3410 4562 3454 4593 ⁸ο
3480 4561 3626 4633 άπερ
3650 4569 3828 4636 ποιῆ-

2135 4662 2222 4698 σαι
2253 4647 2420 4717 ἐχρῆν
2440 4662 2454 4676 °
2484 4648 2679 4700 ἐκεῖνοι
2723 4647 2781 4701 δέ
2819 4649 2920 4718 τὴν
2953 4649 3158 4702 οἰκείαν
3203 4648 3394 4720 ἔμενον
3422 4649 3825 4720 διατηροῦντες

2133 4733 2350 4787 κακίαν.
2383 4734 2553 4787 Τοῦτο
2586 4735 2715 4802 γοῦν
2748 4737 2844 4788 καί
2869 4736 3102 4807 ἀλλαχοῦ
3148 4738 3336 4808 φησι⁸¹
3359 4755 3373 4768 ο
3409 4738 3823 4806 Κηρυχθήσεο

2131 4838 2224 4874 ται
2250 4819 2314 4874 τὸ
2351 4821 2716 4892 Εὐαγγέλιωο
2740 4823 2915 4878 τοῦτο
2943 4825 3013 4878 ἐν
3038 4825 3159 4890 ὅλῳ
3189 4824 3268 4890 τῷ
3293 4827 3496 4894 κόσμῳ
3527 4827 3617 4891 είς
3651 4846 3824 4898 μαρο

2129 4905 2332 4972 τύριον
2354 4903 2503 4960 πᾶσι
2530 4905 2655 4972 τοῖς
2677 4905 2900 4971 ἔθνεσι,
2926 4907 3023 4960 καί
3046 4909 3177 4961 τότε
3208 4908 3339 4975 ἣξει
3368 4908 3434 4960 τὸ
3455 4907 3632 4973 τέλος
3652 4927 3665 4937 ·
3694 4915 3820 4973 τοῖς

2129 4986 2328 5052 ἔθνεσι,
2374 4991 2486 5050 τοῖς
2519 4989 2618 5058 οὐχ
2651 4989 3007 5056 ὑπακούουσι,
3040 4995 3154 5054 τοῖς
3185 4993 3246 5045 οὐ
3283 4992 3647 5060 πειθομένοις.
3687 4994 3820 5047 Ἵνα

2129 5068 2236 5139 7&9
2265 5071 2339 5140 μή
2361 5087 2444 5133 τις
2468 5069 2624 5140 λέγῃ,
2649 5070 2755 5123 Καὶ
2773 5071 2916 5134 τίνος
2940 5072 3127 5125 ἕνεκεν
3161 5074 3294 5126 πᾶσι
3324 5071 3636 5143 κηρύττεις,
3652 5075 3710 5126 εἰ
3736 5079 3817 5146 μὴ

2130 5151 2329 5214 πάντες
2363 5152 2615 5221 μέλλουσι
2644 5152 2962 5220 πείθεσθαι;
2987 5156 3074 5208 ἵνα
3102 5155 3170 5208 τὰ
3189 5155 3426 5225 ἐμαυτοῦ
3449 5155 3628 5208 πάντα
3647 5161 3820 5224 φανῶ

2133 5234 2468 5304 πεποιηκὼς,
2503 5234 2597 5287 καί
2631 5236 2820 5306 μηδεὶς
2865 5237 2962 5307 ἔχη
3010 5238 3148 5307 μετὰ
3182 5239 3354 5292 ταῦτα
3401 5237 3682 5305 ἐγκαλεῖν,
3736 5241 3818 5304 ὡς

2133 5318 2234 5371 οὐκ
2272 5317 2545 5388 ἀκηκοώς.
2580 5319 3080 5392 Καταμαρτυρήσει
3111 5321 3220 5393 γὰρ
3244 5321 3422 5375 αὐτῶν
3454 5321 3596 5391 αὐτὴ
3631 5324 3666 5392 ἡ
3706 5325 3815 5395 κή-

2455 5479 2500 5553 ⁶¹ξ
2532 5479 2768 5553 δεικνύς]
2815 5479 2904 5553 Sic
2946 5481 3043 5553 Ep.
3093 5483 3216 5537 Sav.
3271 5483 3482 5553 codiceg
3526 5481 3808 5540 δείκνυσι.

2435 5549 2594 5626 μόνον
2833 5549 3151 5626 ⁸⁹μπρῷτος]
3178 5555 3265 5626 διά
3293 5551 3551 5626 τοιτοῦτο
3578 5553 3812 5620 πρῶτος

2794 5621 3151 5692 μηδὲνΕιΙιΙ.”
3211 5625 3254 5654 ⁷³
3290 5621 3434 5692 οὐδὲ]
3459 5621 3650 5693 ὥσπερ
3681 5627 3815 5681 οὐδὲ

2463 5731 2476 5743 .
2510 5732 2520 5744 .
2556 5681 2733 5745 έκεῖνο
2764 5681 3137 5746 Ειιά.1”;ινριιιθ
3167 5694 3263 5748 Ge.
3339 5694 3384 5722 ”
3413 5681 3812 5764 Ξκκ).ειὲθῆναι

2463 5762 2522 5814 Μ
2578 5763 2638 5814 (ἶ.
2687 5763 2805 5814 Mox
2847 5765 3218 5814 ἀναπαύεσθαι
3267 5761 3328 5814 F.
3433 5764 3475 5792 τ⁷
3520 5763 3702 5814 Verba
3747 5772 3812 5814 τ),

3433 5764 3475 5792 τ⁷
3520 5763 3707 5817 Verba
3747 5772 3814 5820 τὸ

2433 5833 2995 5914 κεκαθάρισταιβιίά.
3074 5837 3117 5868 ⁷⁸
3153 5833 3237 5903 τὰ]
3274 5851 3352 5884 σοι
3377 5831 3458 5914 Ιᾼ.
3498 5831 3562 5886 (Ἰ.
3601 5851 3688 5888 σοι
3738 5857 3807 5892 τα

358 5912 419 5968 υ.
452 5907 662 5980 γέγονε]
698 5900 1076 5989 ἐγένετοβιιά.
1154 5901 1198 5932 ⁸ο
1238 5901 1508 5957 ἐνέλειπον
1538 5902 1671 5958 Edd.
1711 5903 1788 5978 _“
1813 5900 1894 5975 φη

1886 5922 1950 5975 γσι
1986 5906 2135 5958 deos!
2165 5900 2219 5956 In
2256 5901 2389 5956 Edd.
2433 5900 2859 5974 κηρυχθήτεταε]
2896 5906 3017 5959 add.
3057 5906 3180 5974 γὰρ,
3220 5900 3343 5972 φησί
3376 5901 3433 5956 F.
