3868 6182
260 223 364 276 529

256 337 426 401 lisset,
473 335 827 392 cohibendum
856 345 971 393 erat
998 351 1150 409 opus.
1194 340 1342 399 Nunc
1368 355 1543 402 autem
1563 347 1710 418 jussa
1737 366 1833 407 ua-

256 438 372 481 tura
418 429 579 483 cessit
605 444 725 482 cum
751 445 811 483 ea
858 445 960 500 qua
1007 446 1103 500 par
1129 441 1244 488 erat
1268 435 1568 505 celeritate,
1599 441 1707 495 imo
1735 458 1838 496 ma.

245 518 388 586 jure,
412 534 571 588 quam
599 521 919 590 evangelista
939 512 1283 590 expresserit.
1307 524 1437 580 Nam
1462 527 1594 583 illud
1624 530 1833 599 Statim,

247 614 408 682 longe
437 612 637 667 tardius
662 624 742 667 est
768 653 789 680 ,.
831 629 986 684 quam
1029 617 1206 684 operis
1231 617 1477 674 celeritas
1507 619 1625 675 fuit.
1652 620 1835 693 Neque

246 701 419 755 solum
466 702 619 764 dixit,
663 703 808 768 Volo,
861 705 1142 770 mundare;
1183 707 1278 762 sed
1329 709 1510 774 etiam,
1545 709 1834 768 Extettdens

244 812 452 849 manuni
500 797 830 866 apprehendit
879 815 991 852 eum
1026 814 1046 852 :
1084 799 1226 868 quod
1269 803 1438 872 magis
1491 803 1831 873 inquisitione

241 886 462 955 dignum
490 897 591 940 est.
631 888 736 940 Cur
757 888 897 942 enim
947 889 1221 944 voluntate
1264 905 1326 945 ac
1355 891 1520 948 verbo
1549 907 1742 948 curans
1767 895 1828 948 il-

245 979 378 1043 lum,
411 993 599 1032 manus
626 988 821 1033 tactum
863 979 1092 1048 adjecit?
1119 980 1234 1036 Non
1251 982 1350 1036 alia
1382 983 1448 1038 de
1472 998 1655 1050 causa,
1685 984 1827 1040 arbi-

239 1077 374 1133 tror,
401 1084 558 1138 quam
596 1081 650 1122 ttt
681 1070 939 1125 indicaret
968 1112 983 1136 ,
1016 1086 1075 1126 se
1101 1087 1206 1126 non
1234 1072 1337 1143 legi
1365 1074 1664 1142 subjectum
1687 1116 1700 1138 ,
1729 1075 1824 1130 sed

235 1174 403 1228 supra
435 1161 601 1230 legem
628 1176 783 1224 esse;
812 1177 875 1217 ac
917 1161 1114 1216 ntundo
1155 1163 1408 1233 deinceps
1434 1165 1564 1220 nihil
1591 1167 1822 1221 immun-

231 1251 362 1304 dum
393 1251 522 1308 fore.
572 1253 793 1308 Eliswus
832 1253 1027 1322 quippe
1057 1255 1154 1322 legi
1204 1256 1541 1325 obsequens,
1581 1257 1824 1313 Neu-ma-

235 1358 362 1394 num
393 1343 408 1372 ¹
439 1357 508 1397 ne
539 1344 771 1411 reSpexit
799 1343 1013 1412 quidem
1041 1361 1055 1408 ;
1087 1353 1142 1398 ut
1172 1355 1349 1400 autem
1381 1347 1640 1401 offensum
1673 1348 1822 1402 audi-

231 1433 328 1498 vit,
385 1433 524 1502 quod
557 1448 660 1487 non
712 1449 963 1503 egressus
989 1444 1154 1503 esset,
1189 1451 1288 1492 nec
1336 1451 1394 1492 se
1451 1439 1730 1508 tetigisset,
1763 1447 1821 1494 ut

230 1525 403 1594 legem
429 1534 674 1580 accurate
698 1533 957 1590 servaret,
989 1525 1134 1580 domi
1163 1543 1404 1595 manens,
1435 1530 1577 1582 misit
1603 1545 1724 1584 cum
1751 1528 1817 1583 ad

223 1617 541 1684 Jordanem,
591 1626 645 1672 ut
673 1633 792 1673 sese
845 1618 1204 1688 ablueret(4.
1239 1619 1367 1691 Reg.
1408 1621 1503 1689 5).
1561 1622 1818 1678 Dominus

227 1731 363 1770 vero
390 1712 680 1770 ostendens
697 1726 756 1766 se
785 1725 891 1764 non
908 1720 967 1763 ut
982 1723 1219 1774 servum,
1239 1709 1332 1763 sed
1351 1717 1409 1763 ut
1424 1708 1702 1765 dominum
1717 1727 1811 1768 cu-

231 1823 378 1871 rare,
405 1807 566 1861 etiam
589 1802 760 1873 tangit
780 1803 1077 1872 leprosum.
1115 1798 1300 1870 Neque
1328 1801 1472 1856 enim
1505 1817 1699 1858 manus
1715 1821 1811 1873 per

221 1894 430 1963 lepram
466 1892 736 1947 immunda
772 1892 909 1947 facta
952 1901 1069 1957 est,
1099 1891 1194 1946 sed
1244 1891 1514 1961 leprosum
1549 1907 1743 1961 corpus
1781 1907 1812 1946 a

220 1993 409 2038 sancta
436 1999 596 2037 manu
622 1982 933 2037 mundatum
958 1991 1060 2038 est.
1092 1982 1206 2036 Non
1236 1982 1379 2037 enim
1407 1996 1628 2051 corpora
1658 1997 1811 2036 ettra-

220 2084 375 2128 turus
405 2083 608 2128 tantum
634 2073 943 2137 advenerat,
976 2072 1071 2129 sed
1096 2075 1328 2128 animam
1359 2089 1570 2143 quoque
1594 2073 1660 2129 ad
1691 2073 1808 2144 phi-

219 2167 522 2236 losopltiam
549 2165 896 2222 deducturus.
936 2166 1085 2222 Sicut
1123 2180 1250 2235 ergo
1275 2180 1379 2220 non
1405 2165 1529 2221 lotis
1555 2167 1802 2221 manibus

218 2259 584 2324 manducare,
629 2273 736 2314 non
782 2258 919 2313 ultra
965 2258 1292 2327 prohibitum
1325 2273 1449 2314 esse
1485 2258 1635 2326 dicit,
1684 2274 1804 2313 cum

213 2349 474 2418 Optimam
503 2349 644 2403 illam
679 2349 747 2403 de
775 2349 1017 2404 ciborum
1054 2348 1404 2404 indill'erentia
1437 2349 1604 2419 legem
1653 2349 1806 2404 indu-

218 2440 336 2494 cit:
366 2440 444 2494 sic
473 2449 528 2494 et
547 2440 648 2494 hoc
667 2440 796 2496 loco
814 2441 940 2512 agit,
979 2439 1242 2511 docetque
1283 2441 1517 2496 animam
1557 2450 1804 2511 oportere

213 2529 440 2598 intrari,
485 2529 816 2601 sublatisque
868 2533 1106 2587 externis
1141 2532 1248 2586 illis
1308 2530 1794 2601 puriﬁcationibus,

211 2620 360 2675 illam
392 2635 515 2676 esse
564 2622 970 2691 abstergendam
992 2662 1008 2687 ,
1051 2622 1323 2693 ipsiusque
1363 2631 1567 2677 tantum
1597 2622 1800 2694 lepram

209 2726 335 2767 esse
380 2712 690 2778 timendam,
746 2729 867 2783 quae
908 2723 991 2769 est
1033 2724 1306 2783 peccatum
1356 2715 1500 2786 (nam
1532 2715 1798 2785 leprosum

209 2819 331 2861 esse
353 2807 553 2860 nullum
567 2805 632 2860 ad
645 2808 867 2861 salutem
891 2807 1330 2877 impedimentum
1352 2808 1529 2881 affert)
1551 2827 1564 2877 ;
1596 2811 1800 2881 primus

209 2898 324 2966 ipse
381 2897 648 2966 leprosum
691 2898 891 2968 tangit,
943 2908 997 2952 et
1025 2914 1183 2953 nemo
1229 2901 1562 2955 criminatur.
1611 2901 1796 2972 Neque

207 2992 350 3041 enim
372 2997 680 3058 corruptum
706 2998 822 3043 erat
851 2989 1104 3053 tribunal,
1136 3005 1308 3061 neque
1333 2991 1529 3046 invidia
1556 2994 1791 3062 correpti

207 3088 536 3149 spectatores
561 3081 581 3111 ²
609 3088 779 3134 erant.
827 3079 1056 3149 Ideoque
1101 3096 1207 3136 non
1253 3081 1412 3137 modo
1449 3096 1554 3137 non
1597 3083 1798 3137 calum-

207 3171 334 3226 niati
361 3183 506 3235 sunt,
539 3170 632 3225 sed
673 3180 891 3240 stupore
933 3172 1160 3241 perculsi
1197 3172 1263 3227 de
1295 3174 1573 3240 miraculo,
1604 3188 1791 3230 cesse-

205 3273 347 3329 runt,
381 3279 446 3316 ex
475 3262 631 3317 dictis
667 3271 720 3316 et
750 3261 902 3317 lactis
932 3263 1180 3317 invictam
1211 3264 1327 3333 ejus
1370 3267 1660 3333 potentiam
1692 3266 1788 3321 ad-

204 3365 442 3409 orantes.
469 3352 603 3408 Cutn
627 3369 822 3424 eorpus
865 3370 992 3424 ergo
1020 3364 1257 3411 curasset
1281 3396 1295 3421 ,
1328 3358 1578 3427 prmcepit
1601 3401 1615 3422 ,
1644 3359 1697 3414 4.
1731 3369 1789 3414 ut

205 3447 403 3502 nemini
437 3447 660 3514 diceret,
693 3447 787 3502 sed
821 3449 1130 3504 ostenderet
1169 3465 1229 3505 se
1257 3451 1525 3506 sacerdoti
1555 3493 1571 3520 ,
1594 3462 1649 3508 et
1673 3468 1788 3508 mu-

204 3556 304 3596 nus
345 3539 586 3608 oﬂ'erret,
639 3541 788 3609 Quod
815 3543 1051 3613 pratcepit
1081 3542 1305 3616 ~Moyses,
1358 3544 1410 3597 in
1451 3545 1791 3600 testimonium

203 3634 324 3686 illis.
352 3633 578 3700 Quidam
597 3633 798 3699 dicunt,
829 3634 948 3688 ideo
978 3634 1123 3688 illum
1155 3635 1475 3705 praecepisse
1503 3648 1560 3691 ut
1591 3640 1788 3693 nemini

209 3725 445 3791 diceret,
478 3740 547 3780 nc
578 3725 807 3794 maligne
834 3735 1054 3796 agerent
1097 3728 1238 3781 circa
1271 3728 1634 3784 mttudationis
1657 3745 1787 3785 exa-

204 3833 360 3882 men;
408 3817 504 3872 sed
561 3817 676 3872 haec
724 3818 1034 3887 insipienter
1086 3819 1374 3874 admodum
1429 3820 1783 3889 StISpicantur.

200 3907 382 3977 Neque
403 3909 545 3963 enim
574 3909 645 3962 ita
668 3908 961 3972 mundavit,
987 3917 1044 3963 ut
1063 3909 1255 3979 aliquis
1279 3921 1521 3966 maneret
1541 3912 1784 3967 de—muu-

198 4001 414 4056 datione
455 4000 730 4055 dubitandi
773 4000 920 4055 locus
948 4019 961 4056 :
994 4002 1088 4057 sed
1139 4002 1341 4057 nemini
1391 4003 1568 4060 dicere
1610 4008 1782 4074 jubet,

197 4095 396 4149 docens
420 4103 477 4148 ut
503 4109 533 4148 a
561 4094 698 4148 fastu
719 4104 773 4150 et
800 4095 1092 4150 ambitione
1109 4097 1459 4152 abstineatur.
1493 4100 1650 4155 Certe
1676 4116 1746 4155 no
1762 4127 1782 4140 -

196 4196 345 4241 verat
371 4187 480 4252 ille,
513 4186 684 4256 ipsum
710 4202 818 4241 non
847 4203 976 4243 esse
999 4189 1306 4256 taciturum,
1349 4192 1442 4246 sed
1474 4193 1781 4249 benefacto-

198 4295 310 4334 rem
348 4293 469 4333 esse
499 4277 889 4334 celebraturum
919 4297 932 4333 :
960 4290 1196 4335 attamen
1225 4282 1370 4351 quod
1396 4299 1558 4352 penes
1585 4299 1642 4339 se
1667 4295 1783 4340 erat

195 4372 337 4426 fecit.
363 4371 474 4425 Cur
500 4386 664 4440 ergo,
703 4371 930 4441 inquies,
965 4372 1088 4426 alibi
1130 4373 1400 4441 publicare
1439 4375 1639 4444 jussit?
1663 4375 1780 4431 Non

193 4480 374 4519 secum
407 4477 667 4534 pugnans,
703 4477 875 4533 neque
900 4465 1163 4518 contraria
1188 4465 1401 4533 jubens,
1429 4465 1525 4520 sed
1547 4474 1604 4520 ut
1623 4465 1782 4522 doce-

194 4565 276 4612 ret
295 4564 480 4626 gratos
507 4568 628 4609 esse
663 4564 932 4623 oportere.
961 4554 1144 4624 Neque
1172 4555 1314 4609 enim
1344 4556 1416 4610 ibi
1441 4557 1693 4626 praecepit
1722 4567 1780 4612 ut

191 4662 248 4704 se
273 4647 632 4707 celebrarent,
664 4649 758 4701 sed
782 4654 838 4699 ιιι
865 4645 1052 4700 darent
1077 4646 1302 4716 gloriam
1338 4647 1446 4701 Deo
1474 4664 1488 4701 :
1517 4663 1615 4718 per
1636 4648 1778 4704 hunc

193 4737 407 4807 quidem
439 4736 709 4808 leprosum
731 4736 930 4790 docens
959 4752 1055 4790 nos
1082 4777 1096 4801 ,
1126 4745 1181 4791 ut
1208 4737 1324 4791 sine
1350 4737 1485 4792 fastu
1515 4739 1680 4794 simus
1727 4748 1781 4794 ct

190 4845 382 4882 vanam
412 4829 633 4897 gloriam
662 4826 961 4896 fugiamus;
997 4843 1090 4897 per
1119 4827 1266 4881 illum
1297 4843 1447 4895 vero,
1485 4837 1541 4882 ut
1567 4829 1700 4897 grati
1726 4837 1780 4884 et

189 4920 578 4974 beneﬁciorum
609 4932 875 4972 memores
907 4935 920 4971 :
948 4928 1109 4987 atque
1136 4933 1232 4972 nos
1268 4919 1552 4974 instituens
1584 4919 1778 4990 ubique

189 5020 244 5064 ut
297 5009 509 5064 laudem
544 5008 769 5062 Domino
795 5007 1110 5062 referamus.
1140 5009 1272 5075 Quia
1314 5008 1455 5064 enim
1507 5009 1772 5077 homines,

189 5112 242 5155 nt
271 5102 582 5171 plurimum,
612 5115 734 5154 cum
760 5099 948 5154 morbo
979 5100 1245 5168 laborant,
1277 5101 1370 5156 Dei
1399 5103 1771 5168 recordantur,

189 5193 377 5248 morbo
398 5202 576 5247 autem
603 5191 828 5262 depulso
847 5233 863 5258 ,
894 5191 1168 5262 segniores
1197 5192 1428 5248 evadunt
1467 5211 1479 5248 :
1505 5194 1697 5263 jubens
1722 5203 1775 5249 et

185 5299 360 5355 agros
389 5299 445 5338 et
484 5297 645 5338 sanos
673 5284 887 5338 assidue
931 5284 982 5337 itt
1013 5293 1190 5338 mente
1240 5283 1521 5339 Dominum
1552 5285 1768 5350 habere,

186 5378 316 5434 dicit
346 5395 360 5433 :
389 5375 473 5430 Da
497 5377 713 5449 gloriam
738 5376 846 5432 Deo
868 5375 1045 5449 (Joan.
1077 5378 1129 5434 9.
1160 5377 1230 5433 24
1251 5381 1291 5449 ).

250 5648 265 5713 ξ
301 5653 441 5713 iuxta
461 5645 591 5713 alios
600 5643 864 5713 legendum
895 5650 1044 5704 esset,
1069 5651 1368 5693 Necmnmnn.

246 5711 268 5742 ³
296 5708 472 5772 Savil.,
493 5708 758 5757 auditores.

1213 227 1280 284 ΙΝ
1314 229 1718 293 ΜΑΤΤΗᾹΞΗΜ
1746 235 1800 293 lit

1908 239 1976 296 lL.
2018 242 2182 299 XXV.
2223 250 2292 303 al.
2334 248 2522 308 XXVI.
3426 279 3530 339 530

2018 356 2249 414 Christus
2277 364 2426 418 modo
2452 365 2608 436 legem
2627 369 2874 440 servabat,
2893 377 3046 433 modo
3064 395 3165 437 non
3190 389 3436 446 servabat.
3456 424 3523 437 -—

1943 447 2050 550 (ξυι-
2087 459 2263 550 autem
2301 460 2554 528 praecepit
2594 470 2650 516 ut
2694 467 3002 526 ostenderet
3035 486 3097 528 se
3125 480 3411 550 sacerdoti,
3471 497 3523 542 et

1941 539 2140 642 donum
2168 543 2386 642 olierret
2407 551 2430 603 ?
2452 551 2624 608 Uthic
2652 555 2822 626 legem
2851 560 3118 632 impleret.
3165 567 3350 642 Neque
3379 539 3522 633 enim

1941 631 2137 731 ubique
2166 637 2411 696 solvebat
2436 643 2603 711 illam,
2652 656 2708 700 ut
2741 664 2839 705 nec
2867 631 3081 724 semper
3109 631 3390 731 servabat;
3425 631 3518 725 sed

1937 724 2099 824 modo
2118 727 2268 794 illud,
2293 733 2452 828 modo
2481 736 2622 790 aliud
2649 755 2661 790 :
2688 739 2838 808 illud,
2868 753 2925 798 ut
2951 745 3142 805 futura:
3159 724 3517 828 philosophiae

1937 823 2074 869 viam
2106 831 2352 887 pararet;
2393 823 2552 892 istud,
2593 838 2648 883 ut
2679 831 3038 901 impudentem
3069 840 3280 899 interim
3308 823 3519 907 Judaeo-

1935 922 2052 999 rum
2077 908 2306 979 linguam
2328 928 2624 985 coerceret,
2653 930 2706 976 et
2732 923 2797 978 ad
2828 925 3038 984 illorum
3082 932 3437 995 inﬁrmitatem
3459 958 3516 999 se

1934 997 2262 1101 demitteret.
2293 1005 2492 1077 Ecquid
2521 1011 2732 1068 miraris
2755 1055 2770 1079 ,
2800 1016 2844 1070 si
2874 1017 2927 1072 in
2953 1022 3213 1094 principio
3244 1028 3292 1083 id
3323 997 3511 1101 egerit,

1931 1092 2144 1159 quando
2163 1104 2216 1149 et
2236 1101 2460 1165 apostoli
2490 1112 2772 1174 postquam
2798 1107 2932 1176 jussi
2969 1123 3094 1169 sunt
3117 1092 3182 1172 ad
3209 1092 3393 1189 gentes
3415 1092 3512 1179 mi;

1929 1195 2102 1250 grare,
2133 1194 2186 1238 et
2219 1195 2398 1254 portas
2448 1193 2656 1259 aperire
2684 1195 2749 1249 ad
2785 1197 3079 1256 doctrinam
3109 1220 3203 1275 per
3233 1217 3398 1266 totum
3427 1230 3512 1268 or»

1927 1279 2052 1336 bem
2107 1282 2504 1353 spargendam,
2554 1284 2722 1355 legem
2778 1289 3103 1361 excludere,
3153 1311 3293 1352 nova
3349 1301 3505 1356 insti-

1925 1379 2098 1437 tuere,
2124 1381 2303 1427 vetera
2331 1374 2598 1444 abrogare
2620 1381 2837 1443 omnla;
2864 1387 3024 1443 modo
3054 1387 3223 1458 legem
3256 1401 3496 1456 servare,

1927 1455 2084 1510 modo
2115 1457 2256 1512 illam
2288 1461 2580 1529 transgredi
2601 1455 3198 1533 deprehendunturfEt
3217 1473 3344 1545 quid
3381 1455 3501 1539 hoc.

1925 1550 2170 1620 inquies,
2223 1553 2287 1606 ad
2341 1555 2474 1624 legis
2521 1558 2815 1612 custodiam
2868 1562 3093 1628 confert,
3144 1565 3284 1633 quod
3341 1566 3503 1632 dicat,

1926 1640 2145 1696 Ostende
2193 1654 2240 1696 te
2280 1647 2527 1700 sacerdoti
2567 1647 2709 1720 (Leo.
2743 1651 2870 1720 14)?
2897 1651 3012 1707 Non
3052 1669 3236 1722 parum
3276 1657 3501 1713 confert.

1923 1732 2049 1786 Erat
2073 1734 2269 1804 quippe
2297 1736 2376 1790 lex
2409 1747 2578 1804 vetus,
2622 1747 2682 1794 ut
2706 1740 2950 1811 leprosus
2972 1746 3257 1801 mundatus
3285 1763 3356 1803 ne
3399 1750 3499 1804 sibi

1920 1825 2211 1893 probandze
2256 1829 2613 1886 mundationis
2658 1835 3028 1890 auctoritatem
3075 1852 3382 1908 arrogaret;
3410 1843 3502 1897 sed

1917 1932 1977 1971 se
2001 1917 2307 1974 ostenderet
2332 1920 2596 1976 sacerdoti
2623 1963 2635 1988 ,
2666 1923 2951 1994 ipsiusque
2983 1927 3060 1981 rei
3091 1927 3502 1986 demonstratio-

1916 2023 2037 2064 nem
2065 2010 2327 2079 praehcret
2351 2050 2366 2077 ,
2400 2019 2458 2065 ut
2495 2011 2662 2081 ipsius
2708 2015 2912 2069 calculo
2945 2018 3157 2072 mundis
3183 2034 3502 2076 annumera-

1915 2110 2081 2154 retur.
2110 2100 2224 2155 Nisi
2267 2101 2410 2158 enim
2438 2103 2688 2160 sacerdos
2728 2105 2969 2176 dixisset,
3002 2112 3312 2167 mandatum
3340 2112 3502 2169 fuisse

1914 2191 2205 2261 leprosum,
2244 2193 2289 2248 is
2321 2209 2444 2250 cum
2484 2195 2770 2252 immundis
2808 2207 2961 2254 extra
2991 2211 3165 2257 castra
3195 2205 3502 2261 mansisset.

1913 2283 2038 2339 ideo
2067 2285 2180 2352 ait,
2229 2285 2450 2340 Ostende
2490 2296 2535 2340 te
2563 2287 2842 2353 sacerdoti,
2873 2300 2920 2344 et
2957 2291 3088 2359 offer
3112 2293 3301 2348 donum
3323 2336 3335 2358 ,
3367 2297 3498 2365 quod

1911 2375 2148 2443 prece—epit
2177 2374 2400 2446 Moyses.
2430 2376 2544 2432 Non
2586 2377 2738 2445 dixit,
2785 2379 2936 2448 Quod
2963 2385 3194 2453 prwcepi
3237 2400 3370 2456 ego;
3403 2396 3497 2441 sed

1909 2464 2121 2519 interim
2165 2466 2231 2520 ad
2273 2467 2442 2536 legem
2475 2469 2719 2536 remittit,
2773 2479 2830 2526 ut
2873 2473 3105 2542 undique
3153 2489 3215 2530 os
3260 2476 3496 2545 ipsorum

1909 2556 2139 2611 claudat.
2187 2557 2264 2612 Ne
2310 2559 2554 2615 dicerent
2594 2562 2773 2627 enim,
2806 2563 2979 2632 ipsum
3028 2565 3132 2620 sibi
3158 2568 3495 2624 sacerdotum

1909 2646 2170 2704 honorem
2212 2650 2475 2718 rapuisse,
2525 2666 2658 2721 opus
2690 2655 2802 2723 ipse
2833 2655 3094 2725 implevit,
3125 2657 3492 2728 probationem

1908 2741 2036 2810 ipsis
2067 2742 2289 2807 remisit,
2342 2751 2397 2799 et
2440 2744 2559 2798 illos
2607 2747 2982 2802 miraculorum
3029 2763 3245 2805 suorum
3289 2752 3492 2822 judices

1906 2833 2200 2888 constituit.
2233 2833 2461 2890 Tantum
2493 2835 2664 2901 abest,
2697 2838 2888 2908 inquit,
2919 2848 2978 2894 ut
3003 2855 3230 2910 pugnem
3262 2843 3342 2898 vel
3371 2859 3492 2898 cum

1905 2926 2108 2999 Moyse,
2135 2929 2218 2984 vel
2243 2945 2363 2986 cum
2392 2931 2780 3002 sacerdotibus,
2804 2945 2862 2990 ut
2891 2951 3006 3004 eos,
3038 2939 3127 3008 qui
3156 2953 3185 2992 a
3215 2955 3300 2996 me
3332 2941 3491 2997 bene-

1907 3018 2028 3075 licio
2055 3019 2227 3076 affecti
2256 3031 2382 3077 smtt
2402 3064 2418 3088 ,
2449 3023 2676 3092 mittam,
2703 3025 2793 3096 qui
2827 3026 2928 3080 illis
2957 3027 3346 3100 obtemperent.

1977 3111 2030 3167 5.
2064 3111 2200 3179 Quid
2245 3127 2407 3183 porro
2449 3115 2579 3170 illud
2607 3125 2727 3184 est,
2761 3115 2828 3171 In
2873 3119 3210 3175 testimonium
3257 3122 3401 3177 illis?
3427 3124 3483 3178 ln

1903 3203 2355 3274 redargutionem,
2401 3207 2451 3260 in
2493 3207 2909 3277 accusationem,
2954 3211 3000 3265 si
3055 3227 3159 3267 non
3218 3214 3381 3283 probe
3431 3230 3488 3270 se

1900 3298 2182 3367 gesserint.
2213 3299 2345 3366 Quia
2376 3300 2520 3354 enim
2541 3300 2809 3370 dicebant,
2838 3301 2910 3359 Ut
2934 3304 3271 3362 seductorem
3304 3315 3358 3363 et
3387 3307 3484 3364 de-

1899 3399 2174 3457 ccptoretn
2203 3392 2572 3461 persequimur
2593 3431 2608 3454 ,
2642 3402 2700 3447 ut
2729 3393 2839 3448 Deo
2868 3393 3237 3452 adversarium
3266 3407 3319 3453 et
3347 3398 3481 3470 legis

1901 3490 2351 3551 transgressorem
2376 3499 2389 3535 :
2416 3482 2496 3537 Tu
2525 3482 2679 3549 mihi,
2701 3483 2892 3553 inquit,
2917 3486 3071 3540 testis
3095 3488 3202 3543 eris
3230 3489 3320 3544 illo
3350 3497 3484 3543 tem-

1898 3587 2050 3642 pore,
2075 3587 2160 3627 me
2191 3588 2296 3627 non
2324 3586 2444 3628 esse
2480 3573 2614 3643 legis
2654 3582 3104 3644 transgressorem
3136 3595 3150 3632 :
3184 3593 3303 3632 nam
3333 3589 3482 3648 post-

1895 3678 2054 3732 quam
2087 3671 2138 3718 te
2167 3662 2369 3729 curavi,
2406 3673 2457 3719 te
2479 3662 2543 3718 ad
2575 3663 2747 3734 legem
2776 3665 3014 3731 remitto,
3036 3676 3193 3737 atque
3214 3669 3278 3722 ad
3299 3682 3480 3724 sacer-

1894 3754 2077 3808 dotum
2105 3754 2476 3824 probationem
2499 3771 2513 3820 ;
2536 3754 2589 3809 id
2629 3755 2774 3826 quod
2803 3764 2918 3811 erat
2945 3757 3171 3812 colentis
3205 3759 3396 3829 legem,
3424 3769 3481 3815 et

1892 3847 2127 3919 Moysem
2150 3847 2482 3915 honorantis,
2519 3862 2618 3904 nec
2644 3848 2877 3918 antiquis
2917 3848 3250 3920 dogmatibus
3280 3851 3472 3906 adver-

1892 3941 2080 3994 santis.
2108 3938 2260 4006 Quod
2303 3939 2348 3994 si
2394 3938 2524 3993 nihil
2555 3939 2679 3994 inde
2723 3939 2854 3994 lucri
2883 3941 3161 4011 percipere
3187 3942 3475 4010 debebant,

1892 4032 2018 4088 hinc
2075 4032 2312 4086 maxime
2366 4039 2543 4085 tamen
2605 4027 2780 4086 discas
2827 4041 3055 4101 quantus
3106 4047 3271 4102 penes
3327 4034 3476 4089 illum

1890 4125 1959 4178 sit
1982 4124 2113 4194 legis
2140 4122 2312 4176 honor
2339 4163 2355 4189 ,
2382 4123 2503 4192 quia
2548 4137 2668 4177 cum
2718 4123 2992 4192 praesciret
3031 4124 3153 4178 illos
3181 4124 3312 4179 nihil
3351 4125 3476 4181 inde

1888 4215 2094 4270 fructus
2118 4223 2466 4284 percepturos
2502 4227 2620 4268 esse
2640 4255 2654 4281 ,
2689 4221 2866 4269 tamen
2897 4229 3017 4284 quae
3044 4228 3211 4284 penes
3236 4231 3295 4270 se
3321 4227 3475 4270 erant

1887 4310 2064 4365 omnia
2087 4308 2364 4378 implebat.
2398 4307 2528 4361 Nam
2571 4307 2674 4362 hoc
2701 4308 2872 4373 ipsum
2908 4300 3224 4379 praasciebat
3252 4317 3306 4364 ct
3331 4324 3472 4378 prte-

1887 4402 2116 4458 dicebat.
2145 4400 2328 4470 Neque
2371 4398 2513 4454 enim
2551 4398 2763 4454 dicebat
2786 4439 2800 4465 ,
2833 4398 2890 4452 In
2918 4399 3346 4455 emendationem
3381 4415 3475 4456 eo-

1887 4509 2027 4560 rum,
2057 4507 2248 4561 neque,
2282 4491 2339 4546 ltt
2384 4489 2682 4545 doctrinam
2732 4504 2960 4555 eorum;
3007 4489 3124 4558 sed,
3155 4489 3222 4545 In
3248 4492 3473 4546 testimo'

1886 4586 2029 4640 nium
2053 4584 2175 4647 illis,
2205 4582 2256 4637 id
2284 4590 2384 4649 est,
2423 4580 2480 4635 ιιι
2510 4581 2930 4646 accusationem,
2959 4580 3012 4634 in
3049 4581 3470 4638 confutationcm

1885 4688 1937 4734 et
1969 4679 2022 4732 in
2054 4675 2438 4741 testimonium,
2477 4672 2620 4745 quod
2647 4673 2794 4730 tibia
2840 4688 2928 4729 me
2967 4674 3145 4730 omnia
3181 4675 3316 4731 facta
3341 4677 3467 4731 sint.

1884 4771 2017 4826 Cum
2049 4768 2353 4837 pra-scirem
2393 4779 2486 4821 eos
2513 4765 2631 4821 sine
2655 4764 3032 4821 emendatione
3061 4781 3367 4834 mansuros,
3401 4783 3470 4824 ne

1883 4864 1962 4918 sic
1990 4861 2204 4932 quidem
2233 4875 2352 4930 quae
2381 4859 2556 4914 lacere
2603 4859 2886 4928 oportebat
2929 4858 3084 4913 omisi
3110 4875 3127 4925 ;
3153 4859 3228 4913 illi
3257 4873 3384 4914 vero
3413 4860 3465 4913 in

1883 4955 2082 5011 malitia
2110 4969 2206 5009 sua
2228 4952 2596 5024 perstiterunt.
2629 4951 2740 5006 Hoc
2765 4960 2819 5006 et
2839 4950 2964 5005 alibi
2995 4949 3189 5005 dicitur
3221 4967 3234 5004 :
3260 4949 3438 5005 Praedt'
3455 4981 3467 4992 -

1883 5049 2077 5102 cabitur
2099 5047 2192 5099 Itoc
2233 5044 2546 5115 evangelium
2571 5043 2622 5096 in
2667 5043 2898 5097 universo
2926 5041 3134 5107 mundo,
3162 5043 3213 5095 in
3238 5042 3461 5096 testimo-

1882 5141 2024 5194 nium
2053 5137 2283 5192 omnibus
2312 5135 2562 5207 gentibus,
2591 5143 2636 5187 et
2658 5146 2776 5187 tunc
2803 5133 2961 5187 veniet
2983 5132 3099 5200 ﬁnis
3129 5131 3340 5203 (Matth.
3371 5133 3462 5188 24.

1883 5232 1972 5301 14)
1998 5250 2010 5285 :
2043 5229 2288 5300 gentibus
2315 5227 2538 5291 scilicet,
2571 5241 2675 5280 non
2699 5224 3091 5291 obedientibus,
3122 5237 3228 5280 non
3257 5225 3465 5283 obtem-

1882 5322 2210 5394 perantibus.
2234 5320 2312 5374 Ne
2333 5319 2451 5389 quis
2467 5317 2606 5371 enim
2633 5317 2856 5380 diceret,
2876 5317 2982 5370 Cur
2997 5317 3244 5372 omnibus
3268 5319 3464 5388 μνέεόὶ-

1880 5434 1992 5485 cas,
2016 5431 2136 5469 cum
2167 5429 2273 5468 non
2316 5425 2505 5466 omnes
2533 5409 2784 5464 credituri
2817 5409 2962 5463 sint?
2990 5408 3060 5465 Ut
3104 5414 3283 5465 omnia
3316 5427 3454 5477 mea,

1881 5511 1974 5573 ait,
1998 5506 2310 5578 praestitisse
2348 5503 2549 5566 videar,
2592 5509 2648 5556 et
2689 5515 2848 5556 nemo
2875 5516 2960 5557 me
3004 5513 3188 5572 postea
3220 5503 3465 5558 incusare

1883 5599 2072 5671 possit,
2095 5595 2237 5668 quod
2265 5610 2377 5658 non,
2396 5593 2643 5648 audierit.
2684 5592 2818 5647 Nam
2842 5592 2954 5663 ipsa
2981 5593 3290 5662 prtedicatio
3314 5595 3463 5648 testi-

1889 5692 2125 5747 monium
2157 5697 2337 5746 contra
2377 5688 2508 5744 lcret
2547 5704 2558 5742 :
2607 5701 2703 5744 nec
2741 5694 2990 5758 poterunt
3038 5694 3217 5757 postea
3262 5681 3466 5750 dicere,
