3868 6182
351 228 450 286 351

356 349 474 409 Non
511 343 810 401 audivimus
841 347 864 394 τ’
903 352 1027 395 nam
1069 351 1248 393 sermo
1287 335 1498 405 pietatis
1535 334 1590 389 in
1621 333 1753 388 ﬁnes
1782 333 1929 388 orbis

355 454 516 496 terra:
536 447 848 508 progressus
869 439 952 488 est
976 428 1150 500 (Paul.
1172 430 1258 483 18.
1281 428 1360 498 5).

421 528 641 586 Moralis
667 524 974 583 exhortatio.
1006 520 1248 591 Beneﬁcii
1293 517 1540 580 custodia,
1569 526 1644 571 est
1673 518 1781 587 ejus
1822 531 1928 568 me-

352 600 536 678 moria.
569 615 892 674 Eucharistia
941 630 1032 669 cur
1077 613 1149 666 sic
1191 611 1488 681 appelletur.
1520 637 1591 647 -—
1618 607 1742 662 llaec
1773 607 1932 676 igitur

356 727 456 768 nos
479 724 690 782 quoque
718 706 1014 777 cogitantes
1037 743 1052 769 ,
1085 718 1203 772 quae
1231 708 1410 755 nostra
1451 709 1574 753 sunt
1599 698 1774 752 omnia
1805 711 1930 767 erga

353 803 653 874 proximum
700 797 1017 868 impleamus
1041 837 1056 858 ,
1091 794 1304 861 Deoque
1330 805 1547 859 semper
1585 790 1784 860 gratias
1807 803 1934 858 aga-

348 907 488 950 mus.
507 890 720 946 Etenim
747 886 1035 943 absurdum
1066 891 1229 944 esset.
1270 897 1390 936 cum
1432 881 1668 952 quotidie
1693 881 1806 950 ejus
1835 879 1929 934 be-

356 984 562 1040 neﬁciis
591 981 849 1042 fruamur,
883 992 951 1032 ne
977 975 1141 1030 verbo
1169 973 1384 1045 quidem
1411 973 1527 1041 ejus
1547 972 1774 1041 gratiam
1801 985 1929 1025 cono

351 1076 510 1141 literi,
542 1087 663 1128 cum
689 1071 916 1126 maxime
942 1066 1212 1124 confessio
1242 1065 1331 1120 illa
1383 1081 1580 1122 novam
1638 1063 1794 1118 nobis
1825 1063 1929 1117 uti-

345 1167 549 1221 litatem
577 1163 766 1218 aﬁ'erat
792 1163 832 1216 ⁸.
871 1159 1053 1229 Neque
1082 1157 1221 1213 enim
1251 1156 1341 1211 ille
1367 1155 1527 1211 rebus
1555 1164 1676 1225 eget
1706 1154 1926 1220 nostris,

347 1257 443 1312 sed
471 1269 568 1310 nos
596 1254 713 1323 ejus
734 1252 924 1323 opibus
947 1264 1186 1321 egemus.
1215 1247 1347 1303 Nam
1368 1249 1658 1318 gratiarum
1682 1245 1824 1300 actio
1851 1244 1931 1300 illi

349 1347 563 1419 quidem
605 1345 738 1403 nihil
779 1343 990 1412 adjicit,
1035 1339 1130 1395 sed
1159 1354 1256 1393 nos
1291 1338 1390 1408 ipsi
1435 1337 1602 1405 magis
1641 1335 1931 1392 familiares

343 1439 490 1494 facit.
539 1437 672 1492 Nam
725 1435 772 1489 si
813 1433 1086 1488 hominum
1129 1428 1384 1485 beneﬁcia
1429 1427 1482 1482 in
1512 1435 1746 1482 mentem
1775 1441 1929 1482 revo-

344 1543 547 1592 camus,
581 1525 752 1596 magis
771 1538 955 1580 eorum
976 1535 1161 1576 amore
1185 1519 1559 1575 succendimur
1582 1536 1594 1570 :
1619 1518 1788 1573 multo
1815 1529 1928 1572 ma-

340 1622 425 1692 gis
467 1619 513 1675 si
542 1618 752 1674 Domini
791 1630 917 1687 erga
957 1629 1057 1671 nos
1101 1612 1357 1670 beneﬁcia
1382 1611 1594 1667 assidue
1641 1612 1693 1665 in
1749 1621 1930 1666 mente

341 1725 652 1774 versemus,
699 1708 767 1764 ad
807 1707 924 1777 ejus
960 1706 1211 1763 mandata
1259 1702 1522 1759 servanda
1573 1702 1926 1757 studiosiores

305 1809 315 1822 ‘
339 1804 558 1859 erimus.
589 1801 715 1856 Ideo
741 1800 939 1855 Paulus
967 1795 1182 1853 dicebat
1212 1812 1227 1849 :
1257 1794 1399 1850 Grati
1429 1803 1583 1848 estote
1613 1790 1832 1860 (Coloss.
1867 1793 1920 1846 '5.

342 1894 471 1964 15).
500 1891 751 1948 Beneﬁcii
775 1889 919 1945 enim
942 1887 1140 1958 optima
1160 1885 1402 1941 custodia
1430 1895 1514 1940 est
1533 1883 1776 1939 beneﬁcii
1810 1898 1926 1938 me-

342 1985 529 2050 moria,
559 1991 616 2038 et
641 1981 851 2037 assidua
887 1979 1177 2050 gratiarum
1204 1976 1365 2032 actio.
1395 1976 1627 2046 Ideoque
1657 1974 1925 2030 horrenda

341 2077 430 2130 illa
456 2073 732 2146 mysteria,
765 2081 871 2126 tam
903 2069 1157 2126 salutaria
1187 2083 1307 2138 quae
1335 2067 1388 2121 in
1426 2066 1650 2136 singulis
1685 2065 1926 2121 collectis

340 2165 701 2230 celebramus,
727 2160 1064 2216 Eucbaristia
1099 2159 1452 2229 appellantur,
1482 2157 1610 2228 quia
1631 2156 1924 2212 beneﬁcio-

342 2271 460 2310 rum
493 2255 781 2310 multorum
809 2249 1250 2307 commemoratio
1279 2257 1426 2314 sunt,
1457 2256 1722 2318 caputque
1750 2250 1923 2317 ipsum

340 2349 533 2403 divinae
589 2345 936 2417 providentia:
982 2342 1318 2408 ostendunt,
1352 2356 1558 2411 nosque
1604 2355 1701 2412 per
1745 2342 1923 2396 omnia

339 2445 598 2508 apparant
639 2436 705 2490 ad
743 2435 942 2506 gratias
968 2432 1224 2503 agendas.
1255 2432 1388 2487 Nam
1421 2433 1466 2486 si
1497 2447 1560 2486 ex
1594 2432 1800 2502 virgine
1829 2446 1924 2486 na-

339 2530 416 2585 sci
461 2543 712 2597 maguum
756 2534 840 2582 est
880 2525 1230 2589 miraculum,
1271 2538 1336 2577 ac
1377 2532 1597 2592 stupore
1648 2523 1924 2591 perculsus

337 2617 664 2690 evangelista
709 2617 954 2681 dicebat,
1011 2615 1124 2670 Hoc
1177 2624 1346 2668 autem
1405 2624 1563 2667 totum
1611 2617 1799 2684 factum
1849 2622 1925 2668 est

340 2711 552 2780 (Matth.
584 2713 639 2766 1.
667 2710 777 2780 22)
803 2729 816 2766 :
847 2708 1112 2764 immolari
1141 2723 1239 2777 pro
1266 2707 1418 2762 nobis
1449 2707 1499 2760 in
1535 2722 1661 2776 quo,
1701 2722 1919 2775 quaeso,

337 2813 634 2858 statuemus
661 2800 820 2856 loco?
863 2800 994 2855 Nam
1027 2799 1071 2853 si
1111 2797 1256 2852 nasci
1289 2796 1473 2850 Totum
1515 2807 1769 2862 vocatur,
1801 2812 1925 2852 cru-

337 2893 475 2963 ciligi
513 2933 531 2957 ,
555 2902 609 2945 et
633 2889 942 2960 sanguinem
975 2903 1072 2956 pro
1100 2887 1253 2942 nobis
1284 2885 1580 2953 effundere,
1607 2901 1668 2941 ac
1687 2887 1924 2956 seipsum

337 2983 466 3038 dare
510 2983 562 3036 in
583 2982 761 3036 cibum
789 2990 843 3035 et
883 2979 1189 3034 convivium
1225 2978 1520 3046 spirituale,
1551 2993 1656 3046 quo
1706 2978 1923 3034 nomine

335 3071 746 3143 appellandum?
775 3071 985 3126 Gratias
1010 3085 1138 3139 ergo
1163 3069 1241 3125 illi
1285 3068 1500 3122 assidue
1537 3083 1790 3138 agamus;
1822 3069 1923 3125 hoc

338 3151 605 3234 pracedat
654 3173 709 3220 et
746 3164 908 3220 verba
956 3172 1009 3219 et
1037 3177 1199 3232 opera
1251 3172 1453 3216 nostra.
1501 3160 1712 3217 Gratias
1741 3172 1919 3218 autem

335 3272 557 3326 agamus
581 3272 686 3311 non
730 3271 826 3326 pro
853 3256 1051 3311 nostris
1079 3264 1304 3320 tantum,
1348 3255 1441 3308 sed
1473 3257 1630 3309 etiam
1664 3271 1759 3325 pro
1787 3257 1920 3311 alie-

336 3350 420 3402 nis
466 3347 658 3410 bonis;
703 3348 773 3402 ita
801 3347 942 3402 enim
974 3357 1029 3400 et
1076 3345 1325 3400 invidiam
1375 3345 1562 3400 tollere
1607 3347 1917 3415 poterimus,

334 3439 715 3508 caritatemque
756 3439 958 3503 fovere,
1005 3436 1462 3506 sincerioremqtte
1507 3435 1702 3503 facere.
1738 3437 1919 3507 Neque

335 3533 476 3584 cnim
501 3533 701 3600 poteris
725 3529 978 3599 deinceps
1009 3529 1232 3584 invideri
1275 3530 1327 3583 in
1360 3529 1446 3596 iis,
1484 3529 1552 3585 dc
1580 3531 1773 3599 quibus
1801 3546 1922 3602 gra-

339 3624 439 3676 tias
465 3626 579 3692 agis
607 3622 854 3676 Donnino.
896 3621 1102 3676 ldcirco
1126 3619 1380 3676 sacerdos
1405 3637 1502 3692 pro
1530 3621 1660 3676 orbe
1683 3663 1700 3689 ,
1732 3638 1827 3691 pro
1853 3622 1920 3677 iis

334 3713 423 3782 qui
446 3721 568 3768 ante
591 3713 822 3772 fuerunt.
847 3727 945 3782 pro
967 3713 1030 3766 iis
1051 3712 1140 3782 qui
1164 3727 1306 3766 nunc
1325 3723 1468 3777 sunt,
1489 3729 1585 3781 pro
1610 3712 1675 3767 iis
1694 3713 1782 3782 qui
1806 3713 1917 3779 jam

335 3803 466 3868 uati,
502 3818 598 3872 pro
628 3804 834 3865 futuris,
869 3817 966 3856 nos
991 3803 1193 3870 gratias
1231 3817 1390 3872 agere
1432 3802 1622 3871 jubet,
1655 3804 1918 3858 sacriﬁcio

335 3895 430 3949 illo
454 3893 748 3964 proposito.
791 3893 904 3948 Hoc
925 3894 1070 3948 enim
1103 3907 1202 3946 nos
1227 3901 1285 3947 et
1310 3907 1338 3945 a
1370 3902 1510 3948 terra
1538 3894 1746 3960 liberat,
1779 3903 1832 3949 et
1863 3894 1917 3948 in

346 3986 536 4040 caelum
593 3983 869 4049 transfert,
927 3983 1255 4054 angelosque
1304 4000 1372 4039 ex
1430 3983 1730 4040 hominibus
1771 3985 1914 4040 facit.

333 4078 467 4134 Nam
489 4082 544 4133 et
570 4078 662 4142 illi,
697 4086 896 4132 statuto
917 4077 1105 4140 choro,
1131 4093 1227 4147 pro
1249 4077 1520 4133 beneliciis
1539 4079 1690 4133 nobis
1710 4079 1918 4133 collatis

333 4171 532 4240 gratias
559 4178 723 4240 agunt
773 4169 901 4233 Deo,
929 4169 1166 4224 dicentes
1199 4186 1212 4224 :
1245 4168 1420 4223 Gloria
1448 4171 1500 4222 in
1529 4170 1736 4224 excelsis
1763 4169 1872 4224 Deo
1898 4211 1914 4235 ,

332 4271 379 4315 et
407 4263 460 4315 in
504 4265 638 4316 terra
667 4277 805 4331 pax,
851 4261 904 4314 in
949 4261 1231 4314 hominibus
1269 4260 1633 4330 beneplacitum
1663 4259 1830 4332 (Luc.
1858 4261 1914 4316 2.

334 4355 447 4425 14).
481 4354 549 4408 Et
576 4354 701 4423 quid
725 4354 790 4408 ad
821 4369 920 4409 nos
944 4394 959 4421 ,
998 4353 1225 4423 inquies,
1259 4353 1346 4422 qui
1379 4367 1478 4408 nec
1520 4353 1572 4406 in
1605 4361 1746 4409 terra
1767 4395 1782 4418 ,
1818 4368 1917 4408 nec

333 4448 579 4502 homines
626 4451 754 4500 sunt
787 4446 799 4499 l
853 4445 967 4500 lmo
989 4446 1220 4500 maxime
1246 4445 1312 4498 ad
1343 4460 1476 4504 nos:
1511 4461 1632 4499 nam
1657 4446 1729 4500 ita
1761 4446 1914 4500 insti-

333 4539 430 4592 tuti
453 4551 657 4601 sumus,
716 4545 773 4590 ut
817 4551 1111 4591 conservos
1144 4536 1452 4606 diligamus,
1502 4536 1574 4590 ita
1601 4545 1657 4591 ut
1703 4537 1914 4592 illorum

335 4636 496 4697 bona,
526 4641 706 4687 nostra
732 4645 853 4686 esse
879 4631 1271 4686 existimemus.

403 4727 459 4780 4.
489 4723 614 4778 ldco
642 4733 695 4777 et
719 4721 912 4776 Paulus
940 4723 993 4775 in
1025 4721 1278 4792 Epistolis
1296 4721 1407 4775 suis
1436 4721 1628 4791 ubique
1653 4736 1750 4790 pro
1771 4721 1916 4777 orbis

335 4816 497 4872 totius
524 4815 675 4869 bonis
699 4813 900 4883 gratias
928 4813 1051 4882 agit.
1097 4811 1204 4865 Nos
1235 4812 1410 4880 itaque
1438 4826 1533 4879 pro
1559 4812 1752 4865 nostris
1773 4852 1788 4876 ,
1819 4827 1916 4883 pro

332 4907 520 4962 alienis
545 4945 561 4970 ,
599 4920 696 4974 pro
728 4902 908 4973 parvis
927 4942 941 4966 ,
975 4916 1070 4971 pro
1097 4902 1302 4970 magnis
1328 4900 1539 4956 assidue
1575 4903 1774 4972 gratias
1793 4917 1918 4974 aga-

333 5013 471 5052 mus.
501 4997 722 5051 Etiamsi
741 4995 882 5050 enim
903 5010 1118 5064 parvum
1143 4994 1207 5046 sit
1236 4994 1283 5047 ἰιΙ
1311 4993 1452 5062 quod
1474 4993 1658 5060 datur,
1687 4995 1770 5048 vel
1794 4995 1918 5050 hinc

335 5103 582 5159 magnum
624 5088 855 5143 efficitur
895 5086 1034 5156 quod
1061 5102 1088 5138 a
1126 5085 1232 5140 Deo
1277 5085 1456 5140 datum
1487 5085 1593 5150 sit;
1647 5088 1751 5140 imo
1791 5103 1917 5142 vero

335 5181 469 5236 nihil
513 5196 734 5251 parvum
773 5181 841 5234 ab
883 5179 972 5233 illo
1015 5180 1202 5242 datur,
1233 5193 1337 5232 non
1372 5177 1541 5231 solum
1567 5178 1706 5247 quod
1733 5177 1918 5234 abillo

336 5272 671 5342 prabeatur,
701 5271 797 5326 sed
824 5272 983 5326 etiam
1013 5271 1122 5341 ipsa
1150 5280 1336 5323 natura
1367 5284 1483 5323 sua.
1514 5267 1586 5324 Ut
1609 5279 1784 5324 autem
1815 5269 1915 5323 alia

333 5363 513 5418 omnia
553 5363 793 5428 mittam,
831 5379 950 5433 qua:
987 5377 1203 5417 arenam
1246 5375 1469 5415 numero
1503 5363 1720 5415 vincunt
1751 5379 1764 5414 :
1791 5361 1915 5430 quid

335 5469 432 5524 par
456 5461 539 5509 est
562 5467 659 5523 pro
685 5453 841 5508 nobis
866 5451 1020 5510 facta:
1041 5453 1377 5520 oeconomiae,
1401 5451 1512 5508 sive
1532 5451 1917 5507 incarnationi?

403 5614 809 5683 .‘HQuitlamLcum
843 5616 1053 5670 maxime
1104 5614 1340 5681 confessio
1387 5613 1474 5665 illa
1516 5625 1740 5680 magnam
1781 5610 1918 5662 nobis

343 5675 602 5728 utilitatem
625 5677 815 5743 aﬂerat.

1154 225 1212 280 ὃ.
1265 219 1542 281 JOANNIS
1577 218 2052 276 CHRYSOSTOMI
2091 219 2408 277 ABCHIEP.
2449 221 2964 280 CONSTANTINOP

3509 227 3627 282 ὅδε

2041 329 2192 398 Quod
2224 333 2368 388 enim
2411 333 2482 387 illi
2524 333 2970 403 pretiosissimum
2997 335 3234 388 omnium
3265 345 3397 398 crat,
3432 339 3628 406 unige-

2039 420 2209 475 nitum
2238 421 2423 476 Filium
2449 437 2546 489 pro
2575 424 2730 478 nobis
2755 424 2981 478 inimicis
3000 423 3141 478 dedit
3173 441 3308 480 :nec
3335 427 3483 480 dedit
3511 443 3633 480 ινα.

2038 512 2108 567 do
2150 512 2324 578 nobis,
2355 513 2448 567 sed
2499 523 2555 568 et
2597 515 2743 568 illum
2786 514 2839 568 in
2882 530 3119 568 mensam
3161 517 3314 571 nobis
3355 520 3629 588 apposuit,

2038 607 2215 659 omnia
2238 621 2334 674 pro
2356 607 2506 660 nobis
2533 607 2751 669 faciens.
2780 618 2834 663 et
2859 607 3054 670 dando.
3077 618 3129 662 et
3153 623 3250 662 nos
3274 624 3370 678 pro
3396 609 3479 663 bis
3503 625 3630 680 gra-

2039 706 2125 750 tos
2163 696 2466 752 efﬁciendo.
2513 698 2644 766 Quia
2684 699 2828 752 enim
2869 709 2928 754 ut
2967 699 3251 768 plurimum
3281 701 3515 769 ingratus
3542 709 3629 753 est

2040 791 2200 841 homo
2222 829 2235 852 ,
2265 788 2460 858 ubique
2491 789 2606 856 ipse
2627 790 2847 858 suscipit
2874 798 2924 844 et
2955 799 3174 858 apparat
3202 805 3262 844 ca
3293 808 3410 868 qua;
3434 791 3500 844 ail
3529 807 3628 844 no-

2038 887 2202 932 stram
2239 889 2365 933 sunt
2393 881 2697 935 utilitatem.
2739 883 2805 936 Et
2833 883 2971 953 quod
3004 885 3054 936 in
3085 882 3284 938 inda-is
3313 885 3523 953 agebat,
3555 900 3628 938 ex

2037 972 2188 1035 locis,
2221 972 2548 1039 temporibus
2586 983 2639 1027 et
2679 974 2826 1027 festis
2871 973 3122 1028 beneﬁcia
3165 974 3293 1042 ipsis
3330 976 3380 1028 in
3421 990 3630 1028 memn-

2037 1060 2171 1115 riam
2203 1076 2459 1117 revocans
2482 1100 2496 1125 ,
2537 1061 2762 1131 idipsnm
2791 1065 2950 1117 etiam
2980 1065 3064 1119 hic
3093 1064 3217 1118 facit
3242 1107 3252 1126 .
3281 1080 3345 1119 ex
3375 1064 3626 1119 sacriﬁcii

2036 1150 2197 1206 modo
2224 1152 2289 1206 ad
2323 1167 2612 1222 perennem
2643 1153 2886 1207 beneﬁcii
2921 1154 3142 1223 hujusce
3179 1156 3491 1210 memoriam
3524 1171 3628 1210 nos

2037 1244 2312 1298 inducens.
2342 1245 2430 1298 Sic
2459 1259 2617 1298 nemo
2647 1245 2716 1298 ita
2749 1245 2969 1310 studuit,
3001 1247 3096 1299 nos
3128 1246 3324 1314 probos
3345 1287 3360 1309 ,
3399 1260 3626 1315 magnos

2035 1341 2089 1388 et
2128 1349 2224 1402 per
2264 1333 2442 1387 omnia
2481 1343 2660 1403 gratos
2699 1333 2913 1389 efficere
2933 1376 2947 1398 ,
2977 1343 3034 1388 ut
3056 1336 3147 1405 qui
3180 1350 3278 1389 nos
3308 1335 3430 1389 fecit
3459 1335 3623 1390 Dens.

2033 1423 2367 1493 Quapropter
2391 1439 2488 1478 nos
2516 1434 2572 1479 et
2601 1425 2796 1480 invitos
2821 1440 2963 1496 smpe
2987 1435 3042 1480 ct
3068 1426 3292 1494 plurima
3316 1425 3624 1494 ignorantes

2033 1515 2306 1571 beneﬁciis
2333 1516 2512 1571 afﬁcit.
2544 1517 2598 1572 Si
2616 1527 2792 1572 autem
2817 1517 2867 1572 id
2889 1519 3028 1589 quod
3053 1519 3254 1574 dictum
3275 1521 3620 1582 estmiraris;

2033 1623 2139 1663 non
2171 1611 2223 1663 in
2253 1608 2483 1665 obscuro
2511 1611 2760 1680 quopiam
2792 1612 2906 1665 viro
2925 1654 2940 1678 ,
2971 1611 3064 1668 sed
3106 1613 3158 1666 in
3191 1614 3344 1668 beato
3373 1614 3536 1668 Paulo
3566 1614 3626 1668 id

2031 1702 2319 1771 contigisse
2356 1703 2660 1758 ostendam.
2702 1704 2909 1758 Etenim
2943 1704 3128 1760 beatus
3159 1705 3247 1760 ille
3275 1707 3452 1760 multis
3480 1707 3624 1774 peri-

2032 1793 2166 1849 culis
2190 1802 2245 1849 et
2272 1797 2524 1850 :rruumis
2554 1797 2893 1862 exercitatus,
2925 1812 3068 1866 saepe
3094 1799 3313 1869 rogabat
3345 1800 3529 1864 Deum,
3561 1811 3623 1852 ut

2031 1883 2100 1938 ab
2127 1899 2185 1940 se
2211 1887 2530 1941 tentationes
2559 1887 2794 1942 auferret
2821 1906 2833 1942 :
2859 1898 3223 1944 verumtamen
3253 1906 3356 1944 non
3383 1891 3447 1944 ad
3479 1893 3633 1960 peti-7

2034 1977 2232 2031 tionem
2255 2018 2268 2040 ,
2299 1976 2391 2032 scd
2433 1977 2499 2031 ad
2540 1979 2818 2034 utilitatem
2850 1979 2966 2049 ejus
2993 1983 3226 2049 respexit
3259 1983 3424 2048 Deus;
3457 1984 3639 2051 iilqne'

2036 2063 2316 2119 declarans
2346 2067 2420 2119 ait
2449 2082 2462 2119 :
2497 2065 2693 2136 Sit/ﬁcit
2715 2068 2805 2121 tibi
2827 2069 2990 2138 gratia
3015 2086 3124 2122 mea
3148 2086 3168 2124 :
3189 2087 3306 2124 nam
3329 2073 3484 2126 virtus
3506 2091 3624 2126 tum

2029 2154 2084 2208 in
2113 2156 2408 2223 inﬁrmitate
2433 2158 2694 2226 perﬁcitur
2717 2160 2736 2227 (
2759 2159 2813 2212 2.
2841 2158 2959 2214 Cor.
2985 2160 3070 2214 12.
3100 2159 3191 2232 9).
3237 2162 3418 2231 Itaque
3445 2164 3624 2232 prius-

2030 2264 2188 2317 quam
2217 2249 2290 2302 illi
2321 2264 2535 2304 causam
2565 2251 2876 2320 explicaret,
2907 2252 3132 2307 invitum
3160 2255 3426 2310 alliciebat
3454 2256 3624 2311 henc-

2032 2338 2172 2404 ticio,
2199 2341 2360 2394 etiam
2389 2340 2740 2410 ignorantem.
2771 2341 2909 2418 Quid
2941 2343 3103 2412 igitur
3127 2360 3375 2416 magnum
3407 2346 3619 2416 poscit,

2030 2446 2149 2485 cum
2177 2431 2247 2487 de
2273 2443 2415 2487 tanta
2439 2433 2776 2504 providentia
2800 2445 2983 2506 gratos
3015 2451 3112 2492 nos
3137 2452 3258 2493 esse
3279 2438 3470 2508 jubet?
3499 2440 3617 2494 0b-

2031 2512 2387 2592 temperemus
2418 2525 2615 2596 itaque,
2643 2537 2697 2580 et
2729 2528 2828 2582 hoc
2857 2527 3050 2599 ubique
3077 2544 3370 2586 servemus.
3402 2531 3621 2586 Etenim

2027 2613 2243 2670 Judacos
2269 2615 2396 2669 nihil
2419 2617 2499 2671 sic
2530 2617 2793 2686 perdidit,
2823 2634 2980 2689 quam
3004 2619 3146 2690 quod
3176 2619 3365 2691 ingrati
3387 2633 3567 2676 essent
3601 2641 3618 2676 :

2029 2707 2332 2776 multasque
2360 2707 2478 2761 illas
2497 2718 2550 2762 et
2575 2707 2882 2777 frequentes
2908 2709 3089 2781 plagas
3118 2711 3249 2766 nihil
3276 2713 3417 2768 aliud
3447 2729 3612 2784 quam

2029 2798 2131 2854 hoc
2161 2800 2367 2855 induxit
2399 2818 2414 2852 :
2447 2801 2554 2855 imo
2583 2803 2745 2857 etiam
2774 2813 2899 2858 ante
2932 2805 3115 2875 plagas
3152 2806 3384 2860 animam
3424 2823 3622 2862 eorum

2027 2891 2260 2964 perdidit
2283 2900 2338 2946 et
2363 2891 2720 2948 labefactavit.
2753 2894 2956 2968 Ingrati
2978 2897 3111 2950 enim
3133 2913 3246 2966 spes
3269 2906 3322 2952 ut
3342 2898 3618 2955 hiberualia
3667 2959 3670 2961 Α

2029 2984 2213 3053 pruina
2241 2983 2395 3054 (Sap.
2425 2985 2511 3040 16.
2537 2984 2650 3056 29),
2680 2985 2851 3056 inquit
2879 3005 2892 3041 :
2925 2987 2996 3041 ita
3024 2997 3236 3057 torpere
3256 2999 3310 3044 et
3336 2992 3502 3046 emori
3529 3007 3619 3048 co-

2026 3075 2103 3145 git
2129 3075 2380 3143 animam,
2413 3087 2472 3131 ut
2500 3077 2586 3131 illa
2615 3093 2861 3148 corpora.
2890 3079 3004 3135 Hoc
3029 3095 3158 3135 vero
3179 3081 3411 3150 procedit
3441 3098 3504 3139 ex
3527 3100 3618 3139 ar-

2026 3167 2265 3236 rogantia
2290 3209 2305 3234 ,
2336 3167 2478 3234 quod
2508 3182 2566 3224 se
2591 3169 2711 3239 quis
2740 3178 2891 3239 putet
2919 3170 3135 3240 dignum
3162 3171 3442 3228 beneﬁcio.
3470 3173 3618 3229 Coa-

2028 3260 2182 3314 tritu's
2210 3268 2408 3325 autem,
2435 3277 2539 3315 non
2563 3276 2662 3331 pro
2683 3261 2838 3316 bonis
2870 3272 3092 3321 tantum.
3117 3265 3209 3318 sed
3237 3265 3397 3319 etiam
3424 3281 3518 3336 pro
3545 3268 3620 3324 iis

2025 3365 2144 3418 qum
2172 3349 2394 3404 adversa
2426 3359 2679 3420 putantur
2697 3393 2713 3418 ,
2741 3353 2940 3422 gratias
2970 3351 3183 3408 habebit
3215 3353 3345 3418 Deo,
3370 3365 3425 3410 et
3443 3372 3615 3428 quan-

2026 3441 2220 3496 tumvis
2248 3443 2496 3510 patiatur,
2518 3457 2622 3497 non
2644 3458 2704 3498 se
2726 3452 2903 3499 tamen
2929 3444 3126 3514 aliquid
3149 3445 3366 3516 indigne
3395 3461 3616 3516 passum

2026 3532 2249 3604 putabit.
2295 3533 2364 3588 Et
2394 3548 2492 3588 nos
2521 3535 2696 3605 itaque
2723 3544 2925 3605 quanto
2954 3537 3120 3606 magis
3143 3535 3198 3590 in
3223 3537 3419 3592 virtute
3449 3542 3616 3607 preli-

2025 3628 2229 3682 ciemus
2253 3669 2267 3693 ,
2311 3635 2459 3681 tanto
2487 3629 2654 3696 magis
2688 3641 2786 3682 nos
2822 3630 2965 3697 ipsos
2993 3639 3336 3684 conteramus
3367 3648 3381 3684 :
3409 3633 3615 3686 etenim

2025 3718 2130 3774 hoc
2158 3719 2389 3774 maxime
2418 3719 2584 3773 virtus
2607 3727 2708 3774 est.
2730 3719 2880 3774 Sicut
2899 3720 3041 3774 enim
3071 3722 3502 3790 quanto'acutins
3534 3729 3613 3776 vi-

2024 3809 2235 3876 demus,
2265 3819 2410 3865 tanto
2439 3810 2607 3880 magis
2635 3809 2924 3866 ediscimus
2947 3819 3202 3880 quantum
3231 3827 3260 3865 a
3285 3813 3417 3866 Caelo
3436 3812 3610 3868 diste-

2024 3915 2143 3954 nius
2173 3919 2186 3955 :
2218 3901 2298 3955 sic
2333 3909 2534 3970 quanto
2577 3902 2743 3971 magis
2781 3900 2835 3954 in
2876 3902 3071 3956 virtute
3101 3903 3426 3972 proﬁcimus,
3463 3913 3612 3959 tanto

2025 3992 2193 4060 inagis
2213 3992 2468 4046 docemur
2493 4002 2748 4062 quantum
2773 3995 2842 4047 sit
2873 3995 3010 4047 inter
3035 3994 3198 4048 Deum
3229 4005 3282 4050 et
3307 4011 3406 4051 nos
3437 3997 3610 4052 inter-

2021 4084 2242 4137 vallum.
2274 4083 2382 4139 Nec
2408 4098 2537 4138 sane
2562 4085 2779 4138 minima
2812 4099 2935 4154 pars
2962 4095 3044 4139 est
3069 4085 3416 4155 philosolibia:
3440 4129 3456 4156 ,
3483 4103 3608 4142 cum

2025 4175 2272 4230 meritum
2299 4184 2540 4230 nostrum
2565 4175 2880 4245 dignoscere
2909 4190 3212 4246 possumus.
3240 4177 3334 4231 llic
3361 4178 3506 4232 enim
3530 4197 3622 4234 se-

2025 4269 2198 4338 ipsum
2252 4268 2484 4323 maxime
2530 4270 2696 4333 novit,
2739 4269 2829 4337 qui
2875 4283 2935 4323 se
2979 4268 3110 4322 nihil
3157 4284 3278 4325 esse
3315 4271 3604 4325 existimat.

2024 4359 2254 4430 Ideoque
2283 4359 2444 4414 David
2473 4367 2528 4414 et
2553 4359 2843 4423 Abraham,
2872 4375 2991 4414 cum
3013 4359 3078 4414 ad
3109 4374 3373 4415 summum
3394 4361 3613 4416 virtutis

2025 4453 2292 4524 fastigium
2319 4453 2706 4519 ascendissent,
2737 4461 2866 4507 tunc
2893 4453 3123 4508 maxime
3152 4453 3288 4507 hanc
3308 4467 3610 4510 exercuere

2024 4549 2273 4602 virtutem
2296 4564 2309 4600 :
2328 4556 2381 4601 et
2410 4545 2497 4600 hic
2517 4545 2728 4615 quidem
2747 4560 2804 4600 se
2826 4545 3099 4615 pulverem
3121 4555 3174 4600 et
3193 4547 3424 4601 cinerem
3445 4545 3603 4620 (Gen.

2025 4641 2112 4695 18.
2143 4639 2235 4710 27)
2258 4682 2272 4705 ,
2310 4639 2399 4694 ille
2418 4653 2553 4718 vero
2581 4652 2640 4693 se
2664 4652 2901 4693 vermem
2933 4637 3154 4693 vocabat
3195 4637 3363 4709 (Psal.
3393 4639 3483 4694 2|.
3510 4640 3564 4709 7)
3589 4657 3605 4695 :
3633 4642 3636 4646 ’

2022 4747 2084 4786 ac
2114 4733 2359 4787 similiter
2385 4745 2572 4785 omnes
2598 4736 2764 4784 sancti
2791 4745 2848 4784 se
2874 4731 3102 4786 miseros
3128 4730 3415 4801 praedicant
3439 4749 3452 4785 :
3476 4747 3608 4788 cou-

2025 4833 2101 4878 tra
2133 4839 2261 4877 vero
2305 4823 2349 4877 is
2391 4823 2478 4894 qui
2523 4823 2823 4893 arrogantia
2867 4822 3172 4890 extollitur,
3215 4837 3333 4879 sese
3375 4825 3607 4880 maxime

2023 4917 2262 4970 omnium
2284 4915 2509 4985 ignorat.
2533 4913 2887 4980 Quamobrem
2905 4912 2973 4968 de
2989 4914 3229 4984 superbis
3251 4914 3406 4986 vulgo
3426 4915 3612 4971 dicere

2023 5008 2259 5062 solemus
2291 5025 2304 5060 :
2330 5005 2446 5060 Non
2474 5019 2533 5060 se
2568 5007 2732 5068 novit,
2761 5019 2820 5059 se
2848 5020 3066 5073 prorsus
3096 5005 3323 5074 ignorat.
3349 5006 3449 5072 Qui
3480 5023 3614 5061 vero

2024 5118 2083 5157 se
2110 5103 2336 5171 ignorat,
2361 5115 2518 5169 quem
2551 5099 2732 5152 novit?
2757 5081 3214 5166 Quemadmodum
3241 5100 3382 5154 enim
3403 5101 3489 5169 qui
3518 5115 3608 5155 se-

2026 5197 2196 5264 ipsum
2225 5194 2452 5256 noverit,
2485 5192 2660 5245 omnia
2687 5200 2977 5259 cognoscet
3007 5207 3020 5242 :
3045 5191 3122 5245 sic
3148 5193 3236 5260 qni
3269 5206 3329 5247 se
3357 5192 3608 5262 ignorat,

2026 5303 2198 5356 neque
2219 5285 2319 5339 alia
2352 5284 2576 5339 noverit.
2611 5283 2751 5337 Talis
2779 5283 2867 5336 ille
2893 5292 3008 5336 erat
3031 5283 3120 5353 qui
3146 5283 3358 5338 diccbat
3392 5305 3404 5339 :
3433 5285 3613 5354 Supra

2025 5381 2174 5434 caelos
2205 5395 2388 5446 ponam
2413 5378 2593 5432 solium
2621 5393 2786 5430 meum
2815 5375 2876 5447 (Ι
2886 5377 2982 5432 sai.
3017 5378 3103 5432 M.
3133 5379 3199 5432 l3
3220 5377 3259 5450 ).
3299 5379 3434 5444 Quia
3463 5380 3611 5434 enim

2025 5473 2256 5540 su-ipsnm
2289 5461 2566 5541 iguoﬂjyit,
2591 5478 2782 5524 cratera
2804 5484 3014 5540 quoque
3035 5469 3211 5523 omnia
3235 5471 3510 5540 ignoravit.
3543 5473 3610 5530 At

2025 5581 2129 5617 non
2161 5563 2376 5627 Paulus,
2403 5563 2488 5631 qui
2517 5578 2574 5615 se
2601 5561 2895 5615 abortivum
2923 5572 2977 5615 et
3000 5563 3274 5615 minimum
3302 5574 3615 5618 sanctorum

2029 5655 2347 5726 appellabat,
2375 5669 2544 5725 neque
2571 5662 2689 5723 post
2719 5661 2796 5709 tot
2823 5661 3071 5725 tantaque
3093 5639 3344 5726 prtcclara
3368 5671 3530 5726 opera
3552 5671 3616 5713 se
