3918 6292
78 247 177 303 551

81 361 276 432 ρυξις,
325 362 424 416 καὶ
452 362 553 416 οὐκ
587 362 863 433 ἃνέχοιεν
908 362 1044 434 μετά
1082 363 1256 418 ταῦτα
1297 369 1503 430 εἰπεῖν,
1532 369 1614 421 ὅτι
1659 369 1774 421 Οὐκ

76 441 437 514 ἠκούσαμενο
466 444 604 515 πρὸς
634 446 746 516 γὰρ
775 446 843 498 τὰ
874 447 1086 518 πέρατα
1111 447 1212 517 τῆς
1257 450 1583 520 οἰκουμένης
1617 453 1646 504 6
1685 450 1774 504 λόο

76 545 170 599 τος
198 531 370 603 ἐξέϐη
391 533 438 564 ³⁸
474 532 576 602 τῆς
606 532 912 596 εὐσεϐείας.

143 618 192 648 ⁸³
222 617 419 671 Ταῦτα
451 615 544 672 οὖν
574 619 881 683 ἐννοοῦντες
923 620 1018 672 καὶ
1059 623 1242 691 ήμεῖς,
1289 622 1359 676 τά
1402 624 1532 694 παρ’
1562 624 1771 676 ἑαυτῶν

77 704 296 756 ἅπαντα
338 704 644 776 πληρῶμεν
679 708 758 771 εἰς
807 707 935 770 τοὺς
987 707 1239 778 πλησίον,
1281 709 1478 780 καὶτῷ
1512 710 1628 779 Θεῷ
1657 711 1770 764 δια-

78 791 281 854 παντὸς
308 793 756 863 εὐχαριστῶμεν.
789 795 899 847 Kal
923 795 1033 866 γὰρ
1053 797 1273 860 ἄτοπον,
1303 797 1452 868 ἔργῳ
1481 798 1582 867 τῆς
1611 799 1770 870 εὐερ-

76 879 270 944 γκίαμς
321 879 500 932 αὐτοῦ
542 881 663 933 καθ’
706 883 944 953 ἑκάστην
985 883 1357 948 ἀπολαύοντας
1387 885 1486 956 τὴν
1530 886 1766 957 ἡμέραν,

79 967 216 1036 μηδὲ
263 967 421 1039 λόγῳ
446 971 608 1041 χάριν
621 971 667 1003 ⁸⁸
694 972 996 1041 ὁμολογεῖν,
1029 975 1123 1026 καὶ
1153 974 1325 1027 ταῦτα
1357 974 1457 1045 τῆς
1482 966 1768 1046 ὁμολογίας

77 1054 242 1108 πάλιν
258 1055 308 1088 ⁸³
345 1059 490 1126 ἡμῖν
516 1057 616 1128 τὴν
643 1057 912 1127 ὠφέλειαν
943 1059 1237 1130 φερούσης.
1271 1061 1408 1114 Οὐδὲ
1458 1062 1566 1134 γὰρ
1603 1063 1764 1126 αὐτὸς

73 1143 243 1195 δεῖται
274 1144 398 1197 τῶν
422 1148 708 1217 ἡμετέρων
733 1149 898 1211 τινὸς,
929 1149 1043 1202 ἀλλ’
1065 1153 1224 1221 ἡμεῖς
1243 1152 1474 1222 δεόμεθα
1496 1153 1603 1208 τῶν
1625 1154 1767 1207 ἐκεί-

74 1245 162 1281 νου
191 1230 488 1286 ἁπάντων.
532 1233 643 1285 Kal
683 1233 792 1305 γὰρ
838 1237 870 1305 ή
911 1237 1232 1307 εὐχαριστία
1274 1238 1465 1309 ἐκείνῳ
1493 1239 1591 1308 μὲν
1615 1241 1766 1295 οὐδὲν

74 1317 471 1387 προστίθησιν,
505 1321 652 1390 ἡμᾶς
684 1321 740 1374 δὲ
768 1323 1130 1395 οἰκειοτέρους
1161 1324 1310 1396 αὐτῷ
1341 1328 1762 1392 κατασκευάζει.

71 1402 135 1456 El
172 1403 289 1475 γὰρ
337 1405 650 1478 ἀνθρώπων
696 1408 778 1472 είς
831 1411 1053 1481 μνήμην
1111 1411 1364 1475 λαϐόντες
1421 1415 1762 1484 εὐεργεσίας,

74 1488 501 1560 θερμαινόμεθα
542 1491 805 1564 μειζόνως
833 1493 912 1565 τῷ
952 1496 1190 1568 φίλτρῳ·
1229 1497 1410 1569 πολλῷ
1443 1499 1640 1568 μᾶλλον
1668 1501 1761 1553 τοῦ

71 1578 358 1630 ,δεσπότου
393 1580 735 1650 μεμνημένοι
759 1581 1022 1652 διηνεκῶς
1054 1584 1162 1636 τῶν
1192 1587 1632 1657 κατορθωμάτων
1650 1588 1761 1641 τῶν

71 1665 148 1726 εἰς
176 1666 365 1736 ἡμᾶς,
410 1667 819 1740 σπουδαιότεροι
849 1671 988 1738 πρὸς
1024 1672 1122 1735 τὰς
1154 1673 1373 1738 ἐντολὰς
1401 1676 1502 1739 τάς
1545 1675 1758 1728 ἐκείνου

69 1751 337 1821 ἐσόμεθα.
366 1754 469 1806 Διά
495 1755 656 1808 τοῦτο
690 1757 785 1810 καὶ
828 1759 857 1810 6
897 1758 1107 1822 Παῦλος
1148 1760 1332 1828 ἔλεγεν
1352 1777 1366 1791 ⁶
1395 1744 1758 1830 Εὐχάριστοι

67 1838 342 1902 γίνεσθε.
375 1839 597 1912 Φυλακὴ
637 1842 745 1912 γὰρ
770 1843 1088 1914 εὐεργεσίας
1116 1845 1310 1916 ἀρίστη
1345 1846 1498 1917 ήτῆς
1536 1849 1758 1919 εὐεργε-

68 1923 188 1986 σίας
219 1926 448 1996 μνήμη,
496 1928 590 1980 καὶ
621 1928 873 1999 διηνεκὴς
903 1931 949 1962 ⁸⁸
993 1932 1330 2003 εὐχαριστία.
1365 1934 1465 1986 Διά
1503 1933 1566 2005 δὴ
1598 1935 1758 1988 τοῦτο

67 2013 160 2063 καὶ
201 2012 278 2065 τὰ
312 2015 567 2086 φρικώδη
605 2018 898 2088 μυστήρια,
945 2019 1040 2072 καὶ
1083 2020 1285 2090 πολλῆς
1313 2021 1551 2091 γέμοντα
1593 2023 1692 2091 τῆς
1707 2023 1752 2054 ⁸⁷

67 2100 384 2170 σωτηρίας,
418 2102 488 2154 τά
514 2103 636 2155 καθ’
659 2105 896 2174 ἑκάστην
921 2105 1217 2176 τελούμενα
1245 2107 1484 2172 σύναξιν,
1521 2110 1754 2180 Εὐχαρι-

65 2185 186 2238 στία
222 2187 504 2253 καλεῖται,
552 2191 634 2244 ὅτι
670 2191 880 2245 πολλῶν
925 2195 1074 2246 ἐστιν
1115 2194 1571 2266 εὐεργετημάτων
1616 2199 1749 2251 ἀνά-

68 2291 293 2344 μνησις,
343 2277 442 2330 καὶ
489 2277 551 2330 τὸ
590 2279 885 2347 κεφάλαιον
922 2281 1024 2350 τῆς
1054 2279 1150 2334 τοῦ
1181 2282 1316 2334 Θεοῦ
1365 2284 1621 2353 προνοίας
1663 2287 1751 2337 ἐν·

63 2361 352 2415 δείκνυται
377 2405 392 2427 ,
426 2365 520 2418 καὶ
552 2365 642 2418 διὰ
673 2367 891 2420 πάντων
938 2370 1348 2440 παρασκευάζει
1383 2373 1746 2442 εὐχαριστεῖν.

66 2451 125 2502 Et
169 2451 289 2522 γὰρ
335 2451 402 2504 τὸ
447 2453 775 2524 γεννηθῆναι
806 2456 877 2509 ἐκ
909 2456 1176 2528 παρθένου
1223 2457 1408 2527 θαῦμα
1457 2459 1620 2528 μέγα,
1656 2461 1751 2513 καὶ

62 2539 516 2609 ἐκπληττόμενος
557 2543 586 2594 6
620 2541 1017 2614 εὐαγγελιστὴς
1065 2543 1217 2612 ἔλεγε
1238 2584 1252 2608 ,
1300 2544 1477 2598 Τοῦτο
1503 2544 1572 2597 δὲ
1601 2545 1752 2599 ὅλον

64 2624 310 2692 γέγονε·
357 2626 421 2679 τὸ
453 2627 546 2679 καὶ
581 2629 859 2700 σφαγῆναι
905 2631 1008 2683 ποῦ
1055 2630 1323 2702 θήσομεν;
1361 2631 1484 2684 είπέ
1516 2649 1626 2701 μοι.
1683 2633 1748 2686 EE

61 2713 168 2782 γὰρ
187 2713 255 2765 τὺ
283 2712 441 2786 [511]
471 2715 798 2786 γεννηθῆναι
826 2717 1003 2772 τοῦτο
1036 2719 1185 2773 ὅλον
1213 2719 1478 2784 καλεῖται,
1501 2720 1562 2773 τὸ
1590 2736 1747 2774 σταυ-

65 2798 338 2871 ρωθῆναι,
377 2801 474 2852 καὶ
517 2801 578 2854 τὸ
620 2798 761 2872 αἷμα
803 2805 984 2875 ἐκχεῖν
999 2805 1064 2870 ⁸⁸,
1097 2806 1192 2860 καί
1235 2806 1297 2859 τὸ
1343 2806 1534 2860 ἐαυτὸν
1565 2806 1746 2862 δοῦναι

62 2890 195 2955 ἡμῖν
233 2889 319 2951 είς
352 2888 596 2942 ἑστίασιν
621 2892 715 2943 καὶ
747 2892 979 2962 εὐωχίαν
1003 2895 1398 2965 πνευματικὴν,
1429 2895 1481 2948 τί
1513 2894 1578 2948 ἂν
1613 2897 1745 2966 κλη-

64 2975 221 3044 θείη;
257 2976 696 3049 Εὐχαριστῶμεν
728 2980 909 3033 τοίνυν
944 2981 1095 3052 αὐτῷ
1131 2983 1417 3052 διηνεκῶς,
1449 2984 1542 3037 καὶ
1568 2984 1746 3054 ῥημά-

61 3077 169 3114 των
202 3063 306 3114 καὶ
331 3062 513 3134 ἐργων
541 3065 653 3117 τῶν
671 3067 966 3138 .ήμετέρων
986 3069 1332 3140 προηγείσθω
1354 3071 1530 3125 τοῦτο.
1568 3073 1744 3141 Εὐχα-

63 3147 352 3218 ριστῶμεν
384 3148 443 3201 δέ
491 3149 564 3220 μὴ
609 3151 750 3222 ὑπὲρ
793 3151 902 3205 τῶν
954 3154 1168 3208 οἰκείων
1220 3155 1416 3225 μόνων,
1466 3156 1602 3210 ἀλλά
1651 3157 1747 3210 καὶ

63 3235 206 3308 ὑπὲρ
242 3235 359 3289 τῶν
387 3235 686 3308 ἀλλοτρίων
714 3239 935 3306 ἀγαθῶν
956 3257 972 3272 ⁸
993 3240 1138 3294 οῦτω
1160 3243 1270 3313 γάρ
1300 3243 1394 3296 καί⁵
1422 3243 1520 3312 τὴν
1545 3247 1746 3315 βασκα-

62 3322 180 3375 νίαν
238 3323 456 3376 ἀνελεῖν
484 3325 848 3397 δυνησόμεθα,
880 3329 974 3382 καί⁵
1016 3330 1116 3402 τὴν
1160 3331 1383 3401 ἀγάπην
1425 3333 1746 3401 ἐπισφίγξαι

62 3411 155 3462 καὶ
187 3411 575 3484 γνησιωτέραν
626 3412 874 3484 ποιῆσαι.
914 3417 1049 3470 Οὐδὲ
1094 3420 1204 3490 γάρ
1235 3418 1442 3492 δυνήσῃ
1473 3420 1745 3492 βασκῆναι

59 3497 254 3550 λοιπὸν
288 3499 541 3567 ἐκείνοις,
585 3501 729 3573 ὑπὲρ
765 3497 839 3556 ὧν
869 3505 1212 3576 εὐχαριστεῖς
1248 3507 1324 3576 τῷ
1349 3509 1618 3581 Δεσπότῃ.
1655 3510 1746 3564 Διὸ

57 3586 120 3656 δη
153 3588 256 3640 καί⁵
279 3591 309 3639 6
349 3589 528 3659 ἱερεὺς
572 3591 712 3663 ὑπὲρ
742 3593 843 3663 τῆς
869 3595 1214 3666 οἰκουμένης,
1251 3597 1392 3668 ὑπὲρ
1415 3598 1522 3651 τῶν
1551 3600 1747 3670 προτέ-

59 3691 196 3742 ρων,
226 3675 376 3746 ὐπὲρ
396 3675 506 3729 τῶν
528 3677 646 3744 νῦν,
677 3680 817 3751 ὐπέρ
843 3681 950 3735 τῶν
977 3683 1314 3754 γενηθέντων
1329 3687 1375 3718 ⁸⁸
1407 3685 1740 3758 ἔμπροσθεν,

59 3762 206 3834 ὑπὲρ
243 3761 356 3815 τῶν
390 3765 533 3833 μετά
579 3766 752 3820 ταῦτα
789 3769 1069 3838 ἐσομένων
1113 3773 1192 3834 εἰς
1223 3773 1370 3842 ἡμᾶς
1401 3774 1744 3846 εὐχαριστεῖν

59 3850 283 3902 κελεύει
305 3889 320 3913 ,
366 3851 466 3922 τῆς
499 3852 691 3918 θυσίας
704 3855 748 3888 ⁸⁸
779 3859 1146 3929 προκειμένης
1177 3861 1413 3930 ἐκείνης.
1441 3862 1610 3915 Τοῦτο
1634 3863 1745 3935 γάρ

58 3938 217 4005 ἡμᾶς
265 3937 364 3990 καὶ
407 3939 507 4008 τῆς
547 3940 648 4011 γῆς
681 3942 1034 4009 ἀπαλλάττει,
1077 3948 1172 3999 καὶ
1206 3946 1342 4018 πρὸς
1384 3948 1476 4001 τὸν
1516 3949 1745 4020 οὐρανὸν

59 4023 415 4094 μετατίθησι,
445 4028 538 4080 καὶ
569 4028 832 4096 ἀγγέλους
871 4030 931 4096 ἐξ
958 4032 1260 4102 ἀνθρώπων
1302 4037 1462 4088 ποιεῖ.
1499 4037 1608 4089 Kal
1636 4037 1744 4108 γάρ

57 4112 156 4162 καὶ
191 4114 420 4174 ἐκεῖνοι,
450 4115 612 4186 χορὸν
641 4120 990 4190 στησάμενοι,
1020 4121 1160 4193 ὑπὲρ
1180 4122 1286 4175 τῶν
1308 4125 1387 4186 εἰς
1417 4125 1564 4195 ἡμᾶς
1602 4126 1739 4194 ἀγαο

58 4198 171 4250 θῶν
194 4200 586 4271 εὐχαριστοῦσι
609 4205 686 4275 τῷ
713 4205 850 4278 Θεῷ,
879 4207 1159 4277 λέγοντες·
1192 4210 1348 4275 Δόξα
1369 4211 1438 4264 ἐν
1464 4215 1746 4281 ὑψίστοις

59 4284 210 4350 Θεῷ,
251 4289 348 4340 καὶ
375 4288 475 4341 ἐπὶ
497 4289 610 4360 γῆς
631 4293 861 4361 εἰρήνη,
900 4296 970 4348 ὲν
995 4295 1326 4364 ἀνθρώποις
1345 4298 1608 4356 εὐδοκία.
1636 4302 1746 4354 Καὶ

51 4373 104 4460 τί
131 4372 280 4440 πρὸς
297 4375 457 4460 ,ήμᾶὶς
479 4378 522 4408 ⁹¹
547 4379 674 4442 τοὺς
704 4381 804 4433 οὐκ
833 4382 926 4435 ἐπὶ
962 4385 1086 4452 γῆς,
1116 4383 1236 4436 οὐδὲ
1252 4383 1573 4460 ἀνθρώπους
1593 4403 1608 4451 ;
1629 4389 1747 4442 Μά-

55 4457 223 4510 λιστα
251 4459 354 4528 μὲν
375 4457 468 4515 οὖν
500 4464 637 4534 πρὸς
664 4467 810 4536 ἡμᾶς
830 4485 844 4498 ·
869 4467 1012 4522 οὐτω
1045 4468 1155 4540 γὰρ
1187 4457 1586 4542 ἐπαιδεύθημεν
1619 4475 1746 4538 τοὺς

57 4546 394 4638 συνδούλους
423 4549 596 4618 φιλεῖν
616 4591 632 4617 ,
671 4553 746 4617 ώς
779 4555 874 4607 καὶ
915 4555 984 4609 τά
1025 4557 1251 4610 ἐκείνων
1283 4549 1464 4626 ἀγαθά
1500 4560 1745 4638 ἡμέτερα

55 4631 202 4689 εἶναι
235 4637 500 4708 νομίζειν.

127 4724 195 4776 δ’.
231 4728 329 4813 διὸ
369 4729 466 4813 καὶ
512 4729 723 4795 Παῦλος
765 4731 1040 4804 πανταχοῦ
1086 4734 1195 4788 τῶν
1245 4736 1574 4790 Ἐπιστολῶν
1607 4739 1744 4813 ὐπέρ

56 4806 167 4891 τῶν
214 4808 325 4891 τῆς
371 4810 696 4884 οἰκουμένης
749 4815 1062 4887 εὐχαριστεῖ
1122 4820 1583 4891 κατορθωμάτων.
1637 4806 1746 4877 Kal

57 4890 226 4957 ἡμεῖς
242 4890 424 4944 τοίνυν
448 4893 588 4964 ὐπὲρ
603 4895 711 4948 τῶν
730 4898 944 4952 οἰκείων
968 4901 1059 4953 καὶ
1074 4901 1120 4931 "
1141 4901 1282 4973 ὑπὲρ
1301 4890 1406 4955 τῶν
1426 4903 1741 4976 ἀλλοτρίων,

198 4975 345 5044 ὑπὲρ
392 4977 606 5060 μικρῶν
638 4981 732 5032 καὶ
777 4982 915 5053 ὑπὲρ
948 4984 1198 5051 μεγάλων
1228 4985 1491 5057 διηνεκῶς
1518 4973 1741 5060 εὐχαρι-

61 5053 306 5124 στῶμεν.
354 5059 473 5111 Κᾶν
501 5061 604 5132 γάρ
641 5064 834 5135 μικρὸν
940 5067 1001 5119 τὸ
1038 5067 1210 5132 δοθὲν,
1255 5053 1400 5141 μέγα
1428 5053 1637 5140 γίνεται
1659 5053 1743 5142 ’τῷ

59 5144 218 5213 παρὰ
241 5146 340 5198 τοῦ
357 5147 495 5200 θεοῦ
518 5146 781 5204 δεδόσθαι·
805 5153 1003 5221 μᾶλλον
1015 5155 1070 5208 δὲ
1091 5157 1240 5210 οὐδὲν
1270 5159 1463 5231 μικρὸν
1480 5159 1588 5212 τῶν
1611 5163 1741 5232 παρ’

59 5233 302 5295 ἐκείνου,
333 5235 393 5287 οὐ
424 5235 502 5306 τῷ
533 5242 661 5310 παρ’
688 5242 897 5294 ἐκείνου
931 5243 1091 5312 μόνον
1122 5244 1627 5317 παρέχεσθαι,ἀλλά
1650 5249 1742 5300 καὶ

59 5320 202 5406 αὐτῇ
241 5325 310 5391 τῇ
338 5321 521 5390 φύσει.
564 5327 673 5379 Καὶ
719 5327 806 5380 ῖνα
856 5332 925 5382 τά
965 5330 1102 5384 ἀλλα
1146 5335 1320 5387 πάντα
1369 5333 1549 5405 παρῶ,
1578 5333 1614 5388 ά
1641 5333 1739 5406 τὴν

59 5403 250 5473 ἅμμον
279 5408 410 5478 νικᾷ
437 5408 513 5480 τῷ
541 5410 734 5482 πλήθει
757 5429 770 5442 ο
797 5413 851 5465 τί
884 5413 996 5467 ἴσον
1024 5415 1122 5486 τῆς
1145 5415 1288 5487 ὑπὲρ
1319 5403 1478 5488 ἡμῶν
1511 5403 1766 5489 γενομέ-,

131 5517 177 5600 ξ’
211 5517 568 5600 ὲξῆλθξβόά.
643 5523 1140 5600 υμθιιςυΝηὍτι
1168 5528 1248 5581 δεῖ
1277 5529 1503 5584 πάντοτε
1527 5531 1866 5600 εὐχαριστεῖν
1893 5527 1970 5599 τῷ
1997 5529 2114 5600 Θεῷ
2135 5547 2146 5560 ·
2171 5531 2265 5600 καὶ
2287 5531 2370 5600 ὃτι
2391 5529 2484 5600 ἐάν
2507 5528 2578 5599 μή

273 5590 336 5640 οὐ
359 5590 594 5672 ’δύναται
619 5593 820 5672 γνῶναι
839 5597 1062 5672 Αέαμτόν.
1225 5600 1396 5672 ’ξτὴν
1421 5587 1673 5670 χάρινἙά

1999 5587 2308 5672 ινΪπολλὴν
2489 5587 2678 5672 ὀοήιτά
2699 5596 2855 5672 οοιίιί.
2879 5587 2934 5649 ὀί
2949 5587 3091 5672 Gy”..-
3122 5588 3288 5672 "nqu

1167 245 1231 303 IN
1273 246 1685 309 MATTHA‘ZUM
1724 250 1956 310 HOMIL.
2000 252 2164 308 XXV.
2204 255 2274 308 al.
2317 252 2510 308 XXVI.

3438 259 3546 315 57:8

1873 385 1972 440 νης
1999 369 2338 438 οἰκονομίας;
2375 369 2440 421 "0
2470 368 2577 440 γάρ
2615 363 2682 440 ἦν
2723 369 2874 440 αὐτῷ
2911 370 3235 442 τιμιώτερον
3262 372 3544 438 ἁπάντων,

1872 453 1901 503 6
1919 450 2211 521 μονογενὴς
2229 451 2385 514 Παῖς,
2403 450 2592 503 τοῦτον
2618 452 2817 505 ἔδωκεν
2839 454 2980 524 ὐπέρ
2997 454 3153 524 ήμῶν
3179 455 3286 509 τῶν
3309 456 3543 527 ἐχθρῶν·

1873 534 1965 586 καὶ
1987 534 2088 586 οὐκ
2113 533 2280 586 ἔδωκε
2307 533 2486 603 μόνον,
2510 534 2646 587 ἀλλά
2674 536 2768 587 καί⁵
2806 536 2942 605 μετά
2964 537 3025 589 τὺ
3050 537 3231 591 δοῦναι
3257 539 3540 611 τράπεζαν

1873 621 2004 688 ημῖν
2037 619 2197 672 αὐτὸν
2219 619 2520 689 παρέθηκε,
2538 619 2713 674 πάντα
2735 622 2894 686 αὐτὸς
2915 623 2984 676 τά
3010 623 3152 694 ὑπὲρ
3174 625 3330 695 ήμῶν
3346 626 3543 692 ποιῶν,

1872 706 1962 758 καί
1990 706 2052 758 τὸ
2079 704 2282 768 δοῦναι,
2311 707 2486 759 καὶτὸ
2513 707 2869 778 εὐχαρίστους
2899 711 3039 780 ὑπὲρ
3059 711 3260 767 τούτων
3291 713 3538 784 ποιῆσαι.

1883 792 2097 864 Ἐπειδὴ
2130 793 2239 862 γὰρ
2272 793 2347 856 ὼς
2377 793 2448 846 τὰ
2477 794 2648 848 πολλά
2675 796 2968 867 ἀχάριστός
2997 799 3143 849 ἐστιν
3172 801 3200 851 6
3233 798 3540 871 ἄνθρωπος,

1870 880 2146 949 πανταχοῦ
2196 880 2358 944 αὐτὸς
2389 883 2709 952 ἀναδέχεται
2736 883 2827 936 καὶ
2858 885 3256 949 κατασκευάζει
3297 886 3367 939 τά
3398 887 3540 960 ὑπὲρ

1869 967 2045 1038 ἡμῶν.
2077 968 2187 1021 Καὶ
2209 970 2345 1040 ὅπερ
2367 970 2459 1022 ἐπὶ
2481 970 2587 1022 τῶν
2625 971 2892 1024 Ἰουδαίων
2920 973 3190 1042 ἐποίησεν,
3219 973 3327 1026 ἀπὸ
3358 973 3539 1028 τόπων

1868 1055 1964 1109 καὶ
2009 1056 2217 1127 χρόνων
2265 1056 2357 1110 καί
2392 1055 2594 1127 ἑορτῶν
2620 1058 3051 1129 ἀναμιμνήσκων
3085 1060 3284 1124 αὐτοὺς
3314 1060 3422 1113 τῶν
3451 1062 3540 1114 εὐ·-

1869 1142 2162 1214 εργεσιῶν,
2190 1142 2347 1196 τοῦτο
2369 1144 2462 1196 καί⁵
2495 1143 2726 1198 ἐνταῦθα
2751 1146 3065 1216 εἰργάσατο,
3088 1147 3196 1200 ἀπὸ
3222 1147 3316 1200 τοῦ
3336 1148 3538 1218 τρόπου

1865 1231 1965 1301 τῆς
2007 1231 2198 1294 θυσίας
2243 1229 2323 1295 εἰς
2365 1231 2588 1302 διηνεκῆ
2632 1235 2730 1303 τῆς
2784 1233 2922 1303 ὑπὲρ
2977 1235 3182 1287 τούτων
3223 1236 3540 1306 εὐεργεσίας

1869 1319 2089 1388 μνήμην
2123 1319 2270 1387 ἡμᾶς
2295 1319 2596 1388 ἐμϐάλλων.
2633 1320 2818 1383 Οὕτως
2852 1321 3025 1383 οὐδεὶς
3069 1320 3367 1373 ἐσπούδακε
3393 1321 3539 1374 δοκί-

1869 1420 2001 1475 μους
2027 1403 2281 1471 γενέσθαι
2331 1406 2424 1457 καὶ
2459 1405 2731 1477 μεγάλους
2757 1404 2851 1459 καί
2881 1407 2968 1459 διὰ
2994 1408 3209 1460 πάντων
3255 1405 3538 1477 εὐγνώμον-

1864 1468 1991 1553 νας,
2026 1468 2101 1552 ῶς
2134 1493 2162 1544 6
2188 1493 2421 1562 ποιήσας
2459 1468 2619 1562 ’ήμάς
2657 1492 2807 1555 Θεός.
2857 1493 2957 1545 Διά
2993 1493 3150 1546 τοῦτο
3184 1495 3277 1546 καὶ
3307 1468 3539 1557 ἀκοντας

1865 1579 2015 1647 ἡμᾶς
2038 1579 2318 1648 εὐεργετεῖ
2344 1579 2620 1642 πολλάκις,
2649 1581 2739 1632 καλ⁵
2761 1580 3083 1647 ἀγνοοῦντας
3111 1581 3179 1634 τά
3210 1581 3447 1636 πλείονα.
3473 1581 3536 1633 El

1864 1663 1922 1716 δὲ
1952 1664 2255 1733 θαυμάζεις
2279 1665 2340 1718 τὺ
2367 1669 2486 1737 είρη
2497 1667 2676 1736 μένον,
2701 1667 2801 1718 οὐκ
2826 1665 3042 1719 ἐπὶτῶν
3069 1667 3340 1736 τυχόντων
3367 1665 3536 1729 τινὸς,

1864 1746 1977 1798 ἀλλ’
2013 1750 2105 1800 ἐπὶ
2132 1747 2223 1801 τοῦ
2259 1751 2532 1820 μακαρίου
2571 1749 2782 1803 Παύλου
2816 1749 3063 1819 δείκνυμί
3088 1768 3168 1802 σοι
3204 1749 3362 1802 τοῦτο
3397 1767 3535 1819 συμ-

1863 1834 1984 1888 δάν.
2008 1836 2118 1887 Καὶ
2149 1836 2256 1905 γὰρ
2290 1837 2318 1888 6
2354 1837 2621 1906 μακάριος
2643 1837 2853 1899 ἐκεῖνος
2888 1836 3056 1889 πολλά
3089 1837 3413 1890 κινδυνεύων
3439 1837 3535 1890 καὶ

1863 1921 2201 1992 θλιϐόμενος,
2232 1923 2490 1986 πολλάκις
2526 1923 2827 1993 παρεκάλει
2855 1923 2944 1976 τὸν
2973 1923 3124 1985 Θεὸν,
3156 1923 3458 1991 ἀποστῆναι
3484 1925 3531 1956 ⁸³

1863 2008 2011 2081 [512]
2040 2010 2202 2065 αὐτοῦ
2233 2013 2357 2075 τοὺς
2388 2010 2754 2082 πειρασμούςο
2784 2011 2897 2065 ἀλλ’
2931 2011 3080 2081 ὅμως
3113 2011 3174 2063 οὐ
3214 2013 3278 2081 τῇ
3320 2012 3531 2082 αἰτήσει

1859 2100 2024 2154 αὐτοῦ
2047 2141 2060 2164 ,
2093 2100 2229 2154 ἀλλὰ
2265 2101 2330 2171 τῇ
2358 2101 2660 2172 λυσιτελείᾳ
2686 2103 2973 2172 προσεῖχεν
3002 2103 3030 2154 6
3056 2101 3187 2163 Θεός
3216 2118 3229 2132 ο
3255 2101 3349 2154 καὶ
3373 2101 3532 2156 τοῦτο

1857 2186 2072 2250 δεικνὺς
2090 2187 2272 2256 ἔλεγεν
2293 2205 2306 2218 ·
2333 2186 2516 2256 Ἀρκεῖ
2541 2203 2640 2242 σοι
2668 2190 2706 2256 ἡ
2729 2187 2897 2258 χάρις
2909 2205 3029 2256 μου
3050 2201 3065 2216 ⁶
3083 2189 3121 2255 ἠ
3151 2187 3262 2256 γὰρ
3281 2187 3532 2257 δύναμίς

1851 2291 1971 2341 μου
1991 2275 2060 2326 ἐν
2077 2275 2360 2342 ἀσθενείᾳ
2385 2275 2902 2330 τελειοῦται.Ὥστε
2933 2275 3250 2346 πρίνείπεῖν
3269 2274 3416 2346 αὐτῴ
3433 2274 3531 2346 τὴν

1855 2365 2054 2429 αἰτίαν,
2069 2366 2266 2420 ἄκοντα
2279 2367 2554 2438 εὐεργετεῖ
2574 2367 2666 2420 καὶ
2679 2367 2779 2418 οὐκ
2801 2365 2993 2418 εἰδότα.
3010 2365 3075 2416 Τί
3092 2359 3190 2419 οῦν
3209 2366 3349 2435 μέγα
3366 2366 3529 2430 αἰτεῖ,

1855 2453 1976 2506 ἀντὶ
2010 2453 2107 2523 τῆς
2145 2453 2411 2525 τοσαύτης
2455 2453 2778 2524 κηδεμονίας
2808 2452 3157 2522 εὐχαρίστους
3189 2452 3425 2506 κελεύων
3450 2448 3532 2508 εῖ-

1855 2555 1977 2604 ναις
2006 2539 2328 2610 Πειθώμεθα
2348 2539 2546 2605 τοίνυν,
2570 2540 2663 2592 καὶ
2689 2537 2963 2607 πανταχοῦ
2987 2537 3142 2590 τοῦτο
3159 2537 3526 2608 διατηρῶμεν.

1856 2626 1960 2680 Kal
1987 2626 2093 2698 γὰρ
2125 2627 2251 2689 τοὺς
2311 2627 2590 2689 Ἰουδαίους
2618 2627 2768 2679 οὐδὲν
2803 2625 2974 2688 οὕτως
2994 2625 3330 2688 ἀπώλεσεν,
3354 2625 3430 2688 ὡς
3465 2624 3532 2678 τὸ

1855 2714 2177 2786 ἀχαρίστους
2211 2710 2371 2775 εἶναι,
2397 2713 2606 2776 καὶτὰς
2640 2711 2838 2776 πολλὰς
2876 2710 2971 2766 καὶ
3014 2711 3347 2782 ἐπαλλήλους
3383 2710 3530 2764 ἐκεί-

1853 2819 1950 2865 νας
1995 2801 2208 2870 πληγάς
2255 2801 2403 2854 οὐδὲν
2436 2801 2620 2872 ἕτερον
2652 2799 2684 2870 ἢ
2729 2798 2888 2852 τοῦτο
2925 2799 3170 2869 ἐπήγαγε
3192 2813 3204 2826 ·
3232 2798 3431 2869 μᾶλλον
3465 2799 3525 2852 δὲ

1853 2891 1947 2943 καὶ
1971 2889 2075 2959 πρὸ
2106 2889 2212 2942 τῶν
2251 2887 2475 2959 πληγῶν
2503 2888 2602 2959 τὴν
2646 2886 2824 2956 ψυχὴν
2875 2886 3053 2938 αὐτῶν
3082 2885 3237 2938 τοῦτο
3277 2883 3526 2939 ἀπώλεσε

1853 2978 1947 3031 καί
1987 2976 2311 3048 διέφθειρεν.
2351 2975 2708 3045 Ἀχαρίστου
2735 2975 2844 3043 γὰρ
2871 2972 3040 3040 ἐλπίς
3065 2973 3145 3036 ώς
3176 2972 3380 3040 πάχνη
3407 2988 3526 3039 χει-

1845 3065 2050 3134 μέριος
2069 3064 2136 3130 ’⁸,
2155 3063 2320 3134 φησίν
2341 3083 2354 3096 ο
2375 3061 2518 3117 οὐτω
2541 3063 2747 3134 ναρκᾷν
2771 3061 2865 3114 καὶ
2884 3059 3208 3132 νεκροῦσθαι
3228 3060 3326 3130 τὴν
3348 3058 3525 3130 ψυχὴν

1852 3159 2013 3219 ποιεῖ,
2049 3155 2237 3226 ὥσπερ
2286 3154 2466 3225 ἐκείνη
2497 3152 2565 3206 τά
2610 3151 2856 3223 σώματα.
2889 3151 3058 3204 Τοῦτο
3101 3150 3158 3204 δὲ
3205 3151 3412 3219 γίνεται
3463 3148 3528 3215 ἐξ

1851 3243 2234 3305 ἀπονοίας,καὶ
2262 3241 2355 3295 τοῦ
2384 3240 2618 3311 νομίζειν
2646 3239 2834 3293 ἐαυτὸν
2862 3239 3009 3306 ἄξιον
3040 3232 3177 3291 εἷναί
3209 3253 3374 3300 τινος.
3392 3235 3451 3289 '0
3464 3236 3524 3289 δὲ

1854 3330 2327 3401 συντετριμμένος,
2358 3330 2454 3399 οὐχ
2479 3328 2618 3400 ὑπὲρ
2641 3327 2857 3397 ἀγαθῶν
2891 3327 3070 3397 μόνον,
3095 3325 3231 3379 ἀλλά
3265 3325 3358 3378 καὶ
3381 3323 3526 3393 ὐπέρ

1851 3417 1958 3469 τῶν
2004 3416 2263 3469 ἐναντίων
2305 3415 2602 3468 δοκούντων
2654 3410 2822 3473 εἶναι,
2852 3412 3201 3483 εὐχαριστίας
3250 3410 3453 3463 εἴσεται
3472 3411 3522 3443 ⁸⁵

1849 3502 1928 3574 τῷ
1959 3501 2097 3573 θεῷ,
2122 3501 2218 3555 καὶ¹
2247 3502 2344 3554 ὅσα
2381 3501 2446 3554 ἂν
2491 3499 2659 3572 πάθῃ,
2688 3499 2838 3552 οὐδὲν
2869 3499 3136 3569 ἡγήσεται
3164 3495 3380 3560 ἀνάξιον
3418 3513 3521 3548 πε·-

1851 3589 2130 3644 πονθέναι.
2169 3589 2278 3642 Kal
2319 3589 2478 3658 ἡμεῖς
2526 3587 2724 3650 τοίνυν,
2765 3587 2873 3656 ὅσῳ
2905 3584 2970 3638 ἂν
3001 3583 3136 3653 πρὸς
3162 3583 3360 3653 ἀρετὴν
3395 3585 3520 3636 ἐπι-

1849 3677 2049 3748 δῶμεν,
2090 3675 2330 3747 τοσούτῳ
2360 3675 2556 3746 μᾶλλον
2598 3674 2821 3737 ἑαυτοὺς
2853 3671 3227 3742 συντρίψωμεν
3249 3688 3265 3703 ·
3287 3670 3407 3723 ἐπεὶ
3427 3671 3530 3724 καὶ.

1849 3765 2007 3819 τοῦτο
2037 3765 2270 3837 μάλιστα
2322 3764 2510 3834 ἀρετή.
2549 3762 2760 3832 Ὥσπερ
2794 3760 2903 3832 γάρ
2929 3760 3146 3829 ὅσῳπερ
3175 3757 3240 3812 ἂν
3269 3756 3527 3826 ὀξύτερον

1853 3853 2052 3924 ἴδωμεν
2077 3893 2092 3917 ,
2129 3850 2366 3921 τοσούτῳ
2399 3850 2596 3920 μᾶλλον
2640 3847 2978 3920 μανθάνομεν
3006 3847 3128 3899 ὅσον
3155 3845 3528 3914 διεστήκαμενι

1849 3940 1943 3994 τοῦ
1996 3939 2224 4012 ούρανοῦ
2250 3955 2264 3968 ·
2309 3937 2480 4000 οὕτως
2525 3938 2632 4008 ὅσῳ
2675 3936 2739 3990 ἂν
2787 3934 3056 4004 ἐπιδῶμεν
3097 3933 3232 4004 πρὸς
3281 3931 3520 4002 ἀρετὴν,

1849 4026 2087 4096 τοσούτῳ
2118 4026 2317 4097 μᾶλλον
2348 4023 2710 4095 παιδευόμεθα
2747 4023 2943 4076 εἰδέναι
2972 4019 3068 4073 τοῦ
3096 4016 3232 4072 Θεοῦ
3264 4018 3325 4070 τὸ
3357 4017 3534 4087 μέσονι

1849 4113 1910 4167 τὸ
1937 4114 2068 4185 πρὸς
2095 4115 2259 4184 ἡμᾶς.
2303 4115 2376 4167 Οὐ
2408 4112 2602 4184 μικρὸν
2635 4111 2690 4163 δὲ
2721 4109 2879 4163 τοῦτο
2903 4109 2946 4139 νδ
2987 4109 3149 4178 μέρος
3184 4104 3522 4175 φιλοσοφίας,

1849 4200 2142 4272 δυνηθῆναι
2179 4201 2409 4254 συνιδεῖν
2434 4200 2530 4269 τὴν
2559 4199 2713 4264 ἀξίαν
2743 4198 2842 4266 τὴν
2875 4195 3169 4266 ήμετέραν.
3215 4186 3382 4254 Οὗτος
3411 4192 3528 4262 γάρ

1851 4289 2084 4358 μάλιστά
2143 4291 2287 4340 ἐστιν
2330 4290 2358 4340 6
2401 4286 2589 4339 ἑαυτὸν
2639 4284 2826 4348 εἰδὼς,
2863 4285 2891 4335 6
2945 4281 3111 4352 μηδὲν
3154 4275 3292 4331 εἶναι
3329 4277 3525 4331 ἐαυτὸν

1845 4375 2099 4446 νομίζων.
2124 4375 2224 4427 Διά
2253 4374 2316 4444 δὴ
2364 4373 2519 4426 τοῦτο
2547 4373 2640 4425 καὶ
2676 4373 2704 4424 ὁ
2727 4369 2890 4423 Δαυῒδ
2938 4368 3033 4421 καὶ
3063 4370 3091 4420 6
3130 4364 3400 4437 Ἀϐραάμ,
3427 4364 3525 4416 ὅτε

1847 4463 1982 4535 πρὸς
2033 4461 2131 4534 τὴν
2175 4463 2348 4532 ἄκραν
2398 4459 2671 4529 ἀνέϐησαν
2716 4459 2814 4528 τῆς
2859 4457 3058 4527 ἀρετῆς
3088 4453 3364 4522 κορυφὴν,
3394 4450 3524 4503 τότε

1849 4550 2083 4621 μάλιστα
2126 4548 2282 4603 τοῦτο
2324 4547 2691 4619 κατώρθωσαν
2716 4564 2728 4576 ·
2761 4545 2854 4598 καὶ
2893 4545 2921 4596 6
2961 4543 3060 4612 μὲν
3102 4541 3205 4611 γῆν
3243 4539 3338 4592 καὶ
3383 4555 3525 4592 σπο-

1845 4637 1932 4690 δὸν
1958 4676 1973 4701 ,
2005 4637 2034 4689 6
2069 4636 2124 4689 δὲ
2175 4635 2434 4707 σκώληκα
2481 4635 2669 4687 ἐαυτδν
2723 4631 2906 4686 ἐκάλει
2945 4648 2958 4662 ·
2989 4629 3080 4682 καὶ
3122 4628 3322 4690 πάντες
3365 4625 3420 4679 δὲ
3467 4626 3526 4678 οἱ
3631 4667 3640 4675 .

1846 4721 1991 4789 ἅγιοι
2035 4720 2234 4791 ὁμοίως
2282 4719 2490 4781 τούτοις
2543 4717 2766 4779 ἑαυτοὺς
2817 4712 3193 4777 ταλανίζουσιν
3231 4727 3246 4742 ο
3283 4709 3358 4772 ὡς
3387 4708 3414 4763 6
3453 4723 3520 4776 γε

1844 4808 1982 4880 πρὸς
2035 4806 2349 4872 ἀλαζονείαν
2407 4805 2713 4878 αἰρόμενος,
2766 4802 2969 4865 ἐκεῖνός
3016 4803 3164 4853 ἐστιν
3209 4799 3237 4851 6
3287 4796 3524 4868 μάλιστα.

1844 4896 2060 4948 πάντων
2100 4894 2290 4946 ἑαυτὸν
2323 4893 2555 4963 ἀγνοῶν.
2602 4892 2695 4945 Διὸ
2734 4893 2828 4944 καὶ
2860 4889 3002 4943 κατά
3040 4889 3138 4956 τὴν
3165 4885 3350 4954 κοινὴν
3388 4899 3515 4934 συν-

1844 4981 2032 5052 ήθειαν
2082 4981 2201 5046 ἔθος
2246 4984 2376 5053 ἡμῖν
2425 4981 2603 5050 λέγειν
2635 4981 2761 5050 περί
2811 4978 2918 5030 τῶν
2975 4972 3373 5044 ὐπερηφάνων’
3402 4966 3519 5020 Οὐκ

1843 5069 1982 5124 οἶδεν
2012 5071 2220 5132 ἐαυτὸν,
2246 5071 2431 5139 ἀγνοεῖ
2463 5069 2673 5123 ἑαυτόν.
2726 5068 2784 5120 '0
2829 5066 2886 5118 δὲ
2923 5062 3112 5116 ἐαυτὸν
3137 5058 3367 5127 ἀγνοῶν,
3393 5054 3517 5107 τίνα

1843 5157 2145 5226 γνώσεται;
2177 5159 2389 5229 Ὠσπερ
2419 5157 2527 5227 γάρ
2547 5158 2574 5209 6
2596 5154 2787 5209 ἐαυτὸν
2828 5149 3002 5211 εἰδὼς,
3027 5148 3242 5200 ἅπαντα
3274 5141 3515 5229 είσεταιυ

1842 5244 2014 5308 οὕτως
2037 5247 2064 5298 6
2097 5245 2253 5298 τοῦτο
2287 5227 2370 5316 μή
2394 5244 2569 5307 εἰδὼς,
2593 5242 2714 5294 οὐδὲ
2734 5240 2801 5292 τά
2833 5237 2966 5291 ἄλλα
3006 5233 3230 5287 εἴσεται.
3265 5227 3520 5291 Τοιοῦτος

1841 5327 1908 5403 ἦν
1941 5335 2144 5396 ἐκεῖνος
2179 5334 2206 5385 6
2234 5315 2406 5400 λέγων
2425 5349 2439 5363 ο
2489 5329 2712 5383 Ἐπάνω
2748 5326 2866 5380 τῶν
2916 5318 3180 5391 οὐρανῶν
3213 5319 3379 5384 θήσω
3410 5315 3520 5370 τὸν

1848 5421 2065 5489 θρόνον
2084 5439 2222 5491 μου.
2255 5419 2476 5490 Ἐπειδὴ
2508 5418 2616 5489 γὰρ
2636 5415 2899 5487 ἠγνόησεν
2925 5407 3137 5474 ἐαυτὸν,
3170 5407 3263 5461 καὶ⁸
3291 5405 3362 5461 τὰ
3383 5403 3519 5460 ἀλλα

2603 5543 2686 5589 τις
2708 5525 2915 5595 ἀποστῇ
2939 5521 3046 5576 τῶν
3079 5515 3346 5592 βιωτικῶν
3363 5530 3520 5585 φρονο

2603 5606 2675 5650 lra
2699 5596 2855 5652 codd.
2879 5593 3046 5649 ριϐε.
3122 5591 3167 5621 ⁸⁸
3195 5588 3288 5642 καί
3317 5586 3516 5656 ήῖδιην.

3409 5601 3516 5653 ιην.

149 5659 278 5742 ἕξιν.
359 5662 403 5692 ⁸⁷
432 5663 530 5742 ⁸τῆς
557 5653 664 5716 oni.
777 5666 1109 5742 aegou'psva]
1130 5670 1252 5724 add.
1279 5653 1578 5738 λέγωἝάὀ.
1653 5653 1673 5703 δ

2109 5670 2172 5723 δι’
2189 5653 2337 5742 ήμξῖς
2363 5653 2525 5742 ΙζάιΙς
2570 5670 2614 5700 δ’
2637 5661 3124 5742 γενηθέντωνλὸἱε.
3164 5659 3222 5739 υ..
3251 5653 3515 5742 [ειίξούξς

61 5729 227 5800 2943]
270 5725 643 5801 γεννηθέντων
671 5736 792 5804 (sic)
833 5736 887 5788 Ε.
931 5725 1048 5806 ἱμιαξ
1081 5725 1227 5808 Tacta
1270 5725 1392 5793 sm'u
1422 5744 1570 5795 Ann.
1612 5758 1673 5798 ca

62 5799 334 5878 §v._nec
358 5802 557 5878 legissg
582 5805 802 5878 videtur:
820 5806 914 5860 ϐε.
947 5807 1092 5878 -ϐιιιη
1131 5811 1288 5866 codd.
1309 5811 1602 5866 fucilArm.

1999 5725 2431 5804 ‘Oa'vwvrl’éulo
2464 5740 2586 5810 pdsl
2621 5725 2695 5802 εἰς
2738 5725 2863 5792 ιίηιε
2943 5725 3046 5805 μᾶς
3091 5725 3514 5807 υηείἐίηείιιείι

1999 5811 2118 5866 add.
2153 5812 2256 5878 ἥδη
2291 5813 2355 5866 Δ.
2431 5812 2473 5843 ⁸³
2501 5812 2644 5878 ὑμᾶς
2668 5807 2728 5862 F.
2767 5738 2936 5878 ἡμιᾶέ
2965 5805 3090 5878 add,
3120 5799 3252 5878 φησὶ
3285 5798 3350 5850 Α.
3376 5799 3511 5878 δη.

62 5799 190 5853 bur.
219 5799 334 5856 ’nec
358 5799 552 5872 legisse
582 5799 795 5859 videtur
820 5806 914 5860 ϐε.
943 5799 1094 5864 ’ϐιιιιί
1131 5811 1288 5866 codd.
1309 5811 1602 5866 fuciLArm.

64 5868 113 5903 "
134 5872 229 5926 καὶ
255 5890 366 5928 om.
400 5875 466 5928 Α.
542 5877 586 5905 ⁹³¹
605 5875 911 5928 ἀποστῆσαι
945 5876 1008 5928 Ε.
1073 5880 1119 5914 ⁸⁵
1147 5881 1221 5928 Cu:
1254 5883 1537 5928 νειιιεοινιῆ
1576 5902 1602 5928 τι

134 5889 229 5926 και
255 5890 366 5929 om.
400 5889 466 5928 Α.

617 5807 795 5859 idetur
820 5807 914 5860 ϐε.
958 5807 1092 5864 Cum
1131 5811 1602 5866 codd.facitArm.

616 5875 908 5913 ῖιιπ-ηηψίρτην
946 5876 988 5913 l‘.
1073 5880 1119 5913 οι
1147 5881 1221 5913 .2...
1254 5883 1536 5913 «ψη-...ηε
1576 5884 1667 5913 ...ιη

1999 5811 2129 5913 39.3;
2142 5807 2886 5913 $33.13iifffifﬂf?

542 5877 586 5905 "
605 5876 911 5944 ἀποστῆσαι
945 5876 1008 5934 Ε.
1073 5880 1119 5914 ⁸⁸
1147 5881 1221 5946 ώς
1254 5883 1537 5947 χειμερινὴ
1576 5884 1751 5945 πάγνη
1783 5881 1841 5936 Ε.
1919 5883 1939 5914 ⁹

2965 5795 3090 5860 ξιδιι.
3120 5799 3252 5870 φησὶ
3285 5798 3350 5850 Α.
3376 5795 3511 5870 SM].

1999 5861 2446 5949 ἓῦἱὰρῗέτὰἑὲαι]
2481 5861 2859 5950 εὐχαριστήᾶἒι
3034 5875 3080 5907 ’⁸
3110 5861 3265 5924 τοῦτο
3290 5879 3415 5924 om.
3445 5861 3515 5916 Α.
