3868 6182
207 263 312 320 535

205 376 433 447 apostoli
475 375 690 431 nomine
718 375 936 446 dignum
965 389 1082 431 esse
1109 379 1326 447 putabat
1357 381 1432 450 (t.
1459 379 1577 435 Cor.
1610 382 1698 437 15.
1727 383 1780 437 8.

203 469 282 536 9).
319 467 470 521 Ilunc
500 467 679 537 itaque
706 468 1017 522 aemulemur
1047 475 1099 523 et
1131 469 1420 524 imitemur.
1454 470 1784 527 Imitabimur

199 569 381 615 autem
401 561 446 615 si
475 573 505 614 a
533 569 674 615 terra
713 574 776 614 ac
806 559 1028 616 terrenis
1055 562 1279 631 negotiis
1315 562 1617 619 liberemur.
1644 564 1782 619 Nihil

198 649 344 706 enim
367 651 441 706 ita
468 650 817 721 ignorantiam
848 652 928 706 sui
962 653 1131 721 parit,
1162 662 1220 708 ut
1245 655 1578 709 saecularium
1603 671 1783 710 rerum

195 741 424 798 affectus
451 761 465 798 :
491 743 732 814 nihilque
757 742 830 798 ita
854 744 1186 798 saecularium
1216 761 1397 800 rerum
1424 745 1668 800 affectum
1692 763 1784 816 pa-

197 836 305 900 rit,
335 843 395 888 ut
421 834 718 905 ignorantia
745 834 827 889 sui
859 852 872 888 :
899 834 1161 904 siquidem
1190 851 1354 890 unum
1385 837 1581 905 pendet
1603 837 1670 890 ab
1697 837 1779 891 al-

199 937 334 982 tero.
357 926 508 982 Sicut
528 924 668 982 enim
692 925 735 980 is
759 927 847 996 qui
869 934 1142 982 externam
1159 927 1381 997 gloriam
1405 938 1549 982 amat
1568 937 1622 984 et
1647 945 1784 998 prte-

195 1020 364 1075 sentia
394 1034 584 1090 magna
613 1003 733 1074 esse
754 1027 923 1088 putat,
945 1019 1153 1074 etiamsi
1182 1019 1231 1074 id
1258 1020 1450 1075 millies
1476 1022 1777 1087 tentaverit,

197 1113 321 1168 huic
350 1125 459 1166 non
491 1111 724 1181 seipsum
751 1126 911 1166 nosse
935 1112 1248 1166 conceditur
1275 1129 1289 1166 :
1322 1113 1399 1168 sic
1425 1114 1514 1182 qui
1541 1114 1779 1182 seipsum

194 1203 443 1275 despicit,
468 1218 528 1259 se
553 1202 704 1258 facile
729 1211 1033 1273 cognoscet.
1056 1203 1191 1259 Cum
1215 1219 1340 1259 vero
1362 1219 1483 1260 sese
1507 1204 1772 1272 didicerit,

1145 262 1210 318 IN
1247 265 1648 322 MATTII/EUM
1691 268 1915 324 IIOMIL.
1959 268 2144 324 XXVI.
2187 272 2258 326 aI.
2301 273 2515 329 XXVII.

3364 282 3467 338 334

1889 383 1954 438 ad
1984 393 2204 440 caeteras
2234 401 2420 443 omnes
2442 387 2651 442 virtutis
2676 401 2851 458 partes
2878 394 3149 460 procedet.
3192 393 3265 453 Ut
3311 399 3470 468 igitur

1891 475 2162 544 pulchram
2197 477 2333 533 hanc
2361 479 2638 534 scientiam
2665 482 3022 551 adipiscamur
3046 528 3060 549 ,
3090 487 3295 543 liberali
3324 505 3355 543 a
3386 506 3472 546 rc-

1889 564 1985 617 bus
2010 565 2163 621 ﬂuxis
2184 569 2452 636 omnibus,
2478 585 2596 640 quae
2617 587 2860 642 magnam
2886 576 2936 629 in
2960 578 3114 632 nobis
3140 581 3469 636 succendunt

1890 655 2176 722 ﬂammam,
2199 667 2253 713 et
2281 660 2535 715 vilitatem
2569 674 2802 718 nostram
2832 677 3010 722 notam
3041 669 3319 736 habentes,
3353 688 3466 727 om-

1888 763 2008 803 nem
2035 749 2378 808 exhibeamus
2401 754 2752 812 humilitatem
2780 769 2938 829 atque
2965 761 3379 832 philosophiam,
3409 776 3470 820 ut

1887 849 1941 893 et
1973 843 2254 909 praesentia
2285 852 2339 898 et
2367 845 2540 901 futura
2571 847 2708 902 bona
2739 863 3164 920 consequamur,
3204 856 3372 926 gratia
3415 868 3470 911 et

1886 932 2248 988 misericordia
2279 936 2484 992 Domini
2511 941 2676 994 nostri
2702 939 2830 996 .lesu
2856 941 3052 997 Christi
3078 987 3092 1010 ,
3121 946 3332 1014 quicum
3364 949 3466 1002 Pa-

1888 1024 1950 1077 tri
1977 1025 2168 1094 gloria,
2203 1027 2504 1097 imperium,
2535 1030 2728 1099 honor,
2751 1048 2871 1088 cum
2900 1047 3106 1101 sancto,
3139 1037 3280 1092 bono
3308 1048 3361 1092 et
3385 1040 3468 1093 vi-

1885 1116 2040 1172 vitieo
2065 1119 2284 1188 Spiritu,
2311 1138 2451 1178 nune
2491 1132 2545 1178 et
2590 1140 2804 1196 semper
2845 1135 2894 1183 et
2939 1129 2990 1182 in
3027 1131 3216 1185 saecula
3245 1133 3470 1188 sacculo-

1885 1224 2024 1263 rutu.
2053 1211 2242 1266 Amen.

1283 1439 1635 1504 HOMILIA
1679 1444 1914 1508 XXVI.
1960 1447 2044 1509 aI.
2087 1447 2357 1510 XXVII.

189 1607 319 1661 CAP.
350 1603 404 1658 8.
429 1619 482 1656 v.
511 1601 566 1657 5.
618 1598 742 1654 Cum
785 1607 950 1652 autem
986 1598 1238 1666 ingressus
1271 1603 1396 1649 esset
1434 1592 1773 1663 Capernaum,

263 1696 474 1751 accessit
508 1693 576 1747 ad
613 1709 728 1746 eum
758 1690 1002 1753 centurio,
1034 1704 1219 1758 rogans
1247 1703 1380 1752 eum,
1405 1687 1458 1739 6.
1484 1694 1532 1738 et
1563 1685 1732 1739 dicens
1757 1701 1775 1739 .'

262 1789 500 1852 Domine,
524 1801 648 1856 puer
675 1799 815 1837 meus
828 1783 964 1852 jacet
986 1782 1039 1834 in
1057 1781 1205 1834 domo
1221 1779 1553 1850 paralyticus,
1579 1787 1623 1832 et
1647 1778 1778 1832 male

262 1890 542 1935 torquetur.

262 1897 341 1935 ιοτ
411 1897 542 1933 amr.

261 1973 313 2027 Ι.
341 1897 616 2039 gprosus
642 1965 882 2035 quidem,
914 1977 1035 2017 cum
1072 1960 1433 2017 descendisset
1461 1959 1529 2014 de
1558 1968 1736 2015 monte
1756 2001 1773 2026 ,

187 2062 416 2118 accessit
447 2080 461 2116 :
492 2059 581 2113 hic
622 2071 750 2112 vero
792 2055 1034 2110 centurio
1057 2095 1071 2119 ,
1114 2062 1390 2123 postquam
1436 2052 1685 2106 intrasset
1723 2051 1774 2104 in

188 2156 547 2224 Capernaum.
577 2150 684 2205 Cur
720 2162 846 2216 ergo
869 2187 884 2210 ,
917 2160 1089 2215 neque
1117 2144 1202 2199 hic
1228 2159 1400 2214 neque
1430 2143 1518 2198 ille
1548 2143 1601 2197 in
1623 2157 1776 2197 mon-

191 2256 296 2298 tem
334 2239 714 2298 accesserunt?
759 2238 875 2292 Non
918 2237 988 2290 ob
1036 2235 1313 2305 segnitiem
1345 2250 1358 2286 :
1389 2247 1509 2286 nam
1550 2241 1775 2301 uterque

190 2334 295 2389 ﬁde
319 2331 542 2388 ardebat
562 2332 613 2396 ¹;
645 2328 738 2384 sed
761 2343 827 2383 ne
851 2327 1130 2381 docentem
1161 2324 1583 2394 interpellarent.
1607 2325 1776 2378 Acce-

186 2427 320 2481 dens
349 2433 532 2479 autem
557 2422 690 2476 dixit
717 2437 730 2474 :
761 2419 898 2473 Puer
928 2435 1068 2471 meus
1093 2419 1231 2487 jacet
1260 2418 1311 2470 in
1343 2419 1492 2470 domo
1519 2415 1772 2485 paralyti-

187 2536 300 2584 cus,
318 2527 368 2572 et
390 2517 522 2570 male
545 2523 820 2585 torquetur.
846 2511 1070 2578 Quidam
1097 2512 1279 2563 dicttnt
1299 2525 1442 2574 eum,
1468 2519 1524 2562 ut
1551 2523 1669 2562 sese
1689 2524 1775 2562 ex-

185 2620 422 2675 cusaret,
468 2624 682 2665 causam
729 2606 946 2670 dixisse,
992 2620 1087 2660 cur
1126 2619 1246 2658 eum
1296 2619 1398 2656 non
1441 2602 1768 2656 adduxisset.

187 2702 302 2757 Non
325 2702 470 2756 enim
497 2708 724 2768 poterat,
754 2697 1014 2767 inquiunt,
1037 2695 1354 2764 paralyticus
1375 2693 1460 2762 qni
1494 2693 1775 2762 torqueba-

189 2807 304 2860 tur,
339 2803 393 2848 et
424 2801 721 2848 extremum
747 2791 856 2858 jam
885 2788 1098 2844 efﬂabat
1125 2787 1344 2841 halitum
1380 2786 1597 2856 gestari.
1638 2784 1768 2838 Nam

186 2903 307 2942 eum
326 2887 436 2956 jam
471 2886 521 2939 in
549 2884 802 2940 extremis
834 2883 994 2937 fuisse
1019 2890 1200 2935 narrat
1227 2881 1294 2934 ita
1324 2879 1494 2933 Lucas
1525 2896 1536 2930 :
1573 2878 1636 2931 Et
1663 2893 1772 2931 mo-

186 2983 380 3034 riturus
409 2989 517 3033 erat
543 2977 693 3049 (Luc.
724 2977 774 3029 7.
803 2973 877 3048 2).
911 2975 1022 3045 Ego
1044 2988 1170 3028 vero
1197 2972 1246 3026 id
1275 2980 1398 3042 puto
1424 2972 1630 3041 signum
1652 2983 1773 3024 esse

187 3087 394 3141 magnae
423 3070 564 3124 illius
593 3069 736 3132 lidei,
764 3076 818 3145 et
841 3066 1008 3120 multo
1036 3064 1274 3134 majoris,
1293 3077 1450 3132 quam
1473 3076 1658 3116 eorum
1681 3059 1772 3130 qui

190 3179 282 3232 per
307 3173 509 3218 tectum
535 3159 860 3216 demiserunt
885 3158 1074 3229 (Marc.
1098 3156 1151 3210 2.
1177 3157 1254 3224 4).
1282 3154 1415 3221 Quia
1441 3153 1584 3209 enim
1605 3152 1771 3223 probe

189 3254 392 3310 sciebat
412 3253 529 3307 solo
553 3251 758 3310 Domini
783 3258 1047 3320 praecepto
1063 3249 1326 3317 jacentem
1349 3261 1568 3316 surgere
1588 3259 1767 3314 posse,

190 3345 519 3418 superﬂuum
549 3344 765 3414 putabat
793 3358 910 3398 esse
937 3343 1111 3409 ipsum
1140 3341 1425 3395 adducere.
1452 3338 1587 3405 Quid
1615 3337 1772 3406 igitur

190 3442 382 3500 Iesus?
424 3438 578 3506 Quod
624 3453 882 3507 nusquam
915 3437 1142 3502 fecerat,
1175 3435 1259 3489 hic
1296 3433 1436 3488 fecit.
1471 3433 1598 3487 Cum
1625 3431 1770 3486 enim

195 3534 384 3601 ubique
411 3531 820 3602 supplicantium
845 3530 1171 3584 voluntatem
1201 3535 1530 3596 sequeretur,
1553 3524 1638 3577 hic
1657 3537 1772 3593 ριόο

191 3626 326 3688 silit,
356 3639 454 3678 nec
491 3638 548 3677 se
576 3632 882 3676 curaturum
913 3630 1114 3674 tantum
1137 3661 1152 3684 ,
1186 3618 1280 3674 sed
1310 3619 1524 3672 domum
1559 3628 1770 3686 quoque

194 3730 468 3775 venturum
499 3719 792 3788 pollicetur.
827 3717 877 3770 Id
908 3732 1034 3770 vero
1059 3716 1199 3780 facit,
1225 3723 1284 3768 ut
1310 3711 1636 3767 centurionis
1664 3710 1769 3762 vir-

194 3820 356 3865 tutem
383 3811 670 3864 discamus.
694 3808 804 3862 Nisi
831 3807 973 3866 enim
999 3807 1098 3860 hoc
1125 3803 1472 3875 promisisset,
1495 3801 1590 3857 sed
1608 3800 1770 3855 dixis-

192 3913 286 3964 set,
325 3901 493 3962 \'ade,
521 3909 735 3952 sanetur
762 3914 892 3968 puer
923 3906 1042 3950 tuus
1075 3913 1088 3948 :
1120 3895 1244 3948 nihil
1271 3898 1455 3948 horum
1487 3905 1770 3961 Cognosce-

191 4006 389 4047 remus.
425 3989 655 4057 ldipsum
691 3988 846 4041 etiam
876 4002 998 4056 erga
1030 3983 1358 4040 Pluenissam
1385 3982 1659 4036 mulierem
1689 3979 1765 4034 fe-

190 4085 277 4142 cit,
309 4079 409 4134 etsi
454 4080 720 4132 contrario
769 4078 926 4131 modo
973 4075 1180 4150 (Marc.
1224 4077 1274 4128 7.
1314 4075 1400 4129 26.
1454 4073 1622 4146 sqq.).
1672 4071 1768 4126 Hic

189 4173 326 4227 enim
355 4179 693 4226 nec'vocatus
717 4169 766 4222 iu
788 4167 1026 4232 domum,
1049 4181 1107 4221 se
1133 4182 1251 4221 esse
1278 4175 1553 4220 venturum
1580 4175 1767 4234 sponte

188 4264 331 4324 dicit.
361 4271 417 4317 ut
439 4263 612 4316 discas
633 4259 958 4314 centurionis
979 4258 1136 4312 Iidem
1162 4257 1484 4326 multamque
1510 4256 1769 4310 humilita-

191 4368 335 4412 tem:
367 4356 420 4410 iu
453 4354 725 4408 thnissa
767 4367 893 4406 vero
931 4350 1128 4405 donum
1171 4351 1436 4420 denrgat,
1492 4349 1766 4418 ipsamque

189 4456 620 4516 perseverantem
652 4445 704 4498 in
734 4442 952 4496 dubium
972 4441 1204 4511 conjicit.
1231 4439 1362 4494 Nam
1389 4455 1507 4492 cum
1531 4454 1688 4508 sagax
1713 4447 1768 4493 et

189 4539 389 4605 peritus
416 4536 484 4590 sit
513 4535 768 4597 medicus,
788 4533 1051 4590 contraria
1073 4533 1355 4613 contrariis
1382 4534 1576 4588 elicere
1599 4533 1764 4588 novit.

191 4629 255 4683 Et
284 4629 372 4682 hic
400 4627 613 4698 quidem
641 4641 733 4696 per
761 4635 1111 4696 spontaneum
1141 4625 1424 4681 adventum
1450 4669 1464 4692 ,
1499 4627 1607 4680 illic
1635 4641 1766 4680 vero

191 4737 282 4788 per
304 4719 608 4773 diuturnam
637 4717 965 4779 dilationem.
988 4724 1042 4771 et
1059 4717 1322 4786 repulsam
1349 4717 1504 4772 tidem
1529 4717 1766 4771 mulieris

187 4813 377 4882 aperit.
403 4811 490 4867 Sic
511 4811 673 4865 etiam
692 4824 815 4880 erga
843 4808 1204 4864 Abrahamnm
1227 4808 1346 4864 fecit
1377 4809 1562 4864 dicens
1596 4827 1608 4862 :
1645 4807 1767 4862 Non

189 4905 354 4959 relabo
375 4920 590 4976 puerum
611 4919 774 4956 meum
793 4901 1047 4955 Abraham
1074 4901 1224 4972 (Gen.
1250 4903 1336 4957 18.
1361 4903 1452 4974 I7)
1475 4921 1487 4956 :
1513 4911 1570 4957 ιιι
1592 4903 1766 4959 discas

191 4996 328 5050 illius
351 5011 586 5049 amorem
608 5036 624 5059 ,
653 5001 708 5048 ct
730 5003 979 5064 quantam
1008 4993 1076 5048 de
1101 4993 1350 5049 Sodomis
1378 4995 1762 5064 providentiam

188 5094 415 5155 gereret.
449 5086 514 5140 Et
532 5085 621 5155 qui
644 5085 708 5138 ad
735 5084 923 5139 Lutum
945 5084 1091 5139 missi
1115 5093 1287 5151 erant,
1317 5085 1519 5155 ingredi
1549 5087 1764 5141 domum

190 5179 238 5248 ei
255 5194 308 5235 is
339 5179 563 5242 nolunt,‘
583 5185 639 5230 ut
661 5176 787 5245 justi
815 5175 1230 5245 hospitalitatem
1261 5176 1550 5232 ediscercs.

259 5269 578 5324 Centurionis
601 5269 744 5337 ﬁdes.
765 5299 835 5308 —
854 5268 990 5336 Quid
1015 5269 1172 5340 igitur
1186 5271 1259 5324 ait
1279 5272 1554 5326 centurio?
1579 5272 1630 5327 8.
1659 5270 1768 5326 Do-

190 5364 341 5427 mine,
365 5379 467 5416 non
494 5379 606 5414 sum
627 5362 829 5432 dignus,
857 5370 912 5414 ut
938 5363 1090 5416 intres
1118 5363 1210 5416 sub
1235 5371 1415 5417 tectum
1445 5380 1626 5418 meum.
1659 5368 1766 5418 Au-

190 5455 397 5507 diamus
439 5459 700 5521 quotquot
742 5451 986 5506 volumus
1043 5451 1316 5507 Christum
1376 5455 1658 5525 excipere,
1706 5462 1766 5509 ut

193 5559 331 5600 nunc
369 5545 532 5598 etiam
571 5557 873 5612 possumus.
925 5543 1217 5600 Audiamus
1254 5554 1308 5601 et
1355 5546 1656 5616 imitemur,
1703 5561 1766 5603 ac

260 5701 277 5733 ο
309 5699 526 5762 quitiam,
545 5697 768 5765 utrinque
791 5709 921 5752 recta
945 5702 1082 5768 ﬁdes.

1883 1611 2004 1651 cum
2034 1600 2144 1669 pari
2176 1600 2324 1656 illum
2349 1605 2562 1661 studio‘
2591 1611 2913 1681 excipiamus
2943 1634 2955 1670 :
2988 1631 3106 1672 cum
3145 1620 3286 1674 enim
3331 1637 3464 1692 pau-

1884 1705 2063 1759 perem
2081 1732 2094 1753 .
2125 1695 2446 1751 esurientem
2470 1709 2522 1754 et
2551 1703 2751 1757 nudum
2778 1707 2981 1776 excipis
2999 1749 3014 1772 ,
3047 1710 3191 1765 illum
3218 1721 3272 1767 et
3301 1729 3462 1768 exce-

1883 1783 2008 1852 pisti
2035 1793 2088 1838 ct
2115 1788 2314 1841 aluisti.
2345 1789 2451 1844 Sed
2475 1803 2667 1848 tantum
2690 1797 2771 1850 dic
2796 1801 2960 1862 verba,
2984 1811 3032 1855 et
3055 1806 3316 1860 sanabitur
3341 1824 3464 1876 puer

1883 1890 2024 1929 meus
2091 1877 2223 1933 Vide
2248 1883 2614 1940 centurionem
2647 1888 2865 1955 perinde
2889 1902 3047 1962 atque
3075 1895 3341 1963 leprosum
3369 1915 3462 1954 ve-

1881 1983 1994 2021 ram
2023 1968 2090 2024 de
2117 1970 2326 2026 Christo
2353 1974 2598 2031 habuisse
2620 1980 2944 2049 opinionem.
2977 1984 3104 2038 Nam
3127 1996 3181 2041 et
3202 1988 3314 2057 ipse
3334 2006 3464 2057 quo-

1881 2073 1985 2148 que
2033 2075 2138 2114 non
2181 2063 2334 2127 dixit,
2372 2065 2549 2136 Roga;
2591 2084 2695 2122 non
2725 2071 2877 2138 dixit,
2913 2073 3155 2140 Precare,
3191 2079 3461 2148 supplic-st;

1881 2147 1973 2202 sed
1999 2150 2191 2215 solum,
2219 2152 2444 2222 Impera.
2471 2157 2673 2214 Deinde
2701 2160 2917 2225 timens,
2942 2180 3008 2218 ne
3031 2181 3125 2234 per
3151 2147 3463 2223 modestiam

1881 2251 2150 2304 renuerct,
2181 2242 2312 2297 dixit
2343 2263 2355 2297 :
2385 2245 2437 2301 9.
2471 2246 2608 2302 Nam
2630 2261 2676 2304 et
2701 2269 2791 2322 ego
2813 2254 2961 2308 homo
2981 2273 3092 2310 sum
3112 2258 3200 2313 sub
3223 2269 3465 2331 potestate

1881 2332 2204 2398 constitutus,
2235 2335 2420 2390 habens
2440 2341 2529 2391 sub
2559 2356 2639 2394 me
2663 2343 2883 2409 milites;
2913 2355 2958 2399 et
2983 2347 3096 2401 dico
3125 2350 3258 2412 huic,
3299 2351 3459 2418 Vade,

1880 2431 1926 2475 et
1951 2424 2085 2476 vadit
2110 2441 2129 2477 :
2154 2435 2201 2478 et
2230 2428 2338 2492 alii,
2376 2429 2516 2497 Veni,
2545 2441 2593 2486 et
2620 2437 2751 2488 venit
2779 2456 2795 2488 :
2820 2448 2866 2490 et
2891 2455 3030 2493 servo
3057 2459 3184 2507 meo,
3212 2443 3320 2497 Fac
3340 2447 3456 2511 hac,

1881 2523 1927 2567 et
1957 2516 2099 2583 facit.
2135 2517 2201 2571 Et
2229 2520 2354 2589 quid
2380 2523 2520 2586 inde,
2541 2525 2768 2597 inquies,
2788 2530 2832 2584 si
2856 2534 3092 2586 centurio
3118 2536 3195 2590 sic
3221 2538 3462 2605 suspica-

1884 2613 1967 2659 tus
1993 2607 2096 2660 sit?
2123 2607 2252 2663 Nam
2282 2610 2332 2665 id
2363 2613 2639 2681 qumritur,
2672 2618 2716 2671 si
2751 2619 2848 2673 hoc
2876 2619 3117 2676 Christus
3147 2627 3458 2692 protulerit,

1881 2703 1935 2748 ct
1959 2698 2368 2754 conﬁrmaverit.
2400 2702 2629 2760 Pulchre
2656 2717 2711 2761 et
2737 2709 3020 2766 admodum
3052 2715 3342 2782 prudenter
3374 2719 3460 2772 di-

1879 2785 1978 2841 cis.
2019 2789 2159 2858 Ergo
2189 2789 2290 2846 hoc
2319 2793 2489 2862 ipsum
2520 2797 2794 2854 videamus
2823 2818 2836 2854 :
2870 2817 2991 2856 nam
3021 2804 3350 2862 inveniemus
3377 2809 3460 2862 id-

1881 2881 2050 2949 ipsum
2078 2883 2219 2952 quod
2249 2885 2302 2939 in
2331 2887 2540 2956 leproso
2567 2889 2654 2946 hic
2689 2892 2885 2948 factum
2921 2911 3060 2951 esse.
3105 2897 3461 2966 Quemadmo-

1878 2971 2003 3028 dum
2031 2975 2171 3030 enim
2198 2978 2442 3047 leprosus
2464 3024 2479 3046 ,
2511 2982 2572 3038 Si
2609 2985 2680 3038 vis
2699 3026 2714 3051 ,
2755 2986 2888 3041 dixit
2917 2990 3123 3060 (neque
3153 3007 3218 3047 ex
3248 2994 3460 3064 leproso

1878 3072 2081 3120 tantum
2122 3069 2466 3127 confirmatur
2506 3073 2698 3130 Christi
2746 3080 2977 3146 potentia
3002 3122 3016 3146 ,
3060 3082 3155 3137 sed
3193 3085 3353 3140 etiam
3392 3103 3459 3142 ex

1877 3153 2074 3212 Christi
2105 3175 2234 3216 voce
2268 3179 2281 3216 :
2311 3179 2416 3218 non
2460 3165 2620 3221 modo
2659 3168 2801 3223 enim
2841 3170 2956 3240 ejus
2997 3174 3301 3242 Opinionem
3351 3193 3456 3233 non

1880 3249 2152 3318 refutavit,
2179 3253 2272 3308 sed
2303 3255 2461 3310 etiam
2491 3259 2846 3328 conﬁrmavit,
2873 3278 2993 3318 cum
3027 3265 3078 3319 id
3106 3267 3247 3336 quod
3271 3285 3458 3339 super-

1878 3343 2042 3397 ﬂuum
2066 3345 2342 3401 videbatur
2360 3363 2479 3404 esse
2503 3350 2714 3420 adjecit,
2743 3362 2796 3408 et
2825 3355 2980 3423 dixit,
3015 3355 3160 3424 γοιο,
3189 3361 3454 3428 mundare,

1878 3443 1932 3489 ut
1961 3437 2074 3506 ejus
2102 3441 2419 3494 sententiam
2451 3442 2726 3515 ﬁrmaret.)
2763 3468 2774 3502 :
2803 3447 2882 3502 sic
2908 3457 2961 3502 et
2991 3449 3091 3506 hoc
3119 3452 3236 3507 loco
3267 3455 3456 3524 explo-

1875 3527 2100 3580 randum
2126 3540 2246 3596 est,
2279 3547 2403 3585 num
2433 3533 2556 3601 quid
2584 3535 2755 3591 simile
2786 3538 2977 3594 factum
3004 3542 3071 3594 sit
3104 3557 3118 3595 :
3152 3558 3271 3597 nam
3303 3544 3455 3601 inve-

1879 3617 2088 3673 niemus
2117 3620 2344 3690 idipsum
2374 3622 2459 3678 hic
2482 3625 2755 3682 accidisse.
2785 3629 2915 3684 Cum
2939 3633 3080 3686 enim
3108 3636 3349 3689 centurio
3373 3644 3452 3690 ta-

1876 3711 1943 3765 lia
1971 3712 2210 3779 dixisset,
2241 3726 2294 3770 et
2320 3725 2478 3771 tanta:
2510 3723 2753 3787 potestati
2788 3725 3146 3781 testim0nium
3172 3728 3447 3797 dedisset,

1877 3820 1982 3860 non
2010 3807 2172 3861 modo
2202 3824 2306 3864 non
2339 3809 2714 3879 reprehendit,
2753 3815 2846 3869 sed
2883 3824 2937 3870 et
2963 3817 3310 3886 approbavit,
3343 3820 3454 3876 imo

1875 3898 2102 3968 amplius
2131 3901 2400 3970 quidpiam
2432 3903 2571 3956 fecit.
2603 3902 2787 3974 Neque
2823 3906 2993 3961 solum
3025 3909 3158 3963 dixit
3183 3912 3452 3981 evangeli-

1875 3997 1976 4052 sta,
2007 3989 2277 4045 Christum
2310 3993 2425 4060 ejns
2448 3993 2588 4048 dicta
2620 3994 2896 4062 laudasse;
2923 3999 3018 4054 sed
3047 4009 3101 4054 et
3125 4001 3295 4057 laudis
3323 4005 3452 4058 sub-

1875 4080 2152 4137 limitatem
2183 4081 2423 4138 indicans
2447 4085 2598 4150 dixit,
2621 4101 2742 4141 eum
2767 4088 3084 4145 admiratum
3116 4106 3256 4158 esse,
3284 4109 3455 4165 neque

1877 4184 2078 4229 tantum
2100 4175 2417 4231 admiratum
2448 4193 2586 4246 esse,
2608 4180 2699 4234 sed
2722 4182 2880 4236 etiatn
2903 4184 3046 4237 omni
3072 4195 3334 4254 praesente
3359 4203 3456 4256 po-

1865 4269 2019 4342 pulo,
2051 4269 2170 4322 aliis
2198 4271 2498 4338 exemplum
2531 4270 2744 4326 dedisse
2767 4314 2781 4334 ,
2818 4283 2872 4327 ut
2906 4273 3055 4328 illum
3095 4276 3449 4332 imitarentur.

1875 4359 2062 4414 Viden‘
2097 4359 2369 4428 quomodo
2393 4360 2583 4430 singuli
2612 4361 2703 4430 qui
2741 4362 3160 4419 testiﬁcabantur
3187 4367 3284 4436 ipsi
3312 4409 3326 4433 ,
3357 4384 3455 4439 pu-

1874 4452 2092 4506 tentiam
2139 4451 2304 4520 ipsius
2349 4452 2710 4506 mirabantur?
2753 4454 2818 4509 Et
2859 4456 3141 4526 stupebant
3181 4460 3348 4516 turba:
3385 4462 3454 4518 de

1872 4541 2112 4594 doctrina
2148 4541 2284 4608 ejus,
2326 4544 2445 4612 quia
2489 4552 2755 4614 tamquam
2785 4555 3098 4616 potestatem
3125 4551 3454 4617 habens‘do-

1803 4694 1810 4702 _
1873 4633 2058 4697 cebat;
2093 4648 2190 4688 nec
2209 4635 2379 4689 solum
2409 4651 2512 4690 non
2541 4638 2907 4706 reprehendit,
2931 4643 3023 4697 sed
3046 4645 3204 4699 etiam
3227 4661 3348 4701 cum
3375 4649 3455 4704 eis

1876 4723 1943 4779 de
1974 4733 2156 4781 monte
2183 4725 2480 4794 descendit,
2507 4743 2570 4783 ac
2599 4730 2811 4800 leproso
2840 4734 3113 4799 mandato,
3147 4737 3359 4796 illorum
3384 4739 3454 4796 de

1873 4832 1932 4873 se
1960 4817 2264 4886 opinionem
2293 4817 2538 4873 ﬁrmavit.
2571 4820 2784 4876 Dicebat
2825 4822 2946 4887 ille,
2978 4824 3040 4879 Si
3077 4826 3179 4892 vis,
3210 4838 3350 4897 potes
3375 4847 3455 4884 nte

1872 4909 2156 4973 mundare;
2199 4925 2298 4964 nec
2324 4910 2483 4965 modo
2511 4911 2654 4966 illum
2685 4929 2790 4968 non
2818 4916 3143 4984 increpavit,
3173 4919 3264 4972 sed
3289 4917 3454 4974 etiam

1875 5011 1931 5054 ut
1961 5002 2073 5070 ipse
2098 5002 2321 5067 dixerat,
2355 5003 2432 5056 sic
2458 5003 2546 5058 ille
2573 5006 2794 5059 curavit.
2825 5005 3054 5061 Rursum
3081 5006 3168 5062 hic
3195 5017 3448 5063 centena-

1825 5158 1829 5162 .
1874 5094 1983 5148 rius
2012 5093 2222 5148 dicebat
2245 5112 2258 5146 :
2283 5093 2378 5147 llic
2399 5093 2543 5148 verba
2566 5104 2836 5162 tantum,et
2855 5096 3112 5150 sanabitur
3130 5113 3256 5167 puer
3275 5116 3452 5155 meus:

1873 5194 1927 5240 et
1954 5184 2222 5239 admirans
2249 5185 2420 5254 ipsum
2442 5185 2652 5240 diccbat
2683 5203 2695 5238 :
2726 5185 2811 5239 l0.
2843 5184 2962 5239 Non
2992 5186 3156 5241 inveni
3174 5198 3367 5243 tantam
3391 5192 3454 5260 ﬁ-

1874 5278 1986 5334 dem
2016 5278 2068 5331 in
2097 5276 2282 5332 Israel.

1943 5370 1998 5424 2.
2032 5369 2100 5424 Ut
2121 5379 2294 5423 autem
2319 5367 2588 5422 contrario
2614 5367 2857 5438 exemplo
2884 5368 3009 5424 illud
3035 5371 3242 5427 ediscas
3273 5391 3286 5428 :
3313 5390 3448 5444 quo-

1873 5462 2015 5517 niam
2056 5458 2257 5513 Martba
2302 5457 2432 5512 nihil
2473 5457 2660 5512 horum
2695 5459 2921 5526 dixerat,
2970 5461 3062 5516 sed
3102 5464 3450 5530 contrarium,

1878 5549 2241 5620 Quodcumque
2282 5548 2566 5619 poposceris
2604 5565 2637 5602 a
2678 5548 2807 5616 Deo,
2846 5551 2984 5606 dabit
3019 5551 3106 5608 tibi
3141 5552 3318 5626 (Joan.
3361 5555 3450 5610 II.

1939 5709 1957 5742 ι
1990 5704 2185 5769 Quidam
2206 5703 2408 5767 habent,
2429 5701 2549 5769 ﬁde,
2571 5717 2676 5769 pro,
2699 5704 2876 5758 studio.
