3868 6182
430 218 538 277 835

427 331 561 400 2%):
591 343 697 384 non
727 323 886 382 modo
911 339 1016 380 non
1046 323 1255 379 laudata
1280 330 1385 389 est,
1411 320 1620 377 etiamsi
1647 329 1770 376 nota
1795 321 2010 376 Christo

430 429 575 478 esset
598 419 666 476 ab
685 435 856 490 eoque
889 417 1217 489 diligeretur,
1255 426 1309 470 et
1343 415 1454 484 ipsa
1484 414 1770 469 admodum
1813 414 2015 470 coleret

429 529 588 573 eum:
619 511 713 568 sed
739 512 898 567 etiam
927 509 995 564 ab
1041 491 1157 580 ipso
1199 508 1480 563 emendata
1524 506 1703 560 fuitut
1744 521 1863 575 qua:
1905 520 2014 560 non

433 605 568 659 bene
599 603 840 658 dixisset.
868 597 999 654 Nam
1026 597 1240 653 dicebat
1267 596 1342 650 illi
1373 613 1386 646 ε
1416 595 1602 650 Nonne
1630 595 1850 649 dicebam
1878 594 1965 647 tibi
1993 608 2015 649 :

412 693 494 748 Si
517 691 812 755 credideris,
845 689 1028 743 videbis
1059 688 1274 759 gloriam
1308 685 1404 740 Dei
1435 685 1613 756 (Joan.
1641 686 1726 740 ll.
1760 684 1895 755 40)?
1936 685 2015 738 sic

431 785 576 840 illam
627 781 1024 853 reprehendens
1069 779 1211 850 quod
1262 777 1497 832 nondum
1542 775 1877 832 credidisset.
1934 775 2014 831 Ac

433 891 641 931 rursum
667 875 786 944 quia
817 872 1026 929 dicebat
1057 891 1072 928 :
1102 871 1440 938 Quacumque
1469 870 1667 938 petieris
1694 886 1727 922 a
1759 868 1884 934 Deo,
1915 869 2011 922 da-

429 969 500 1022 bit
529 969 616 1022 tibi
648 965 782 1023 Deus
815 984 833 1021 :
857 967 1000 1022 illam
1029 981 1060 1021 a
1091 965 1180 1020 tali
1209 964 1461 1034 opinione
1488 964 1757 1018 abducens
1783 962 2012 1019 docens-

430 1075 554 1129 que,
585 1058 684 1112 sibi
712 1074 815 1113 non
843 1072 976 1128 opus
1001 1072 1122 1112 esse
1149 1063 1207 1110 ut
1231 1055 1298 1111 ab
1324 1055 1428 1109 alio
1454 1055 1740 1124 acciperet,
1771 1054 1864 1108 sed
1895 1068 2014 1111 esse

431 1165 492 1204 se
522 1150 779 1205 bonorum
825 1147 1045 1212 fontem,
1095 1146 1271 1201 dixit:
1304 1145 1412 1216 Ego
1461 1161 1572 1199 sum
1623 1145 1920 1199 resurrectio
1967 1154 2014 1199 et

430 1241 534 1295 vita
565 1240 724 1310 (Ibid.
751 1256 798 1294 υ.
833 1238 948 1309 25).
991 1238 1042 1292 ld
1070 1246 1171 1302 est,
1209 1237 1324 1292 Non
1370 1235 1437 1291 ab
1478 1237 1584 1290 alio
1611 1235 1865 1304 operandi
1904 1236 2012 1291 vim

431 1339 710 1399 cXSpecto,
737 1330 831 1385 sed
861 1345 926 1384 ex
955 1329 1160 1397 meipso
1184 1328 1360 1382 omnia
1390 1327 1546 1382 facio.
1575 1326 1859 1395 Propterea
1886 1341 2014 1382 cen-

431 1421 698 1475 turionem
745 1420 987 1485 miratur,
1021 1419 1219 1488 totique
1269 1419 1463 1487 populo
1502 1417 1671 1487 ipsum
1712 1419 2011 1488 anteponit,

431 1513 577 1583 regni
606 1512 808 1567 honore
829 1511 1009 1574 donat,
1038 1512 1277 1581 aliosque
1301 1510 1366 1565 ad
1394 1526 1515 1565 eum
1550 1509 1864 1564 imitandum
1885 1525 2012 1578 pro—

429 1615 601 1660 vocat.
630 1602 698 1659 Ut
717 1617 844 1658 vero
869 1603 1045 1658 discas
1075 1603 1245 1672 ipsum
1279 1602 1397 1656 ideo
1422 1602 1535 1655 lucc
1567 1600 1788 1667 dixisse,
1826 1611 1882 1654 ut
1908 1615 2016 1655 cae-

431 1709 574 1751 teros
598 1695 664 1748 ad
691 1693 848 1749 ﬁdem
875 1693 1100 1749 similem
1147 1693 1466 1754 institueret,
1506 1691 1628 1746 audi
1675 1691 2013 1760 evangelista!

427 1788 775 1859 diligentiam,
820 1787 1087 1857 quomodo
1127 1801 1319 1856 nempe
1369 1784 1594 1854 idipsum
1639 1785 2012 1840 suliindicave—

429 1881 541 1934 rit:
573 1895 694 1934 nam
727 1879 821 1944 ait,
862 1879 1141 1933 Conversus
1177 1877 1349 1940 Jesus,
1397 1876 1713 1946 sequentibus
1749 1893 1802 1930 se
1839 1876 2013 1931 dixit:

429 1974 742 2030 Noninveni
787 1983 979 2028 tantam
1026 1973 1180 2043 ﬁdem
1222 1973 1274 2026 in
1314 1971 1495 2026 Israel.
1535 1971 1676 2042 Ergo
1715 1986 1904 2042 magna
1945 1970 2014 2027 de

444 2063 884 2135 illoexistimare,
908 2067 960 2121 id
981 2067 1220 2123 maxime
1239 2066 1362 2123 ﬁdei
1377 2075 1479 2132 est,
1496 2081 1832 2138 regnumque
1857 2067 2018 2121 caelo-

429 2175 548 2212 rum
601 2167 655 2213 et
680 2157 783 2213 alia
833 2156 971 2212 bona
1017 2155 1286 2211 conciliat.
1331 2154 1512 2225 Neque
1541 2155 1684 2209 enim
1727 2153 2012 2208 verborum

429 2260 584 2305 tenus
621 2251 792 2319 ipsum
821 2248 1071 2314 laudavit,
1102 2246 1197 2303 sed
1235 2255 1448 2316 pr0pter
1475 2245 1631 2301 ﬁdem
1657 2245 1774 2315 ejus
1811 2261 2012 2316 aegrum

429 2342 530 2410 ipsi
560 2355 746 2396 sanum
776 2326 1028 2406 rcsutuit,
1063 2336 1500 2408 splendidamque
1537 2335 1636 2406 ipsi
1668 2337 1833 2391 nectit
1857 2351 2014 2391 coro-

327 2492 334 2496 .
429 2451 574 2500 nam,
601 2450 664 2489 ac
687 2449 872 2504 magna
900 2431 1160 2502 promittit
1183 2427 1321 2485 dona
1353 2429 1437 2484 his
1469 2428 1687 2484 verbis:
1719 2429 1806 2483 ll.
1857 2427 2014 2482 Multi

439 2527 504 2578 ab
530 2527 728 2579 oriente
764 2535 812 2578 et
853 2525 1120 2578 occidente
1152 2525 1375 2590 venient,
1408 2536 1458 2581 et
1491 2527 1861 2580 recumbentin
1895 2529 2016 2579 sinu

436 2618 703 2674 Abraham
719 2619 736 2649 ¹
749 2626 797 2672 et
813 2617 970 2673 Isaac
983 2628 1033 2672 et
1045 2616 1079 2671 .1
1084 2619 1234 2672 acab:
1252 2617 1320 2672 12
1330 2618 1433 2686 ﬁlii
1444 2628 1620 2672 autem
1640 2619 1785 2689 regni
1799 2618 2014 2688 ejicien-

423 2720 504 2766 tnr
531 2711 687 2781 foras.
721 2709 854 2780 Quia
881 2711 1023 2766 enim
1053 2710 1217 2765 multa
1247 2709 1556 2765 exhibuerat
1586 2708 1858 2775 miracula,
1888 2723 2009 2762 cum

425 2804 613 2873 majori
640 2804 892 2873 deinceps
921 2800 1115 2859 liducia
1154 2811 1210 2858 et
1249 2801 1495 2858 libertate
1534 2802 1676 2871 ipsos
1700 2801 2006 2871 alloquitur.

424 2895 644 2961 Deinde,
678 2911 745 2952 ne
771 2896 892 2967 quis
922 2903 1129 2965 putaret
1154 2909 1216 2950 se
1247 2909 1314 2950 ex
1343 2893 1646 2949 adulatione
1673 2895 1760 2948 illa
1785 2893 2003 2960 dixisse,

422 2995 586 3056 utque
609 3001 796 3042 omnes
823 2985 1110 3054 discerent,
1135 2985 1226 3041 illo
1251 3000 1376 3040 vere
1411 2985 1590 3040 animo
1635 2985 1795 3040 fuisse
1823 2994 2011 3042 centu-

421 3076 650 3142 rionem,
681 3077 755 3132 ait
781 3093 795 3130 :
820 3078 907 3132 l5.
950 3076 1119 3142 Vade;
1147 3086 1203 3131 ut
1229 3076 1505 3143 credidisti,
1537 3078 1628 3146 ﬁat
1656 3077 1760 3130 tibi.
1790 3077 2010 3132 Statim-

421 3183 527 3238 que
555 3168 727 3238 ipsum
750 3183 885 3238 opus
910 3181 1189 3238 sequutum
1221 3177 1322 3235 est,
1349 3167 1492 3239 quod
1527 3167 1670 3222 illius
1693 3168 1925 3222 animum
1951 3177 2007 3222 et

419 3260 744 3315 voluntatem
776 3261 1169 3316 testiﬁcaretur.
1213 3258 1281 3313 Et
1308 3270 1517 3314 sanatus
1546 3269 1618 3314 est
1644 3276 1770 3330 puer
1805 3261 1915 3332 ejus
1941 3261 2005 3314 ab

420 3351 546 3404 hora
571 3351 680 3406 illa.
711 3351 860 3420 Quod
883 3351 1044 3407 etiam
1072 3353 1123 3406 in
1149 3352 1555 3424 Syrophmnissa
1583 3352 1802 3424 contigit
1839 3371 1852 3408 :
1880 3369 2001 3407 nam

416 3444 551 3499 dixit
575 3444 648 3498 illi
677 3461 690 3500 :
723 3443 769 3498 0
795 3445 994 3506 mulier,
1027 3461 1210 3516 magna
1236 3453 1308 3498 est
1335 3443 1461 3512 ﬁdes
1489 3454 1574 3497 tua
1599 3460 1618 3509 ;
1645 3445 1737 3513 ﬁat
1761 3444 1846 3498 tibi
1872 3445 2004 3501 sicut

417 3538 511 3590 vis.
537 3534 604 3589 Et
630 3545 810 3590 sanata
832 3546 906 3589 est
936 3536 1046 3605 ﬁlia
1071 3539 1180 3606 ejus
1209 3534 1423 3605 (Matth.
1454 3536 1540 3592 15.
1571 3535 1685 3607 28).
1714 3536 1844 3603 Quia
1872 3551 2003 3591 vero

415 3628 584 3684 Lucas
624 3629 776 3699 (Cap.
826 3629 880 3698 7)
925 3628 1024 3685 hoc
1065 3628 1376 3683 miraculum
1422 3644 1662 3693 narrans,
1707 3629 1806 3684 alia
1837 3629 2001 3686 multa

415 3719 621 3784 inserit,
649 3734 768 3789 qua:
808 3719 1057 3776 videntur
1097 3721 1329 3789 aliquam
1366 3719 1558 3775 oll'erre
1595 3719 1950 3776 diﬁ'erontiam
1980 3738 1996 3788 ;

415 3809 529 3864 haec
567 3811 884 3866 excutienda
915 3823 970 3867 et
1011 3812 1266 3867 solvenda
1312 3812 1466 3867 nobis
1507 3822 1648 3867 sunt.
1689 3813 1825 3881 Quid
1869 3830 1997 3885 ergo

413 3900 542 3953 dicit
570 3899 780 3955 Lucas?
807 3901 980 3970 Ipsum
1020 3903 1228 3956 misisse
1262 3902 1504 3957 seniores
1535 3903 1861 3968 Judarorum,
1905 3921 1998 3958 ro-

412 4000 601 4060 gantes
639 4001 698 4045 ut
747 3993 970 4047 veniret.
1027 3993 1306 4048 Matthqu
1351 4009 1480 4049 vero
1531 3995 1603 4048 ait
1652 3996 1995 4051 accedentem

414 4081 588 4150 ipsum
619 4082 834 4149 dixisse,
878 4082 998 4137 Non
1024 4101 1134 4139 sum
1160 4086 1364 4156 dignus.
1395 4085 1619 4152 Quidam
1649 4101 1777 4141 vero
1817 4087 1999 4142 dicunt

414 4187 523 4226 non
548 4186 668 4227 esse
691 4173 938 4228 eumdem
967 4174 1160 4244 ipsum,
1187 4176 1286 4230 etsi
1313 4176 1480 4230 multa
1506 4176 1614 4230 sint
1650 4177 1898 4248 utrinque
1924 4179 1997 4232 si-

412 4264 581 4335 milia.
623 4264 699 4320 De
743 4265 836 4321 illo
879 4283 1106 4338 namque
1134 4267 1265 4324 dicit
1297 4287 1310 4324 :
1343 4269 1671 4342 Synagogam
1699 4272 1842 4326 nobis
1867 4273 1996 4326 ardi-

412 4355 600 4423 ﬁcavit,
644 4365 693 4410 et
721 4367 916 4428 gentem
960 4358 1125 4430 diligit
1153 4357 1301 4430 (Luc.
1348 4361 1401 4415 7.
1442 4363 1536 4432 5);
1570 4362 1636 4418 de
1674 4362 1777 4420 hoc
1816 4375 1994 4420 autent

411 4445 542 4501 dicit
561 4445 718 4502 Jesus
749 4467 762 4502 :
798 4447 973 4518 Neque
1001 4449 1054 4504 in
1091 4449 1258 4505 Israel
1294 4461 1486 4506 tantam
1525 4453 1676 4522 ﬁdem
1705 4455 1889 4509 inveni.
1920 4455 1996 4510 De

411 4535 505 4590 illo
533 4548 711 4592 autem
739 4555 844 4593 non
874 4539 1026 4608 dixit,
1057 4540 1210 4596 Multi
1242 4543 1436 4597 venient
1465 4544 1526 4596 ab
1565 4545 1752 4599 oriente
1782 4547 1824 4611 ',
1855 4546 1996 4602 unde

411 4628 699 4684 verisimile
721 4631 789 4683 sit
823 4631 992 4701 ipsum
1028 4631 1268 4688 Judaeum
1304 4633 1487 4690 fuisse.
1519 4634 1655 4702 Quid
1699 4652 1827 4706 ergo
1852 4636 1998 4692 dice-

411 4722 572 4776 mus?
598 4721 686 4778 Sic
720 4721 931 4778 facilem
959 4738 1079 4779 esse
1106 4725 1425 4780 solutionem
1460 4743 1473 4779 :
1503 4727 1760 4796 quaeritur
1792 4736 1993 4795 autem,

411 4822 587 4866 utrum
628 4812 697 4866 sit
739 4827 888 4868 vera.
933 4813 1058 4868 Mihi
1100 4823 1245 4870 certe
1283 4815 1494 4871 videtur
1529 4815 1774 4872 eumdem
1822 4819 1993 4888 ipsum

409 4920 548 4961 esse.
600 4904 884 4972 Quomodo
932 4921 1081 4977 ergo,
1128 4907 1364 4978 inquies,
1414 4907 1689 4964 Mattlueus
1727 4911 1992 4966 dicentem

412 4997 558 5051 illum
585 4997 849 5068 perhibet,
883 4997 1005 5054 Non
1041 5016 1152 5054 sum
1195 5001 1378 5072 dignus
1416 5012 1472 5056 ut
1512 5002 1665 5058 intres
1690 5004 1780 5058 sub
1812 5013 1996 5059 tectum

408 5109 571 5152 ptumam
602 5108 619 5146 :
647 5092 816 5147 Lucas
841 5108 970 5149 vero
997 5094 1088 5156 ait,
1133 5093 1342 5150 misisse
1372 5104 1614 5148 vocatum
1658 5105 1711 5150 ut
1751 5098 1996 5152 veniret?

415 5183 632 5240 Videtur
673 5187 802 5241 mihi
831 5186 1002 5242 Lucas
1035 5187 1393 5242 adulationem
1439 5188 1713 5243 Judaicam
1758 5190 1996 5245 subindi-

408 5291 552 5340 c.ire,
584 5277 933 5350 hominesque
970 5281 1021 5334 in
1071 5280 1372 5337 calamitate
1402 5290 1677 5336 versantes
1721 5282 1994 5338 instabiles

421 5371 904 5444 csse,subindequc
915 5375 1194 5430 consilium
1217 5385 1445 5430 mutare.
1469 5375 1769 5431 Verisimile
1795 5378 1994 5447 quippe

456 5537 490 5605 ,ί
529 5534 634 5595 Alii,
660 5539 945 5605 recumbent
995 5549 1125 5605 cum_
1159 5539 1416 5590 Abraham.
1451 5539 1596 5605 Paulo
1613 5547 1723 5604 post
1739 5540 1906 5600 iidem,
1932 5538 1990 5601 ﬁ-

410 5595 465 5648 lii
478 5605 648 5663 gentem
674 5601 812 5663 regni
833 5600 1096 5663 eiicientur
1108 5602 1159 5652 in
1176 5605 1395 5652 tenebras
1423 5595 1706 5652 exteriores.

473 5662 492 5691 ³
525 5667 631 5711 Mss.
655 5661 867 5725 plurimi,
892 5661 1030 5713 multi
1049 5661 1110 5712 ab
1125 5663 1306 5738 oriente
1331 5670 1376 5714 et
1397 5664 1642 5718 occidente
1661 5661 1865 5715 venient.

1154 207 1211 264 S.
1250 202 1528 264 JOANNIS
1563 200 2035 260 CllRYSOSTOMl
2073 198 2392 258 ABCHIEP.
2430 201 2966 260 CONSTANTINOP.

3592 198 3692 258 ωε

2122 325 2206 372 est
2238 319 2602 374 centurionem
2634 333 2757 374 cum
2786 317 2936 372 abire
2977 315 3135 372 vellet
3168 315 3440 371 detentum
3480 313 3638 374 fuisse
3665 334 3698 373 ι

2118 407 2316 465 Iudaeis
2359 409 2698 464 adulantibus
2745 407 3150 478 dicentibusque
3190 423 3206 460 :
3250 405 3358 462 Nos
3409 405 3597 460 ibimus
3643 416 3694 461 et

2118 500 2445 556 adducemus
2471 515 2615 556 cum.
2647 499 2782 554 Vide
2825 499 3001 568 itaque
3029 497 3456 553 adhortationem
3488 497 3701 552 illorum

2118 589 2420 646 adulatione
2439 595 2670 660 plenam.
2702 587 2884 659 Diligit
2912 591 3064 656 enim,
3097 590 3360 660 inquiunt,
3389 599 3580 660 gentem
3607 606 3695 642 no-

2117 690 2295 744 stram,
2325 691 2370 736 et
2409 698 2719 754 synagogam
2755 681 2901 736 nobis
2951 682 3245 735 construxit.
3297 679 3478 749 Neque
3527 679 3701 734 sciunt

2121 773 2260 829 unde
2285 775 2455 832 virum
2501 777 2718 834 laudare
2757 794 2853 849 par
2898 778 2988 833 sit.
3039 775 3171 830 Nam
3215 789 3338 830 cum
3382 772 3698 845 oportuisset

2118 865 2320 933 dicere,
2354 867 2532 924 Voluit
2556 871 2670 940 ipse
2711 871 2790 926 ire
2831 877 3094 940 rogatum,
3131 881 3228 921 nos
3272 874 3447 919 autent
3476 863 3699 919 retinni-

2119 972 2260 1023 mus,
2283 960 2642 1018 calamitatem
2671 961 3076 1018 considerantes
3105 968 3161 1013 et
3187 972 3382 1029 corpus
3404 956 3532 1011 illud
3557 956 3705 1010 domi

2114 1051 2295 1121 jacere
2331 1053 2608 1120 videntes;
2639 1064 2800 1125 atque
2838 1054 2916 1109 sic
2955 1053 3071 1122 ejus
3120 1050 3244 1106 ﬁdei
3285 1047 3700 1120 magnitudinem

2117 1156 2386 1212 exponere
2420 1163 2433 1198 :
2465 1145 2536 1199 illi
2581 1145 2764 1215 utique
2800 1145 2903 1200 hoc
2944 1159 3050 1199 non
3088 1143 3299 1208 dicunt;
3351 1156 3526 1210 neque
3561 1140 3700 1194 enim
3793 1196 3800 1202 ,

2121 1236 2388 1301 volebant,
2421 1238 2615 1294 invidia
2653 1254 2846 1308 nempe
2881 1238 3033 1304 moti,
3065 1236 3164 1290 viri
3205 1235 3361 1290 ﬁdem
3383 1233 3658 1289 declarare
3687 1253 3700 1288 :

2118 1327 2212 1384 sed
2243 1329 2546 1385 maluerunt
2572 1329 2687 1398 ejus
2724 1330 2974 1385 virtutem
3008 1327 3279 1398 obtegere,
3308 1340 3406 1396 pro
3435 1338 3543 1394 quo
3579 1337 3702 1392 sup-

2122 1420 2285 1488 plices
2310 1419 2655 1488 accedebant,
2689 1436 2758 1477 ne
2800 1421 3074 1476 videretur
3114 1433 3337 1488 magnus
3373 1432 3494 1472 esse
3538 1416 3583 1470 is
3617 1416 3702 1485 qui

2119 1521 2349 1578 rogaret,
2393 1528 2495 1568 neu
2541 1513 2695 1568 ﬁdem
2734 1513 2853 1583 ejus
2895 1512 3270 1583 praedicantes,
3312 1510 3390 1564 sic
3429 1523 3566 1571 rem,
3612 1521 3703 1576 pro

2118 1616 2220 1671 qua
2251 1611 2530 1666 venerant,
2557 1603 2894 1672 perlicerent.
2921 1603 3078 1658 Livor
3107 1602 3247 1657 enim
3272 1611 3506 1654 mentem
3537 1612 3703 1652 exem-

2117 1706 2241 1748 care
2265 1694 2421 1748 solet.
2451 1692 2558 1749 Sed
2589 1694 2680 1764 qui
2723 1703 2927 1749 secreta
2975 1694 3143 1759 novit,
3188 1691 3367 1746 invitis
3403 1689 3509 1744 illis
3535 1689 3703 1743 virum

2117 1784 2422 1840 celebravit.
2451 1785 2605 1852 Quod
2634 1796 2809 1840 autem
2839 1783 2968 1839 illud
3003 1799 3188 1838 verum
3221 1782 3311 1846 sit,
3344 1781 3466 1836 audi
3508 1779 3704 1834 Lumm

2118 1876 2289 1946 ipsum
2343 1877 2688 1947 interpretem
2733 1879 2823 1948 qui
2876 1878 2953 1932 sic
3012 1877 3127 1931 ait:
3157 1877 3247 1931 illo
3281 1890 3386 1930 non
3420 1874 3583 1944 longe
3624 1873 3703 1926 di-

2117 1977 2313 2030 Stante,
2347 1969 2558 2024 misisse
2586 1967 2652 2023 ad
2683 1968 2827 2023 illum
2868 1967 2958 2038 qui
2984 1968 3226 2023 dicerent
3268 1986 3282 2022 :
3324 1963 3566 2030 Domine,
3600 1965 3701 2018 noli

2118 2061 2288 2114 vexari
2308 2076 2327 2113 :
2353 2078 2455 2115 non
2508 2062 2642 2115 enim
2693 2078 2804 2115 sum
2857 2061 3039 2132 dignus
3079 2071 3135 2114 ut
3185 2057 3277 2114 sub
3315 2069 3498 2114 tectum
3543 2074 3705 2110 meum

2118 2150 2273 2205 intres
2317 2143 2487 2223 (Luc.
2533 2153 2586 2207 'I.
2621 2152 2717 2222 6).
2763 2151 2897 2208 Cum
2937 2153 3078 2207 enim
3113 2165 3144 2206 a
3187 2150 3493 2207 Judzeorum
3535 2149 3702 2204 mole-

2117 2240 2216 2295 stia
2243 2241 2378 2296 liber
2405 2241 2522 2308 fuit,
2556 2252 2679 2298 tunc
2705 2243 2848 2297 misit
2874 2242 2964 2313 qui
3003 2241 3247 2298 dicerent
3275 2259 3288 2294 :
3313 2241 3389 2296 Ne
3423 2251 3584 2312 putes
3622 2255 3702 2295 me

2115 2347 2182 2388 ex
2209 2334 2432 2403 segnitie
2473 2350 2576 2388 non
2617 2335 2866 2399 venisse;
2897 2333 2993 2389 scd
3025 2349 3112 2390 me
3137 2349 3242 2388 non
3273 2333 3490 2404 dignum
3518 2331 3701 2388 existi-

2117 2414 2278 2492 mavi,
2306 2428 2395 2498 qui
2429 2438 2478 2482 te
2508 2428 2802 2498 reciperem
2830 2427 2997 2482 domi.

2186 2520 2239 2575 5.
2269 2521 2380 2576 Etsi
2411 2535 2540 2576 vero
2569 2521 2848 2576 Matthmus
2883 2520 3022 2576 dicat
3058 2535 3164 2574 non
3208 2533 3306 2589 per
3343 2518 3570 2585 amicos,
3610 2516 3699 2573 sed

2117 2611 2262 2667 illum
2295 2613 2468 2684 ipsum
2496 2611 2610 2668 hare
2637 2612 2857 2679 dixisse,
2885 2612 3017 2668 nihil
3048 2611 3098 2668 id
3127 2611 3193 2667 ad
3221 2626 3335 2666 rem
3359 2611 3484 2666 facit
3511 2628 3525 2664 :
3555 2625 3704 2682 qum-

2117 2704 2248 2759 ritur
2275 2705 2415 2760 enim
2438 2707 2609 2762 solum
2641 2722 2766 2761 num
2797 2716 3022 2776 uterque
3053 2705 3154 2761 viri
3193 2705 3483 2761 studiosam
3508 2705 3698 2759 volun-

2116 2803 2276 2850 tatem
2303 2795 2675 2863 declaraverit,
2705 2807 3229 2868 consentaneamque
3256 2796 3396 2852 circa
3423 2796 3704 2852 Christum

2113 2886 2230 2957 ejus
2283 2888 2612 2958 opinionem.
2674 2888 2978 2944 Verisimile
3022 2897 3200 2943 autem
3248 2896 3361 2954 est,
3415 2897 3698 2958 postquam

2111 2981 2312 3036 amicos
2332 2981 2586 3048 misisset,
2616 2982 2828 3038 venisse
2855 2983 3023 3052 ipsum
3047 2982 3281 3052 illudque
3305 2982 3526 3037 dixisse.
3548 2981 3704 3048 Quod

2111 3073 2156 3127 si
2179 3071 2280 3127 hoc
2306 3089 2411 3128 non
2442 3073 2637 3130 dixerit
2664 3073 2852 3137 Lucas,
2893 3083 2949 3129 at
2990 3089 3162 3145 neque
3197 3075 3326 3129 illud
3366 3074 3652 3129 Matthazus
3679 3089 3698 3127 ι

2111 3179 2218 3219 non
2247 3166 2392 3236 quod
2437 3173 2622 3222 mutuo
2661 3168 2714 3221 in
2759 3170 3064 3223 narratione
3117 3177 3371 3238 pugnent,
3412 3167 3510 3223 sed
3556 3165 3698 3238 quod

2109 3259 2246 3314 alter
2273 3261 2631 3328 praetermissa
2671 3260 2740 3315 ab
2767 3259 2938 3316 altero
2969 3270 3171 3316 narret.
3215 3260 3347 3314 Vide
3371 3268 3555 3314 autem
3591 3273 3701 3330 quo

2109 3357 2264 3419 pacto
2291 3349 2448 3404 ﬁdem
2479 3350 2594 3420 ejus
2637 3349 2809 3406 Lucas
2845 3350 2950 3405 alio
2985 3351 3145 3405 modo
3185 3349 3438 3421 prtedicet
3461 3349 3692 3404 dicens.

2109 3437 2390 3494 Mor-iturus
2415 3451 2522 3494 erat
2551 3458 2694 3510 puer.
2723 3443 2971 3498 Attamen
2997 3457 3170 3513 neque
3201 3442 3300 3497 hoc
3322 3442 3468 3497 illum
3513 3443 3567 3496 in
3598 3441 3686 3497 de-

2107 3532 2467 3600 sperationem
2517 3533 2776 3604 cenjecit,
2841 3550 2911 3590 ne
2967 3550 2997 3589 a
3039 3549 3134 3604 spe
3176 3535 3435 3601 detrusit;
3476 3535 3580 3591 sed
3618 3538 3696 3590 sic

2105 3623 2266 3678 etiam
2297 3624 2640 3694 superstitem
2681 3626 2792 3682 fore
2829 3627 3086 3697 speravit.
3129 3626 3277 3695 Quod
3315 3628 3358 3681 si
3407 3627 3692 3682 Mattha'us

2104 3715 2318 3786 quidem
2359 3725 2540 3771 narret
2562 3715 2831 3772 Christum
2863 3717 3082 3784 dixisse,
3121 3733 3180 3773 se
3209 3728 3406 3773 tantam
3436 3719 3488 3772 in
3533 3717 3694 3777 Israel

2104 3823 2211 3863 non
2239 3809 2506 3864 invenisse
2545 3808 2724 3875 ﬁdem,
2753 3825 2858 3881 quo
2905 3810 3140 3865 declarat
3181 3811 3352 3880 ipsum
3390 3809 3688 3866 lsraelitam

2104 3917 2210 3957 non
2260 3901 2457 3969 fuisse;
2508 3903 2676 3958 Lucas
2723 3919 2871 3969 vero,
2921 3904 3091 3974 ipsum
3140 3918 3461 3976 synagogam
3519 3903 3686 3958 tedili-

2103 4007 2256 4049 casse
2287 4011 2299 4046 :
2333 4010 2504 4066 neque
2537 3995 2654 4051 htcc
2694 3996 2978 4066 pugnantia
3009 4004 3152 4050 sunt.
3197 3995 3374 4050 Potuit
3403 3996 3551 4051 enim
3584 4012 3688 4049 non

2101 4085 2316 4141 Judazus
2344 4101 2666 4158 synagogam
2709 4096 2936 4153 struere,
2968 4096 3288 4158 gentemque
3325 4085 3573 4157 diligere.
3613 4086 3688 4141 Tu

2101 4192 2230 4232 vero
2250 4186 2321 4233 ‘ne
2352 4179 2711 4248 perfunctorie
2749 4179 2888 4235 dicta
2918 4179 3035 4251 ejus
3059 4181 3328 4249 explores,
3357 4180 3452 4235 sed
3493 4179 3690 4250 praele-

2100 4279 2305 4324 cturam
2337 4271 2451 4341 ejus
2476 4272 2668 4342 adjice,
2700 4281 2756 4327 et
2785 4279 2907 4327 tunc
2948 4271 3046 4326 viri
3081 4271 3329 4327 virtutem
3373 4273 3684 4342 perspicies.

2100 4363 2307 4419 Etenim
2337 4373 2516 4420 tantus
2551 4351 2708 4436 vulgo
2741 4374 2822 4420 est
2866 4380 3052 4419 eorum
3087 4364 3176 4434 qui
3215 4362 3561 4434 praefecturas
3600 4379 3690 4435 ge-

2047 4506 2050 4509 .
2100 4465 2225 4510 runt
2254 4453 2440 4523 fastus,
2471 4465 2529 4510 ut
2556 4471 2624 4511 ne
2654 4455 2866 4527 quidem
2906 4455 2957 4510 in
3003 4453 3388 4510 calamitatibus
3430 4469 3554 4510 sese
3592 4455 3686 4510 de-

2101 4549 2353 4618 primant.
2403 4549 2533 4604 Nam
2571 4549 2648 4613 is,
2701 4549 2791 4620 qui
2831 4547 2972 4618 apud
3023 4547 3284 4602 Joannem
3335 4555 3706 4612 memoratur;

2103 4638 2250 4693 illum
2278 4639 2329 4694 in
2356 4638 2576 4694 domum
2607 4639 2770 4694 trahit
2796 4647 2849 4694 et
2873 4638 3003 4694 dicit
3036 4658 3049 4693 :
3083 4637 3360 4702 Descende,
3393 4640 3688 4710 priusquam

2101 4733 2240 4801 filius
2269 4750 2406 4787 meus
2439 4734 2683 4787 moriatur
2707 4733 2885 4806 (Joan.
2915 4733 2970 4787 4.
3002 4733 3114 4802 49).
3143 4732 3242 4788 llic
3272 4748 3400 4788 vero
3431 4748 3538 4789 non
3568 4733 3640 4788 ita
3671 4749 3684 4784 :

2101 4823 2193 4878 sed
2223 4833 2328 4878 tam
2359 4824 2468 4889 illo,
2495 4839 2651 4892 quam
2676 4825 2760 4889 iis,
2784 4823 2869 4894 qui
2893 4839 2987 4893 per
3010 4832 3205 4878 tectum
3238 4823 3490 4879 lectulum
3521 4824 3688 4880 demi-

2101 4923 2306 4979 serunt,
2337 4916 2673 4984 prmstantior
2715 4923 2813 4970 cst.
2842 4915 2957 4970 Non
3001 4916 3142 4970 enim
3180 4918 3514 4986 corporalem
3555 4933 3686 4986 prae-

2101 5009 2324 5062 sentiam
2359 5008 2602 5078 requirit.
2634 5024 2806 5078 neque
2837 5023 3004 5078 prope
3027 5007 3292 5063 medicum
3310 5019 3570 5079 tegrotnm
3596 5009 3689 5064 de-

2103 5099 2251 5164 tulit;
2284 5100 2334 5154 id
2363 5101 2503 5170 quod
2533 5111 2830 5154 tamennon
2864 5116 3078 5169 parvam
3107 5101 3555 5156 existimationem
3580 5117 3684 5171 pne

2099 5204 2158 5245 se
2188 5190 2378 5256 ferret;
2410 5189 2505 5245 sed
2531 5205 2592 5244 ea
2623 5206 2742 5258 qua:
2785 5190 2948 5244 Deum
2989 5190 3213 5245 decebat
3236 5191 3489 5260 Opinione
3529 5191 3688 5246 fultus

2099 5283 2174 5336 ait
2205 5300 2218 5337 :
2256 5282 2348 5336 Dic
2377 5282 2522 5336 verbo
2560 5283 2741 5336 solum.
2792 5281 2974 5352 Neque
3007 5282 3155 5336 initio
3183 5282 3332 5350 diett,
3384 5283 3480 5337 Dic
3516 5285 3681 5350 verba,

2099 5376 2192 5430 sed
2215 5375 2582 5446 aegritudinem
2605 5383 2806 5429 tantum
2825 5373 3060 5429 declarat
3089 5391 3102 5428 :
3131 5374 3199 5429 ob
3220 5391 3464 5446 magnam
3490 5376 3687 5447 quippe

2100 5468 2449 5524 humilitatem
2479 5483 2582 5522 non
2632 5467 2848 5537 putabat
2889 5464 3158 5521 Christum
3199 5468 3376 5522 statim
3409 5483 3520 5523 rem
3552 5484 3682 5523 con-

2099 5574 2395 5620 cessurum.
2431 5570 2484 5615 et
2511 5558 2728 5613 domum
2755 5557 3040 5632 petiturum
3062 5573 3200 5614 esse.
3231 5558 3354 5613 Ideo
3373 5574 3491 5614 cum
3513 5561 3682 5628 ipsum

2100 5654 2304 5709 audivit
2332 5653 2614 5718 dicentem,
2661 5651 2768 5723 Ego
2799 5651 2996 5707 ueniens
3025 5651 3209 5707 curabo
3248 5668 3383 5722 eum,
3419 5661 3545 5708 tunc
3597 5650 3693 5712 ait.
