3918 6282
377 362 520 433 ἀρχῇ
546 359 717 430 λέγει,
748 358 896 413 Εἰπὲ
913 358 1093 428 λόγῳ,
1117 357 1254 412 ἀλλά
1285 357 1444 430 μόνον
1467 357 1528 412 τὸ
1551 358 1721 422 πάθος
1745 359 2031 428 διηγεῖται’

374 443 496 496 οὑδέ
541 443 649 512 7&9
698 440 1092 512 προσεδόκησεν
1142 440 1252 493 ἀπὸ
1301 440 1501 510 πολλῆς
1540 439 2036 508 ταπεινοφροσύνης

376 524 578 587 εὐθέως
603 521 902 576 ἐπινεύσειν
931 522 1020 575 τὸν
1041 522 1295 593 Χριστὸν,
1321 525 1414 576 καὶ
1448 524 1544 594 τὴν
1575 524 1750 577 οἰκίαν
1773 522 2038 592 ἐπιζητή-

377 619 510 657 σειν.
539 604 638 656 Διά
663 602 844 671 τοῦτο,
869 604 956 656 ότε
987 603 1218 672 ηκουσεν
1254 603 1418 656 αὑτοῦ
1450 604 1719 672 λέγοντος,
1775 604 1915 672 Ἐγὼ
1937 603 2039 656 ἐλ-

378 685 497 740 θὼν
523 687 868 753 θεραπεύσω
899 687 1105 745 αὑτὸν.
1146 686 1265 738 τότε
1312 686 1497 756 φησὶν,
1547 687 1694 740 Εἰπὲ
1729 687 1906 754 λόγῳ.
1930 685 2041 739 Kal

377 769 497 821 οὑδέ
545 769 606 821 τὸ
652 769 821 831 πάθος
871 768 1032 822 αὑτὸν
1077 769 1347 839 συνέχεεν,
1388 768 1524 822 ἀλλά
1555 769 1648 822 καὶ
1685 769 1743 818 ἐν
1786 767 2041 836 συμφορᾷ

379 851 674 920 φιλοσοφεῖ,
705 852 765 905 οὑ
798 852 934 922 πρὸς
957 851 1055 922 τὴν
1079 851 1286 919 ὑγίειαν
1313 851 1564 904 τοσοῦτον
1603 849 1744 921 ὁρῶν
1785 850 1878 902 τοῦ
1909 867 2038 902 παι-

377 932 484 995 δὸς,
511 934 634 988 ὅσον
661 935 794 1004 πρὸς
821 933 883 986 τὸ
911 933 984 1004 μὴ
1007 933 1154 998 δόξαι
1187 933 1352 1003 μηδὲν
1377 932 1668 994 ἀνευλαϐἐς
1690 934 1880 984 ποιεῖν.
1907 932 2042 984 Καί-

377 1033 526 1084 τοιγε
571 1018 670 1070 οὑκ
699 1018 860 1080 αὑτὸς
881 1017 1212 1086 ἠνάγκασεν,
1247 1015 1358 1068 ἀλλ’
1394 1017 1422 1068 6
1447 1015 1678 1085 Χριστὸς
1708 1015 2040 1083 ἐπηγγείλα⁹

377 1114 456 1149 το·
491 1098 734 1152 ἀλλάκαί
755 1098 896 1152 οῦτω
923 1099 1126 1152 δέδοικε
1161 1098 1233 1168 μή
1265 1114 1392 1151 ποτε
1420 1097 1542 1167 δόξῃ
1565 1097 1663 1167 τὴν
1683 1096 1837 1163 ἀξίαν
1874 1097 2042 1166 ὑπερ-

379 1179 582 1234 ϐαίνειν
629 1181 730 1252 τὴν
791 1181 1006 1246 ἐαυτοῦ,
1059 1181 1154 1234 καὶ
1207 1179 1343 1250 βαρὺ
1403 1181 1634 1250 πρᾶγμα
1697 1177 2040 1246 ἐφέλκεσθαι.

379 1255 534 1323 Εἰδες
573 1259 737 1314 αὑτοῦ
789 1261 887 1332 τὴν
932 1259 1182 1325 σύνεσιν;
1233 1258 1433 1311 Σκόπει
1480 1259 1586 1311 τῶν
1632 1258 1898 1311 Ἰουδαίων
1945 1257 2044 1327 τὴν

378 1341 562 1396 ἀνοιαν
588 1342 874 1412 λεγόντων·
917 1343 1108 1408 Ἄξιός
1140 1343 1312 1396 ἐστιν
1339 1333 1387 1408 ᾧ
1417 1340 1662 1408 παρέξει
1702 1341 1817 1408 τὴν
1847 1338 2041 1408 χάριν.

378 1424 506 1479 Δέον
536 1425 643 1496 7&9
672 1429 762 1480 ἐπὶ
785 1428 883 1498 τὴν
906 1424 1312 1496 φιλανθρωπίαν
1341 1425 1678 1492 καταφυγεῖν
1711 1421 1802 1476 τοῦ
1845 1421 2041 1491 Ἰησοῦ,

379 1507 428 1558 οἰ
450 1507 506 1560 δέ
528 1509 625 1578 τὴν
647 1509 800 1573 ἀιξίαν
821 1508 1012 1562 τούτου
1049 1505 1462 1575 προϐάλλονται,
1497 1505 1591 1558 καὶ
1612 1504 1732 1558 οὑδέ
1764 1503 1885 1557 ὅθεν
1912 1518 2045 1571 προ-

381 1588 666 1644 ϐάλλεσθαι
704 1591 748 1623 ³⁸
785 1592 866 1644 δεῖ
896 1590 1094 1644 ῐσασιν.
1138 1587 1275 1641 Ἀλλ’
1314 1587 1413 1641 οὑκ
1447 1589 1653 1648 ἐκεῖνος
1690 1584 1880 1647 οὑτως·
1911 1583 2044 1637 άλλά

380 1671 473 1723 καὶ
499 1672 701 1742 σφόδρα
737 1673 927 1727 ἑαυτὸν
953 1671 1168 1737 ἀνάξιον
1197 1667 1336 1724 εἶναι
1375 1671 1500 1740 ἔφη,
1532 1671 1592 1722 οὑ
1632 1669 1792 1739 μόνον
1832 1667 1928 1735 τῆς
1954 1667 2045 1718 εὑ-

380 1754 654 1822 εργεσίας,
697 1755 831 1810 ἀλλά
860 1757 952 1809 καὶ
983 1757 1076 1809 τοῦ
1112 1758 1177 1826 τῇ
1220 1753 1367 1825 οἰκίᾳ
1407 1751 1658 1817 δέξασθαι
1697 1750 1785 1804 τὸν
1823 1750 2044 1820 Κύριον.

379 1835 480 1888 Διά
518 1836 674 1890 τοῦτο
714 1839 808 1891 καὶ
854 1835 1041 1901 εἰπὼν,
1082 1837 1136 1890 '0
1163 1836 1303 1902 παῖς
1333 1853 1452 1904 μου
1472 1834 1786 1901 βέϐληται,
1819 1833 1919 1885 ούκ
1951 1833 2049 1884 ἐπ-

380 1917 608 1984 ήγαγεν,
642 1919 796 1984 Εἰπὲ,
827 1918 1079 1982 δεδοικὼς
1116 1918 1190 1988 μὴ
1221 1917 1438 1980 ἀνάξιος
1482 1917 1565 1994 εἴη
1608 1913 1703 1968 τοῦ
1736 1915 1916 1982 τυχεῖν
1947 1912 2048 1994 τῆς

378 1997 605 2068 δωρεᾶς,
649 2001 784 2054 ἀλλά
821 2002 920 2072 τὴν
954 1999 1239 2071 συμφορὰν
1273 1993 1571 2069 ἀπήγγειλε
1616 1997 1794 2067 μόνον.
1831 1993 2048 2065 Ἐπειδὴ

379 2081 436 2134 δέ
461 2081 566 2136 εἶδε
592 2084 682 2137 τὸν
714 2086 946 2156 Χριστὸν
976 2082 1450 2154 φιλοτιμούμενον,
1485 2080 1604 2134 οὐδὲ
1635 2079 1805 2142 οὕτως
1840 2078 2049 2146 ἐπεπή-

379 2162 561 2234 δησεν,
594 2166 706 2219 ἀλλ’
734 2167 813 2220 έτι
844 2168 992 2238 μένει
1025 2167 1085 2220 τὸ
1111 2165 1289 2236 ἐαυτῷ
1331 2165 1604 2236 προσῆκον
1641 2163 1912 2233 διατηρῶν
1949 2159 2048 2231 μέ·

379 2265 527 2317 τρον.
557 2250 619 2302 Εἰ
649 2249 705 2303 δὲ
739 2250 889 2319 λέγοι
915 2268 1020 2314 τις,
1051 2250 1210 2312 Τίνος
1233 2249 1419 2301 ἐνεκεν
1442 2249 1541 2301 οὑκ
1567 2247 1924 2316 ἀντετίμησεν
1952 2244 2048 2296 αύ-

378 2328 469 2381 τῆν
491 2330 520 2382 6
547 2330 815 2400 Χριστός;
846 2334 1022 2385 ἐκεῖνο
1043 2330 1108 2384 ἂν
1131 2331 1398 2399 εἴποιμεν,
1419 2330 1500 2382 6::
1529 2329 1622 2382 καὶ
1649 2327 1855 2399 σφόδρα
1885 2326 2048 2380 αὑτὸν

379 2411 726 2483 ἀντετίμησεν
762 2414 975 2485 πρῶτον
1019 2414 1137 2484 μέν,
1179 2412 1258 2484 τῷ
1297 2412 1467 2478 δεῖξαι
1505 2412 1604 2480 τὴν
1633 2408 1878 2480 γνώμην,
1910 2411 2049 2479 ὅπερ

377 2492 443 2544 ἐκ
472 2494 564 2546 τοῦ
601 2496 837 2565 μάλιστα
869 2497 943 2568 μὴ
978 2496 1153 2550 ἐλθεῖν
1191 2495 1355 2548 αὑτὸν
1391 2495 1472 2557 εἰς
1503 2494 1604 2564 τὴν
1633 2495 1810 2547 οἰκίαν
1848 2492 2044 2562 ἐφάνη·

377 2573 625 2647 δεύτερον
649 2579 726 2642 δὲ,
756 2577 834 2648 τῷ
866 2581 946 2641 εἰς
967 2578 1065 2649 τὴν
1095 2578 1371 2648 βασιλείαν
1405 2577 1566 2632 αὑτὸν
1591 2577 1924 2644 εἰσαγαγεῖν,
1952 2576 2046 2628 καί¹

377 2661 712 2730 προτιμῆσαι
761 2661 958 2724 παντὸς
994 2661 1086 2714 τοῦ
1124 2660 1310 2724 ἔθνους
1341 2658 1433 2713 τοῦ
1482 2658 1794 2712 Ἰουδαϊκοῦ.
1829 2657 2048 2728 Ἐπειδὴ

377 2741 484 2811 γὰρ
524 2743 615 2794 καὶ
653 2741 748 2796 τοῦ
795 2743 1051 2810 δέξασθαι
1093 2743 1184 2796 τὸν
1232 2742 1464 2814 Χριστὸν
1497 2743 1574 2804 εἰς
1610 2740 1708 2811 τὴν
1748 2740 1926 2793 οἰκίαν
1957 2741 2050 2793 ἁν-

377 2824 526 2888 άξιον
562 2825 751 2878 ἐαυτὸν
791 2827 1016 2898 ἐποίησε
1039 2827 1105 2893 ³³,
1155 2827 1246 2880 καὶ
1289 2825 1563 2895 βασιλείας
1605 2823 1826 2890 γέγονεν
1875 2824 2044 2891 ἄξιος,

377 2906 470 2960 καὶ
497 2907 590 2960 τοῦ
621 2907 728 2961 τῶν
754 2908 934 2962 καλῶν
955 2911 1250 2979 ἐπιτυχεῖν,
1272 2903 1345 2962 ὧν
1374 2907 1686 2978 ἀπήλαυσεν
1707 2905 1736 2957 6
1775 2904 2046 2975 Ἀϐραάμ.

378 2989 487 3042 Καὶ
521 2991 663 3055 τίνος
697 2992 883 3045 ἐνεκεν
920 2993 949 3044 6
983 2993 1204 3062 λεπρὸς,
1251 2993 1404 3062 φησί,
1442 2987 1664 3059 μείζονα
1695 2987 1897 3040 τούτων
1930 2989 2050 3040 ἐπι-

376 3071 707 3143 δειξάμενος,
739 3077 838 3128 οὑκ
865 3075 1138 3148 ἐπῃνέθης
1176 3075 1307 3128 Οὑδέ
1337 3074 1444 3144 7&9
1477 3067 1627 3125 εἶπεν
1653 3071 1876 3135 ἐκεῖνος,
1902 3069 2050 3124 Εἰπὲ

312 3173 322 3184 ι
376 3153 553 3222 λόγῳ.
598 3155 714 3209 ἀλλ’
749 3157 777 3210 6
814 3157 992 3227 πολλῷ
1034 3157 1216 3228 μεῖζον
1244 3151 1332 3227 ἦν,
1364 3155 1600 3225 Θέλησον
1637 3154 1818 3224 μόνον’
1859 3153 1887 3206 ὃ
1922 3155 2049 3224 περὶ

377 3236 467 3289 τοῦ
501 3238 714 3310 Πατρός
738 3257 900 3310 φησιν
928 3242 956 3293 6
980 3240 1292 3311 Προφήτης,
1335 3238 1416 3292 6::
1449 3236 1650 3291 Πάντα
1686 3235 1803 3290 ὅσα
1839 3236 2050 3304 ἠθέλη-

377 3336 510 3384 σεν,
538 3322 847 3390 ἐποίησεν.
882 3323 1042 3376 Ἀλλά
1071 3323 1318 3386 κάκεῖνος
1349 3321 1610 3394 ἐπῃνέθη.
1643 3321 1810 3374 Ὅταν
1841 3320 1948 3389 7&9
1972 3319 2050 3371 εῖ-

378 3420 476 3478 πῃ,
511 3403 660 3477 [318]
693 3405 1063 3476 Προσένεγκε
1096 3407 1163 3459 τὸ
1191 3405 1402 3474 δῶρον,
1437 3405 1468 3458 ὃ
1506 3405 1842 3474 προσέταξε
1876 3407 2048 3457 M00-

378 3486 519 3555 σῆς,
559 3489 648 3553 εἰς
671 3490 995 3557 μαρτύριον
1025 3490 1248 3556 αὐτοῖς,
1295 3489 1663 3560 οὑδένέτερόν
1698 3505 1862 3558 φησιν
1902 3487 1934 3558 ἢ
1966 3489 2048 3540 6::

379 3570 451 3622 Σὺ
485 3572 884 3642 κατηγορήσεις
925 3571 1124 3639 αὐτῶν,
1154 3571 1214 3637 ἐξ
1237 3563 1317 3626 ὧν
1346 3573 1696 3636 ἐπίστευσας.
1739 3571 1951 3635 ’Δλλως
1991 3571 2048 3625 δέ

377 3653 478 3706 οὑκ
500 3649 568 3724 ἦν
597 3655 708 3708 ἴσον
743 3655 993 3710 Ἰουδαῖον
1019 3656 1149 3711 ὄντα
1178 3656 1484 3722 πιστεῦσαι,
1513 3657 1606 3709 καί
1645 3655 1842 3722 ἔξωθεν
1876 3656 1922 3688 ⁸⁸
1953 3654 2047 3708 τοῦ

377 3734 582 3799 ἔθνους,
616 3737 738 3790 Ὀτι
776 3735 884 3807 γὰρ
916 3737 1017 3790 οὑκ
1053 3733 1120 3807 ἦν
1157 3737 1402 3800 Ἰουδαῖος
1431 3740 1458 3790 6
1491 3738 1914 3808 ἑκατοντάρχης,
1953 3739 2048 3790 καὶ

375 3815 487 3868 ἀπὸ
512 3817 604 3870 τοῦ
631 3819 1030 3890 ἑκατοντάρχης
1059 3815 1196 3872 εἶναι
1224 3819 1381 3888 δῆλον
1402 3820 1445 3850 ³⁸
1464 3859 1477 3882 ,
1507 3821 1598 3872 καὶ
1637 3821 1744 3872 ἀπὸ
1767 3821 1860 3872 τοῦ
1891 3821 2048 3891 εἰρῆ-

380 3899 522 3961 σθαι.
561 3899 714 3954 Οὐδὲ
735 3901 804 3953 ἐν
827 3900 908 3967 τῷ
949 3902 1186 3970 Ἰσραὴλ
1221 3902 1524 3969 τοσαύτην
1551 3903 1759 3956 πίστιν
1787 3899 1987 3972 εὗρον.

448 3984 514 4036 6'.
542 3984 651 4037 Καὶ
689 3984 822 4038 πολὺ
861 3983 1004 4054 μέγα
1034 3980 1123 4056 ἦν,
1147 3985 1430 4055 ἄνθρωπον
1456 3985 1612 4049 ἐκτὸς
1636 3984 1764 4038 ὄντα
1793 3985 1885 4038 τοῦ
1919 3986 2050 4040 Ἰου-

377 4065 562 4119 δαῖκοῦ
623 4067 924 4135 καταλόγου
973 4067 1242 4139 τοσαύτην
1280 4067 1462 4122 λαϐεῖν
1508 4068 1736 4122 ἔννοιαν.
1783 4071 1891 4123 Καὶ
1935 4070 2044 4142 7&9

380 4150 710 4221 ἐφαντάσθη,
739 4149 813 4213 ὡς
842 4149 1028 4220 ἔμοιγε
1058 4151 1221 4213 δοκεῖ,
1254 4151 1351 4214 τὰς
1374 4153 1430 4204 ἐν
1457 4151 1670 4224 οὐρανῷ
1697 4154 1972 4224 στρατιάς·
2008 4153 2041 4224 ἢ

377 4231 458 4284 6::
485 4231 634 4303 αὐτῷ
664 4232 731 4286 τά
753 4232 901 4304 πάθη
929 4233 1101 4298 οὕτως
1133 4235 1278 4288 ἐστὶν
1302 4235 1731 4308 ὑποτεταγμένα,
1759 4237 1852 4289 καὶ
1885 4236 2048 4290 θάναο

375 4331 486 4378 τος,
524 4318 616 4369 καὶ
659 4317 725 4370 τά
771 4316 909 4372 ἀλλα
950 4317 1148 4380 πάντα,
1184 4319 1258 4381 ὡς
1299 4317 1448 4389 αὑτῷ
1476 4319 1526 4374 οἰ
1562 4319 1912 4391 στρατιῶται.
1957 4317 2049 4371 Διὸ

378 4398 470 4451 καὶ
497 4398 668 4466 έλεγε⁹
707 4400 813 4454 Kal
845 4401 956 4470 γὰρ
983 4401 1098 4470 ἐγὼ
1128 4400 1436 4470 ἅνθρωπός
1464 4405 1578 4472 εἰμι
1607 4403 1728 4458 ὑπὸ
1757 4402 2049 4468 ἐξουσίαν

378 4482 752 4549 τασσόμενος
777 4482 851 4513 ³⁸⁸
877 4483 1144 4546 τουτέστι,
1174 4484 1246 4536 Σὺ
1277 4484 1410 4548 Θεὸς
1431 4524 1444 4547 ,
1470 4485 1581 4553 ἐγὼ
1603 4485 1904 4556 ἄνθρωπος·
1935 4482 2046 4552 ἐγὼ

379 4563 471 4614 ὑπ’
504 4563 770 4629 ἐξουσίαν,
809 4565 872 4618 σὺ
905 4565 961 4618 δέ
995 4566 1092 4636 οὑχ
1134 4566 1224 4619 ὑπ’
1267 4566 1533 4630 ἐξουσίαν.
1585 4569 1646 4620 Εἰ
1693 4568 1869 4622 τοίνυν
1910 4568 2042 4637 ἐγὼ,

378 4644 661 4714 ἄνθρωπος
695 4647 788 4699 καὶ
821 4647 914 4700 ὑπ’
933 4646 1176 4712 ἐξουσίαν
1205 4648 1299 4714 ὢν,
1329 4649 1564 4703 τοσαῦτα
1585 4649 1836 4721 δύναμαι·
1867 4653 2046 4726 πολλῷ

383 4727 581 4796 μᾶλλον
629 4727 811 4792 αὑτὸς,
858 4731 949 4782 καὶ
997 4731 1128 4793 Θεὸς
1173 4729 1268 4796 ὢν,
1315 4732 1473 4784 ml”
1508 4734 1606 4802 οὑχ
1645 4733 1736 4786 ὑπ’
1774 4733 2041 4800 ἐξουσίαν.

378 4811 533 4865 Μετὰ
575 4813 680 4885 γάρ
729 4813 1034 4885 ὑπερϐολῆς
1073 4815 1232 4867 αὑτὸν
1275 4815 1416 4868 θέλει
1463 4818 1668 4877 πεῖσαι,
1699 4817 1780 4869 6::
1827 4819 1927 4889 οὑχ
1971 4821 2047 4885 ὠς

378 4895 560 4966 ὅμοιον
591 4896 763 4960 διδοὺς
785 4897 1091 4967 ὑπόδειγμα
1126 4895 1296 4949 ταῦτα
1332 4897 1500 4966 λέγει,
1527 4898 1638 4951 ἀλλ’
1663 4899 1738 4962 ὡς
1775 4900 1979 4971 σφόδρα
2004 4902 2049 4934 ³³

379 4981 664 5053 ὑπερέχον.
711 4983 774 5035 Εἰ
812 4983 919 5054 7&9
965 4980 1076 5050 ἐγὼ
1117 4980 1378 5053 ὁμότιμος
1429 4981 1503 5035 ῶν
1540 4986 1652 5048 τοῖς
1688 4984 2048 5054 ἐπιταττομέ-

380 5083 508 5129 νοις,
546 5067 698 5136 φησί,
735 5067 828 5120 καὶ
870 5067 960 5120 ὑπ’
993 5067 1244 5132 ἐξουσίαν
1275 5068 1370 5128 ὢν,
1400 5067 1548 5138 ὅμως
1592 5067 1678 5121 διά
1708 5069 1807 5139 τὴν
1843 5067 2046 5138 μικρὰν

379 5147 480 5216 τῆς
512 5149 687 5218 ἀρχῆς
729 5149 1000 5222 ὑπεροχὴν
1031 5150 1266 5204 τοσαῦτα
1290 5150 1543 5221 δύναμαι,
1587 5151 1682 5204 καὶ
1713 5150 1886 5214 οὐδεὶς
1915 5151 2045 5230 <13:-

381 5231 514 5298 τρεῖ,
560 5232 673 5283 ἀλλ’
705 5233 846 5304 ἆπερ
882 5236 1179 5300 ἐπιτάσσω,
1209 5235 1380 5288 ταῦτα
1412 5235 1639 5304 γίνεται,
1670 5235 1773 5288 κᾶν
1811 5235 2044 5304 διάφορα

377 5307 412 5384 ᾖ
449 5313 519 5367 τά
543 5316 886 5386 ἐπιτάγματα
919 5317 1102 5386 (Λέγω
1127 5319 1235 5389 γὰρ
1269 5319 1476 5385 τούτῳ,
1508 5319 1790 5386 Πορεύου,
1817 5318 1912 5371 καί
1941 5334 2045 5373 πο·-

371 5399 620 5466 ρεύεται·
642 5399 738 5452 καὶ
756 5400 942 5465 ἄλλῳ,
959 5402 1197 5470 Ἔρχου,
1229 5402 1325 5455 καί
1349 5400 1623 5471 ἔρχεται)ο
1645 5400 1822 5470 πολλῷ
1844 5401 2043 5471 μᾶλλον

1159 242 1217 299 S.
1257 241 1545 300 JOANNIS
1582 242 2068 301 CHRYSOSTOMI
2113 240 2432 298 ARCIIIEP.
2469 230 3019 296 CONSTANTINOP.
3684 228 3776 279 τῖε

2135 354 2296 412 αὐτὸς
2332 354 2553 423 δυνήσῃ.
2590 351 2748 414 Τινές
2771 350 2826 402 δέ
2855 349 2948 401 καὶ
2987 347 3158 412 οὕτως
3187 349 3610 416 ἀναγινώσκουσι
3640 349 3781 402 τοῦτο

2136 437 2196 489 τὸ
2218 437 2428 506 χωρίον·
2465 438 2528 488 ει
2565 434 2672 503 γὰρ
2701 433 2816 500 ἐγὼ
2843 432 3151 496 ἅνθρωπος
3181 428 3287 493 ὢν,
3325 432 3419 484 καὶ
3455 433 3649 496 μεταξὺ
3684 433 3783 483 στί-

2139 517 2329 584 ξαντες
2367 518 2682 584 ἐπάγουσιν,
2729 513 2865 566 Ὑπὸ
2903 514 3194 575 ἐξουσίαν
3221 512 3379 580 ἔχων
3407 513 3504 564 ὑπ’
3541 513 3786 580 ἐμαυτὸν

2137 603 2522 667 στρατιώτας.
2556 601 2628 652 Συ
2653 599 2710 651 δέ
2745 617 2833 668 μοι
2867 597 3077 655 σκόπει,
3115 595 3232 658 πῶς
3262 593 3457 658 ἔδειξεν
3475 595 3554 647 6::
3586 597 3676 647 καὶ
3701 595 3782 648 θαο

2139 682 2298 734 νάτου
2333 685 2555 752 κρατεῖν
2605 681 2826 734 δύναται
2875 681 2951 742 ὡς
3000 677 3206 738 δούλου,
3256 678 3348 729 καὶ
3387 677 3687 730 ἐπιτάττειν
3721 677 3788 741 ὡς

2138 764 2423 835 δεσπότης.
2455 765 2624 817 Ὅταν
2649 763 2756 832 γὰρ
2781 764 2929 833 εἴπῃ,
2958 762 3038 814 6::
3069 761 3110 791 ”
3137 761 3380 827 Ἔρχου,
3413 760 3508 812 καὶ
3546 760 3784 826 ἔρχεται,

2140 847 2234 899 καὶ
2269 847 2548 911 Πορεύου,
2580 845 2676 897 καὶ
2717 845 3048 911 πορεύεται,
3075 843 3228 894 τοῦτο
3265 842 3427 910 λέγει,
3459 842 3538 895 6::
3581 844 3674 894 Ἂν
3706 859 3787 900 κε-

2139 929 2336 998 λεύσῃς
2366 928 2440 998 μὴ
2469 928 2640 981 ἐλθεῖν
2663 927 2761 998 τὴν
2796 927 3049 997 τελευτὴν
3082 927 3167 977 ἐπ’
3197 926 3378 986 αὑτὸν,
3410 926 3506 994 οὑχ
3539 925 3672 995 ἥξει.
3703 922 3786 978 Εἶ-

2140 1013 2229 1074 δες
2269 1012 2383 1074 πῶς
2423 1007 2491 1081 ἦν
2534 1012 2757 1074 πιστόςς
2806 1011 2873 1063 Ὃ
2925 1010 3034 1080 7&9
3078 1009 3303 1074 ἔμελλεν
3339 1009 3543 1062 ἅπασιν
3572 1010 3789 1076 φανερὸν

2143 1094 2368 1164 ὕστερον
2399 1093 2632 1157 ἔσεσθαι,
2658 1093 2815 1147 τοῦτο
2843 1086 2996 1156 οὗτος
3022 1094 3066 1125 ⁴⁶
3089 1091 3193 1162 ἤδη
3215 1092 3514 1160 κατάδηλον
3542 1093 3790 1162 κατέστη·

2144 1196 2255 1242 σεν,
2283 1179 2363 1232 ὅτι
2400 1179 2492 1232 καὶ
2522 1178 2753 1233 θανάτου
2795 1179 2886 1231 καὶ
2915 1179 3060 1247 ζωῆς
3086 1178 3332 1243 ἐξουσίαν
3374 1176 3508 1245 ἔχει,
3542 1179 3636 1230 καὶ
3678 1195 3792 1230 κατ-

2144 1261 2266 1328 άγει
2285 1259 2326 1291 δ’
2363 1261 2442 1322 εἰς
2476 1260 2649 1322 πύλας
2677 1260 2802 1330 ᾅδου
2833 1261 2926 1312 καὶ
2945 1259 3154 1326 ἀνάγει.
3188 1260 3298 1311 Καὶ
3315 1258 3376 1310 οὑ
3401 1259 3528 1328 περὶ
3547 1275 3793 1322 στρατιω⁹

2142 1343 2251 1394 τῶν
2281 1339 2400 1394 εἷπε
2437 1343 2617 1412 μόνον,
2649 1343 2785 1395 ἀλλά
2831 1342 2925 1395 καὶ
2951 1348 3078 1411 περὶ
3106 1341 3327 1394 δούλωνο
3366 1341 3502 1412 ὅπερ
3533 1337 3603 1411 ἦν
3630 1342 3793 1410 μείζο-

2144 1441 2233 1485 νος
2266 1425 2534 1494 ὑπακοῆς.
2580 1426 2717 1479 ’Δλλ’
2744 1427 2892 1495 ὅμως
2924 1425 3018 1478 καὶ
3046 1423 3313 1495 τοσαύτην
3343 1425 3527 1477 πίστιν
3552 1424 3703 1493 ἔχων,
3726 1423 3793 1474 ἐτι

2145 1506 2361 1572 ἀνάξιον
2382 1508 2571 1560 ἐαυτὸν
2591 1503 2731 1561 εἶναι
2755 1507 3021 1578 ἐνόμιζεν.
3061 1507 3118 1559 'U
3135 1507 3191 1560 δὲ
3219 1507 3451 1576 Χριστὸς
3467 1506 3700 1568 δεικνὺς,
3723 1505 3792 1556 ὅτι

2147 1588 2296 1653 ἄξιός
2329 1591 2442 1642 ἐστι
2478 1589 2524 1620 ⁸³
2559 1592 2653 1644 τοῦ
2693 1591 2952 1644 εἰσελθεῖν
2982 1591 3061 1654 εἰς
3089 1591 3186 1658 τὴν
3216 1589 3392 1643 οἰκίαν
3421 1587 3607 1650 αὑτοῦ,
3636 1585 3795 1655 πολλῷ

2152 1671 2372 1739 μείζονα
2409 1672 2653 1742 ἐποίησε,
2697 1673 2992 1742 θαυμάζων
3037 1673 3220 1735 αὐτὶν,
3267 1671 3360 1724 καὶ
3399 1671 3791 1740 ἀνακηρύττων,

2149 1749 2242 1802 καί⁵
2271 1749 2486 1803 πλείονα
2515 1751 2688 1816 διδοὺς
2715 1746 2789 1805 ὧν
2811 1752 2998 1823 ᾔτησε.
3036 1753 3144 1804 Καὶ
3173 1753 3282 1822 γάρ
3303 1749 3462 1823 ἦλθεν
3487 1754 3694 1820 ὑγίειαν
3714 1753 3794 1820 ζη-

2146 1833 2256 1885 τῶν
2279 1833 2356 1904 τῶ
2379 1835 2529 1888 παιδὶ
2555 1837 2891 1907 σωματικὴν,
2917 1837 3008 1890 καὶ
3041 1835 3315 1906 βασιλείαν
3337 1835 3515 1890 λαϐὼν
3549 1837 3792 1903 ἀπῆλθεν.

2149 1912 2304 1980 Εἶδες
2334 1919 2450 1980 πῶς
2475 1919 2576 1988 ἤδη
2597 1919 2950 1989 ἐπεπλήρωτο
2978 1919 3056 1981 τὸ,
3088 1919 3324 1986 Ζητεῖτε
3354 1920 3466 1984 τὴν
3486 1921 3796 1984 ,βασιλείαν

2148 1998 2266 2052 τῶν
2291 1999 2580 2066 οἰῬανῶν,
2607 2001 2700 2054 καί
2723 1997 3123 2054 ταῦτα’πὰντα
3149 2002 3618 2070 προστεθήσεται
3641 2003 3794 2070 ὑμῖνξ

2161 2079 2378 2152 Ἐπειδὴ
2420 2082 2463 2114 ⁸³
2503 2084 2611 2152 γὰρ
2655 2083 2854 2156 πολλὴν
2891 2084 3072 2137 πίστιν
3103 2085 3413 2150 ἐπεδείξατο
3445 2088 3542 2138 καὶ
3568 2103 3796 2138 ταπεινο-

2149 2163 2443 2234 φροσύνην,
2504 2168 2596 2218 καὶ
2645 2166 2734 2219 τὸν
2783 2167 3010 2237 ούρανὸν
3067 2167 3252 2229 ἔδωκε,
3309 2168 3402 2220 καὶ
3452 2168 3553 2236 τὴν
3609 2169 3796 2234 ὑγίειαν

2149 2245 2297 2315 αὑτῷ
2349 2247 2655 2316 προσέθηκε
2690 2266 2702 2278 ⁸
2736 2247 2886 2320 [5191
2931 2249 3025 2302 καὶ
3072 2249 3132 2301 οὑ
3186 2247 3357 2319 τούτῳ
3413 2250 3572 2320 μόνον
3627 2249 3797 2316 ἐτίμη-

2151 2342 2262 2385 σεν.
2309 2328 2445 2381 ἀλλά
2490 2331 2584 2381 καὶ
2636 2331 2713 2401 τῷ
2751 2331 2940 2394 δεῖξαι,
2990 2331 3150 2384 τίνων
3201 2331 3610 2400 ἐκϐαλλομένων
3654 2330 3797 2391 αὐτὸς

2149 2409 2446 2477 εἰσάγεται.
2507 2412 2615 2464 Καὶ
2669 2411 2775 2483 γάρ
2819 2412 3064 2465 ἐντεῦθεν
3115 2413 3212 2483 ήδη
3261 2412 3444 2465 λοιπὸν
3488 2417 3622 2466 πᾶσι
3673 2414 3799 2464 ποιεῖ

2149 2491 2443 2563 γνώριμον,
2485 2495 2566 2547 ὅτι
2603 2495 2711 2548 ἀπὸ
2739 2495 3031 2563 πίστεωςή
3067 2497 3326 2566 σωτηρία,
3360 2496 3460 2548 οὑκ
3499 2496 3607 2548 ἀπὸ
3640 2496 3798 2565 ἔργων

2149 2573 2258 2626 τῶν
2312 2575 2452 2628 κατὰ
2501 2576 2684 2646 νόμον.
2735 2577 2934 2646 Διόπερ
2988 2577 3088 2630 οὑκ
3139 2578 3408 2640 Ἰουδαίοις
3464 2578 3644 2648 μόνον,
3679 2577 3798 2630 ἀλλά

2152 2656 2244 2709 καὶ
2278 2656 2453 2710 ἔθνεσι
2475 2658 2536 2711 τὸ
2565 2659 2664 2728 τῆς
2692 2659 2898 2730 δωρεᾶς
2922 2659 3124 2728 ταύτης
3147 2661 3513 2731 προκείσεται·
3551 2663 3642 2714 καὶ
3676 2661 3800 2714 ἐκεί-

2150 2755 2261 2801 νοις
2299 2740 2496 2809 μᾶλλον
2533 2743 2565 2811 ἢ
2603 2741 2830 2805 τούτοις.
2865 2743 2956 2813 Μὴ
2981 2745 3088 2814 γάρ
3121 2743 3183 2815 δὴ
3210 2745 3490 2815 νομίσητε,
3524 2744 3704 2813 φησὶν,
3729 2746 3796 2796 ὃτι

2152 2822 2244 2874 ἐπὶ
2299 2823 2488 2876 τούτου
2536 2824 2727 2892 γέγονε
2773 2826 2930 2880 τοῦτο
2982 2827 3159 2896 μόνον·
3207 2828 3299 2880 καὶ
3340 2828 3448 2898 7&9
3493 2828 3540 2860 “
3586 2829 3674 2880 ἐπὶ
3712 2827 3798 2895 τῆς

2151 2906 2473 2976 οἰκουμένης
2511 2908 2729 2978 ἀπάσης
2774 2908 2932 2962 τοῦτο
2976 2909 3145 2965 ἔσται.
3185 2909 3354 2963 Τοῦτο
3381 2910 3439 2964 δέ
3482 2910 3656 2978 ἔλεγε.
3686 2908 3798 2981 περὶ

2150 2989 2257 3042 τῶν
2287 2989 2456 3044 ἐθνῶν
2485 2991 2860 3063 προφητεύων,
2897 2993 2990 3046 καὶ
3033 2992 3272 3063 χρηστάς
3303 2993 3484 3056 αὑτοῖς
3523 2992 3798 3046 ὑποτείνων

2149 3073 2390 3136 ἐλπίδας.
2429 3075 2536 3128 Καὶ
2570 3073 2680 3145 7&9
2706 3069 2845 3144 ἦσαν
2878 3075 2972 3128 καὶ
3000 3075 3107 3129 ἀπὸ
3141 3075 3427 3141 Γαλιλαίας
3461 3074 3797 3129 ἀκολουθοῦν⁴

2148 3173 2240 3220 τες
2263 3157 2360 3226 τῆς
2390 3156 2495 3210 τῶν
2520 3156 2708 3210 ἐθνῶν.
2745 3157 2927 3211 Ταῦτα
2975 3157 3031 3210 δέ
3077 3157 3252 3225 ἔλεγε,
3289 3160 3414 3221 τούς
3468 3175 3528 3210 τε
3574 3157 3798 3218 ἐθνικοὺς

2149 3239 2249 3292 οὑκ
2279 3239 2458 3308 ἀφιεὶς
2487 3239 2821 3306 ἀπογνῶναι,
2867 3239 2976 3292 τῶν
3012 3255 3071 3292 τε
3121 3239 3388 3293 Ἰουδαίων
3428 3239 3701 3310 καθαιρῶν
3738 3237 3798 3290 τὰ

2150 3323 2491 3393 φρονήματα.
2538 3323 2699 3374 Ὥστε
2744 3323 2800 3374 δὲ
2843 3322 2916 3393 μὴ
2965 3323 3299 3394 προσστῆναι
3333 3323 3380 3354 ⁸⁵
3418 3323 3478 3376 τὸ
3525 3323 3796 3392 λεγόμενον

2148 3407 2259 3467 τοῖς
2283 3404 2562 3468 ἀκούουσι,
2590 3405 2723 3476 μηδέ
2751 3409 3054 3475 παρασχεῖν
3085 3406 3265 3469 αὑτοῖς
3303 3405 3474 3476 λαϐὴν
3511 3406 3794 3476 μηδεμίαν,

2154 3486 2280 3540 οὗτε
2310 3487 2739 3558 προηγουμένως
2762 3489 2807 3519 ⁸⁸
2830 3488 2918 3541 τὸν
2945 3490 3071 3559 περὶ
3095 3488 3201 3541 τῶν
3217 3488 3386 3540 ἐθνῶν
3403 3489 3614 3555 εἰσάγει
3634 3488 3794 3554 λόγον,

2148 3570 2265 3625 ἀλλ’
2292 3572 2546 3642 ἀφορμὴν
2581 3571 2759 3624 λαϐὼν
2789 3574 2898 3628 ἀπὸ
2940 3571 3031 3626 τοῦ
3071 3571 3466 3642 ἑκατοντάρχου
3492 3612 3506 3632 ,
3545 3571 3666 3624 οὒτε
3715 3586 3796 3636 γυ-

2153 3654 2282 3724 μνὸν
2306 3653 2365 3706 τὸ
2403 3653 2570 3725 ϐνομα
2595 3655 2701 3708 τῶν
2733 3655 2900 3709 ἐθνῶν
2933 3655 3161 3726 τίθησιν.
3198 3655 3272 3709 Οὐ
3299 3656 3409 3727 γάρ
3442 3651 3593 3716 εἰπε,
3624 3650 3796 3707 Πολλοὶ

2147 3736 2256 3789 τῶν
2279 3735 2468 3798 ἐθνῶν,
2495 3736 2650 3800 ἀλλά,
2683 3737 2900 3791 Πολλοὶ
2921 3739 3040 3792 ἀπὸ
3069 3737 3379 3792 ἀνατολῶν
3406 3737 3500 3790 καί
3527 3735 3763 3805 δυσμῶν
3779 3749 3793 3766 °

2148 3821 2284 3892 ὅπερ
2310 3815 2378 3892 ἦν
2393 3819 2679 3890 δηλοῦντος
2718 3821 2783 3872 τά
2825 3820 2972 3892 ἐθνη,
3007 3821 3067 3873 οὑ
3097 3820 3424 3892 προσίστατο
3452 3820 3510 3873 δὲ
3536 3819 3674 3872 οὕτω
3697 3819 3794 3880 τοῖς

2147 3903 2403 3958 ἀκούουσι
2428 3919 2439 3933 ·
2474 3902 2928 3972 συνεσκιασμένον
2957 3902 3065 3973 7&9
3091 3898 3158 3973 ἦν
3187 3902 3248 3955 τὸ
3275 3902 3483 3972 λεχθέν.
3537 3903 3612 3956 υὺ
3639 3900 3793 3969 ταύτῃ

2147 3987 2204 4040 δέ
2237 3988 2397 4059 μόνον
2431 3987 2836 4058 παραμυθεῖται
2870 3986 2967 4058 τὴν
2995 3985 3256 4040 δοκοῦσαν
3282 3980 3533 4053 εἰναιτῆς
3563 3985 3795 4038 διδασκα-

2147 4069 2268 4135 λίας
2307 4071 2674 4142 καινοτομίαν,
2712 4069 2846 4123 ἀλλά
2879 4070 2972 4122 καὶ⁵
3007 4068 3086 4140 τῷ
3120 4070 3248 4132 τοὺς
3291 4069 3524 4131 κόλπους
3565 4067 3795 4139 Ἀϐραὰμ

2148 4153 2269 4208 ἀντὶ
2307 4155 2406 4226 τῆς
2446 4154 2718 4226 βασιλείας
2751 4156 2943 4208 εἰπεῖν.
2989 4152 3121 4206 Ούδέ
3162 4151 3271 4223 7&9
3317 4153 3492 4205 ἐκεῖνο
3539 4151 3794 4221 γνώριμον

2148 4237 2333 4300 αὐτοῖς
2379 4237 2441 4290 τὸ
2487 4236 2659 4306 ὄνομα
2693 4233 2781 4307 ἦν,
2835 4234 2930 4288 καὶ
2977 4231 3238 4304 μειζόνως
3275 4233 3468 4295 αὑτοὺς
3517 4233 3728 4285 ἔδακνεν
3769 4231 3794 4282 6

2161 4319 2410 4390 Ἀϐραὰμ
2436 4320 2517 4383 εἰς
2545 4318 2605 4372 τὸ
2641 4318 2802 4389 μέσον
2826 4317 3021 4379 τεθείς.
3071 4314 3161 4369 Διὸ
3183 4315 3278 4369 καὶ
3315 4315 3345 4368 6
3388 4314 3637 4385 Ἰωάννης
3659 4312 3793 4365 οὐδὲν

2147 4402 2348 4465 εὐθέως
2367 4403 2493 4472 περὶ
2508 4401 2732 4472 γεέννης
2762 4399 2934 4464 εἶπεν,
2961 4399 3076 4454 ἀλλ’
3095 4398 3124 4452 6
3146 4397 3378 4469 μάλιστα
3397 4397 3592 4460 αύτούς
3627 4395 3793 4449 ἐλύπει

2149 4485 2310 4555 φησίν
2343 4501 2358 4516 '
2413 4484 2509 4552 Μὴ
2561 4484 2777 4551 δόξητε
2821 4485 3060 4553 λέγειν,
3107 4480 3196 4534 ὅτι
3229 4479 3436 4545 παῖδές
3479 4479 3665 4548 ἐσμεν
3700 4477 3793 4530 τοῦ

2161 4565 2405 4635 Ἀϐραάμ
2426 4566 2494 4621 ⁸⁷.
2516 4565 2664 4619 Μετά
2683 4565 2739 4618 δέ
2761 4565 2966 4619 τούτων
2990 4564 3082 4618 κα)⁸
3099 4562 3284 4633 ἕτερον
3313 4558 3721 4624 κατασκευάζει,
3742 4557 3793 4610 :6

2149 4651 2225 4723 μὴ
2253 4651 2400 4718 δόξαι
2427 4649 2666 4713 ἐναντίος
2691 4667 2774 4713 τις
2806 4644 2944 4702 εἰναι
2971 4650 3038 4720 τῇ
3069 4647 3271 4716 παλαιᾷ
3301 4644 3561 4716 πολιτείᾳ.
3608 4645 3663 4697 '0
3698 4644 3792 4723 7&9

2144 4720 2270 4795 τοὺς
2296 4731 2640 4803 πατριάρχας
2665 4729 2974 4800 θαυμάζων,
3005 4729 3098 4782 καὶ
3117 4726 3268 4798 λῆξιν
3291 4724 3511 4794 ἀγαθῶν
3533 4725 3656 4786 τοὺς
3672 4720 3807 4803 ἐκείοη

2145 4833 2251 4868 νων
2273 4802 2514 4878 κόλπους
2533 4811 2732 4875 καλῶν,
2753 4814 2817 4865 ἐκ
2838 4811 3038 4882 πολλῆς
3063 4811 3164 4880 τῆς
3197 4807 3509 4880 περιουσίας
3542 4807 3634 4860 καὶ
3675 4802 3790 4857 :06-

2144 4915 2244 4966 την
2265 4896 2478 4967 ἀναιρεῖ
2512 4893 2610 4966 τὴν
2638 4893 2913 4951 ὑπόνοιαν.
2943 4894 3147 4965 Μηδεὶς
3178 4887 3272 4946 οῦν
3314 4891 3443 4963 μίαν
3487 4884 3625 4942 εἰναι
3651 4903 3789 4956 νομι-

2145 4979 2283 5044 ζέτω
2309 4981 2405 5050 τὴν
2430 4978 2658 5049 ἀπειλήν
2680 4995 2695 5010 ’
2720 4977 2882 5048 διπλῆ
2905 4977 3013 5048 γάρ
3036 4978 3152 5030 ἐστι
3168 4975 3260 5029 καὶ
3285 4973 3489 5036 τούτοις
3511 4974 3543 5042 ἡ
3566 4971 3788 5030 κόλασις,

2145 5063 2418 5127 κάκείνοις
2439 5066 2473 5136 η
2506 5059 2810 5132 εὐφροσύνη
2831 5075 2845 5091 ⁸
2889 5059 3100 5122 τούτοις
3127 5059 3246 5130 μὲν,
3281 5058 3379 5126 οὑχ
3417 5057 3500 5131 ὅτι
3531 5055 3786 5136 ἐξέπεσον.

2145 5147 2258 5202 ἀλλ’
2290 5147 2371 5199 6::
2396 5134 2505 5199 τῶν
2537 5143 2684 5198 ἰδίων
2716 5141 2972 5207 ἐξέπεσον
2992 5158 3006 5172 ·
3035 5142 3264 5204 ἐκείνοις
3284 5140 3361 5204 δέ,
3384 5138 3483 5208 οὑχ
3510 5138 3592 5190 6::
3616 5134 3789 5204 ἐπέτυ-

2144 5248 2256 5301 χον,
2282 5229 2395 5284 ἀλλ⁹
2419 5229 2500 5283 δτι
2529 5227 2574 5260 ⁸⁸
2607 5219 2683 5280 ὧν
2715 5225 2775 5279 οὑ
2806 5223 3148 5296 προσεδόκων
3179 5223 3438 5301 ἐπέτυχον
3464 5237 3477 5250 ’
3522 5219 3612 5273 καὶ
3647 5215 3786 5301 τρίτη

2147 5295 2284 5386 μετά
2335 5314 2556 5374 τούτων.
2597 5313 2678 5366 δτι
2730 5309 2800 5363 τά
2844 5295 3066 5363 ἐκείνων
3113 5307 3304 5361 ἔλαϐον
3354 5299 3520 5358 οὗτοι.
3553 5301 3706 5386 Υἰοὺς
3738 5295 3787 5386 εξ

2146 5377 2420 5469 βασιλείας
2472 5395 2657 5468 φησὶν,
2716 5387 2798 5457 οἷς
2839 5394 2873 5465 ή
2920 5392 3162 5463 βασιλεία
3217 5387 3284 5462 ἦν
3327 5384 3722 5469 ἡτοιμασμένη)

443 5485 487 5560 '_’
521 5463 1280 5560 προϐαλέσθαᾲι-(οῐιιίδεῖ).Ρ.
1320 5463 1679 5560 ῌίίέπῇησε]
1718 5463 1857 5541 εἶναι
1888 5489 1990 5560 ἐνόι

2235 5487 2293 5560 1.-
2314 5463 2745 5560 Ῥευιο-ιέῃιοείς
2771 5463 2876 5560 τὴν
2894 5481 3077 5560 οἰκίαν
3104 5495 3212 5560 om_.
3245 5475 3439 5560 _Gc.
3485 5463 3782 5560 "1“!5285‘31

376 5555 500 5630 add:
521 5554 660 5630 ,ὅντα
830 5557 891 5630 ‘_'_
916 5557 1100 5630 δῇλονι
1131 5558 1286 5629 δῆλος
1318 5555 1384 5630 ἦν
1414 5561 1472 5614 C.
1517 5558 1577 5612 F.

1677 5553 1721 5590 ³⁸
1751 5553 2080 5628 τασσόμενος
2127 5556 2312 5628 οιιι.νΑ
2361 5553 2479 5628 E._1
2521 5553 2686 5628 Mosqf

2769 5534 3010 5614 ³⁷-ἀὺτὸς
3052 5551 3080 5604 6
3118 5550 3211 5602 καὶ
3247 5547 3380 5610 Θεὸς
3413 5544 3508 5598 καὶ
3533 5534 3692 5614 C:

377 5601 821 5696 ξδ’-σφόδρα
853 5601 1108 5681 Edli'fnn’;
1597 5628 1659 5683 E.
1735 5601 1924 5681 ιὶῖιῖτὲ

2236 5601 3267 5696 1⁸’κατάγειν-εὖνάγεινΕόῖἰζζπύλας
3305 5601 3419 5696 mil:
3452 5614 3515 5674 Α.
3593 5611 3636 5642 δ’

373 5690 443 5819 ἔξιέ
477 5694 534 5820 lg.
615 5690 845 5749 “"E'nel
875 5696 1006 5778 Edd.
1082 5699 1128 5730 ι*
1169 5700 1263 5753 καὶ
1297 5699 1403 5768 7&9
1429 5700 1522 5753 καὶ
1553 5698 1684 5753 Edd.
1763 5698 1807 5730 “
1837 5690 2159 5786 Sicisc5ipsi
2203 5713 2266 5751 ex
2317 5690 2589 5779 ρτίεειιριο
2623 5695 2800 5763 Etym.
2837 5690 2905 5772 ἐς.
3024 5690 3149 5753 700,
3177 5690 3260 5742 18.
3285 5690 3442 5741 codd.
3481 5703 3518 5736 π

445 5766 728 5840 ...οίιιείοη
764 5768 829 5823 ad
861 5766 1014 5840 Dum.
1053 5770 1131 5840 Η.
1159 5770 1226 5823 de
1254 5784 1430 5840 comp.
1466 5787 1555 5840 νγ.
1606 5767 1828 5840 ρηιιι.
1852 5837 1865 5840 _
1925 5768 2063 5840 Μ[ου
2099 5780 2512 5840 προηγουμένον
2540 5773 2612 5840 _el.
2657 5761 2818 5834 paulo
2863 5777 2914 5814 In
2945 5777 2998 5815 ra
3051 5759 3130 5814 6:6
3162 5757 3306 5813 οὔτε.
3351 5757 3414 5811 Δ.
3459 5753 3518 5807 Ε.

373 5764 728 5838 (Σὴδοίιιείον.
764 5768 829 5823 ad
861 5766 1014 5822 Dion.
1053 5770 1118 5823 Η.
1159 5770 1226 5823 de
1254 5764 1430 5838 cdnfp.
1466 5787 1555 5823 vv.
1606 5785 1658 5838 ι).
1703 5767 1822 5820 HL

2981 5730 2992 5742 .
3024 5690 3149 5798 7:2,
3177 5688 3260 5798 1'8.
3285 5686 3442 5798 eoid.
3459 5679 3784 5798 1’,προσεξικοὲιέ

372 5835 527 5890 Codd.
563 5833 828 5893 ct’Vcrss.
872 5839 952 5893 6::
1000 5839 1212 5908 πατέρα
1251 5833 1445 5908 ἔχομεν
1485 5838 1574 5893 τὸν
1603 5833 1716 5894 Ἃϐ.
1753 5837 1889 5893 Edd.

1051 5839 1212 5908 ιτέρα
1251 5833 1445 5908 ἔχομεν
1485 5838 1574 5893 τὸν
1603 5833 1716 5894 Ἃϐ.
1753 5837 1889 5893 Edd.
1958 5838 2002 5870 ⁵⁵
2028 5833 2155 5910 ὅτιγ
2175 5833 2298 5893 add.
2327 5833 2419 5889 καὶ
2449 5833 2510 5889 C.
2540 5834 2598 5887 D.
