3868 6182
160 259 261 315 S37

164 372 256 425 Die
275 371 451 434 .perbo.
479 370 661 441 Neque
683 371 826 425 illum
853 371 923 425 ita
951 385 1149 426 ntmror
1169 373 1418 439 turbavit,
1446 372 1541 428 sed
1573 374 1733 429 etiam

157 464 208 517 in
237 463 545 518 calamitate
594 462 1083 532 pbilosophabatur,
1136 479 1241 518 non
1290 473 1397 519 tam
1445 465 1741 534 respiciens

152 554 219 609 ad
250 556 402 624 pueri
434 554 811 622 valetudinem,
841 568 997 623 quam
1025 568 1094 608 ne
1119 554 1247 623 quid
1280 554 1394 624 ipse
1432 554 1610 611 minus
1640 555 1738 611 de-

151 654 341 700 center
382 646 603 701 l‘aceret.
652 646 982 715 Quamquam
1022 659 1128 700 non
1181 646 1296 715 ipse
1344 647 1592 716 petebat,
1643 647 1736 703 sed

150 734 400 791 Christus
426 751 543 791 sese
566 736 759 791 obtulit
787 752 800 788 :
829 744 1059 791 attamen
1088 735 1167 790 sic
1210 750 1421 805 quoque
1466 738 1640 792 timuit
1668 754 1737 794 ne

151 826 287 883 ultra
336 842 493 895 quam
524 827 751 897 dignitas
797 842 891 881 sua
930 828 1221 898 postularet
1261 828 1547 899 acciperet,
1598 845 1735 886 neve

148 932 262 971 rem
291 931 511 987 gravem
538 918 761 973 subiret.
784 917 1031 973 Vidistin’
1055 919 1174 987 ejus
1204 919 1573 988 prudentiam?
1601 922 1733 976 Per-

147 1007 325 1077 pende
348 1007 652 1063 Judreorum
674 1007 953 1062 stultitiam
984 1009 1294 1074 dicentium,
1325 1009 1524 1080 Dignus
1552 1021 1625 1065 est
1652 1012 1734 1065 cui

144 1100 365 1170 gratiam
391 1104 623 1170 conferas
650 1098 801 1167 (Luc.
827 1099 878 1153 7.
901 1099 982 1168 ι).
1010 1099 1145 1154 Cum
1173 1109 1445 1169 oporteret
1469 1100 1536 1155 ad
1565 1101 1731 1157 mise-

144 1190 434 1245 ricordiam
458 1189 582 1245 Jcsu
614 1190 917 1260 confugere,
962 1190 1036 1244 illi
1066 1191 1376 1260 dignitatem
1414 1192 1728 1259 obtendunt,

145 1297 317 1351 neque
342 1297 449 1351 quo
487 1290 642 1351 pacto
682 1281 974 1337 obtendere
1015 1283 1248 1352 Oportuit
1286 1286 1484 1339 sciunt.
1532 1284 1728 1339 Verum

144 1387 247 1427 non
277 1374 351 1427 ita
380 1372 501 1436 ille;
533 1371 627 1427 sed
664 1387 724 1427 se
761 1372 981 1427 omnino
1025 1373 1297 1443 indignum
1334 1373 1545 1429 dicebat
1584 1389 1725 1443 esse,

143 1480 246 1517 non
290 1463 453 1517 modo
497 1462 763 1529 beneﬁcii,
810 1464 903 1519 sed
945 1464 1102 1519 ctiam
1143 1464 1232 1534 qui
1283 1463 1554 1519 Christum
1581 1465 1725 1521 domi

142 1554 426 1624 reciperet.
460 1554 816 1621 Quamobrem
845 1571 967 1610 cum
1006 1554 1249 1619 dixisset,
1294 1554 1434 1609 Puer
1461 1572 1599 1611 meas
1631 1559 1725 1627 ja-

140 1656 234 1709 cet,
266 1660 373 1699 non
406 1644 699 1714 subjunxit,
749 1646 862 1710 Dic,
893 1655 1157 1713 metuens,
1189 1663 1255 1702 ne
1300 1647 1545 1718 indignus
1583 1658 1727 1705 esset

138 1740 229 1793 tali
252 1738 399 1793 dono
434 1739 570 1794 :sed
609 1738 965 1794 calamitatem
1011 1739 1181 1794 solum
1229 1739 1536 1795 declaravit.
1590 1740 1723 1808 Quia

138 1847 268 1890 vero
299 1830 431 1885 vidit
467 1830 740 1885 Christum
783 1844 904 1885 sese
945 1830 1011 1885 ad
1050 1830 1282 1887 eundum
1316 1843 1615 1901 parantem,
1655 1848 1724 1889 ne

135 1926 211 1980 sic
234 1925 456 1996 quidem
484 1922 575 1980 ille
606 1922 657 1975 in
685 1936 798 1976 rem
828 1921 1058 1976 oblatam
1092 1922 1297 1989 insiliit,
1325 1922 1420 1978 sed
1464 1923 1638 1979 adhuc
1667 1928 1719 1980 in

134 2017 300 2086 gradu
328 2017 430 2071 sibi
461 2012 773 2087 congruenti
796 2013 1010 2070 mansit.
1035 2012 1089 2068 Si
1119 2014 1239 2083 quis
1266 2029 1396 2070 vero
1424 2014 1584 2081 dicat,
1612 2016 1722 2071 Cur

134 2110 380 2165 Christus
421 2109 569 2164 illum
614 2124 721 2164 non
762 2110 962 2179 pariter
990 2104 1309 2163 honoravit?
1341 2106 1565 2162 dixerim
1595 2122 1717 2179 ego,

134 2217 383 2271 magnum
409 2202 507 2272 ipsi
532 2202 790 2258 honorem
818 2202 1085 2258 retulisse.
1115 2200 1296 2257 Primo
1316 2201 1551 2270 quidem,
1578 2203 1720 2271 quod

133 2292 371 2345 animum
401 2307 727 2363 pronamque
755 2292 1076 2348 voluntatem
1108 2290 1421 2358 ostenderit,
1451 2307 1570 2360 quae
1600 2306 1716 2347 ma-

132 2384 275 2438 xime
294 2383 562 2452 apparuit,
593 2382 715 2453 quia
754 2383 868 2452 ipse
907 2383 961 2437 in
986 2382 1206 2439 domum
1247 2384 1363 2453 ejus
1391 2399 1498 2439 non
1531 2382 1713 2448 venit;

132 2473 388 2539 secundo,
421 2473 564 2544 quod
603 2474 750 2528 illum
797 2474 849 2528 in
898 2489 1118 2543 regnum
1163 2474 1536 2541 introduxerit,
1566 2492 1717 2531 euin-

132 2584 231 2635 que
253 2568 350 2623 toti
377 2566 615 2622 Judaiczc
647 2567 788 2636 genti
816 2567 1184 2637 praeposuerit.
1215 2567 1349 2634 Quia
1379 2568 1518 2622 enim
1551 2584 1610 2624 se
1634 2570 1716 2623 itt-

131 2662 347 2730 dignum
394 2659 726 2729 judicaverat
766 2660 855 2730 qui
906 2659 1177 2715 Christum
1229 2660 1371 2714 domi
1428 2660 1709 2730 reciperet,

132 2753 287 2807 etiam
320 2766 485 2822 regno
511 2751 700 2822 dignus
723 2750 944 2806 ell‘ectus
973 2760 1071 2815 est,
1102 2761 1156 2805 et
1175 2751 1359 2806 eadem
1384 2767 1503 2823 qua:
1539 2752 1712 2808 Abra-

132 2842 247 2896 ham
275 2853 638 2911 consequutus
659 2851 744 2897 est
767 2843 923 2897 bona.
950 2841 1017 2896 Et
1036 2857 1139 2911 qua
1174 2841 1241 2896 de
1265 2857 1443 2907 causa,
1482 2842 1710 2913 inquies,

130 2934 396 3003 leprosus,
441 2935 529 3003 qui
575 2933 658 2988 his
695 2933 895 3002 majora
938 2933 1269 3000 exhibuerat,
1316 2949 1424 2988 non
1473 2934 1714 2991 laudatus

129 3029 239 3081 est?
266 3026 454 3097 Neque
477 3027 616 3080 enim
640 3027 771 3080 dixit
797 3026 905 3093 ille,
930 3026 1028 3081 Dic
1054 3026 1198 3081 verba
1220 3042 1240 3091 ;
1273 3027 1365 3082 sed
1395 3028 1535 3098 quod
1557 3029 1714 3099 longe

129 3122 297 3190 majus
326 3133 463 3185 erat,
495 3120 639 3175 Velis
670 3120 1035 3175 tantummodo
1067 3136 1079 3172 :
1112 3120 1161 3174 id
1189 3120 1328 3189 quod
1357 3121 1424 3175 de
1447 3121 1602 3176 Patre
1639 3122 1715 3177 ait

127 3213 387 3282 prepheta
417 3229 430 3265 :
466 3209 685 3275 Omnia,
739 3227 1062 3280 quaecumque
1114 3211 1301 3272 voluit,
1367 3213 1485 3283 fecit
1538 3212 1708 3283 (Psal.

128 3304 246 3357 IIS.
274 3303 331 3357 5.
364 3300 528 3371 UH).
562 3302 753 3354 Verum
785 3302 876 3356 ille
905 3315 1115 3370 quoque
1150 3301 1396 3356 laudatus
1434 3310 1536 3357 est.
1577 3302 1710 3358 Cmn

124 3394 264 3447 cnim
287 3393 445 3455 dixit,
478 3392 620 3457 0/[er
640 3392 847 3457 donum,
872 3393 1007 3462 quod
1028 3393 1265 3462 praecepit
1294 3392 1514 3463 Moyses,
1546 3395 1599 3449 in
1640 3404 1714 3449 te-

122 3486 417 3539 stimonium
456 3485 577 3551 illis,
610 3484 743 3538 nihil
768 3485 909 3539 aliud
939 3493 1054 3540 erat
1088 3500 1245 3555 quam
1276 3486 1473 3552 dicere,
1513 3487 1593 3542 Tu
1618 3503 1710 3543 ac-

121 3576 340 3630 cusabis
378 3575 513 3638 illos,
555 3576 677 3644 quia
715 3575 1011 3630 credidisti.
1056 3576 1305 3646 Alioquin
1344 3592 1447 3631 non
1490 3578 1710 3647 perinde

121 3677 237 3722 erat
282 3667 551 3729 ludatum,
598 3676 755 3737 atque
800 3678 1111 3722 extraneum
1162 3667 1412 3737 gentilem
1465 3669 1707 3726 credere.

122 3759 275 3826 Quod
303 3759 447 3813 enim
475 3759 715 3812 centurio
742 3758 957 3813 Judaeus
986 3774 1091 3813 non
1119 3769 1281 3825 esset,
1321 3759 1371 3813 id
1420 3761 1586 3829 liquet
1624 3761 1711 3817 vel

122 3867 182 3905 ex
209 3867 276 3905 eo
298 3851 442 3920 quod
468 3851 710 3904 centurio
738 3857 899 3916 esset,
932 3858 987 3905 et
1025 3850 1167 3920 quod
1200 3850 1440 3907 Christus
1465 3851 1659 3908 dixerit
1692 3871 1707 3908 :

123 3940 305 4012 Neque
332 3942 388 3994 in
419 3939 578 3995 Israel
602 3949 793 3994 tantam
818 3942 971 4010 ﬁdem
996 3941 1183 3995 inveni.

188 4036 247 4090 4.
277 4035 513 4104 Eratque
550 4033 787 4102 profecto
825 4048 909 4089 res
940 4048 1150 4103 magna,
1193 4033 1459 4090 hominem
1499 4036 1586 4105 qni
1618 4051 1712 4091 cx-

122 4139 199 4183 tra
228 4127 539 4182 Judmorum
560 4126 856 4196 catalogum
885 4136 1020 4193 erat,
1052 4134 1197 4181 tanta
1217 4127 1284 4181 de
1319 4127 1533 4183 Christo
1560 4130 1709 4199 cogi-

124 4230 285 4274 tasse.
318 4218 473 4283 Nam,
502 4227 559 4273 ut
593 4218 723 4272 mihi
761 4217 987 4280 videtur,
1014 4232 1278 4287 supernos
1318 4218 1406 4272 ille
1443 4221 1711 4275 exercitus

124 4319 305 4365 mente
334 4318 687 4378 conceperat;
735 4308 1074 4377 morbosque,
1109 4319 1333 4362 mortem
1360 4310 1568 4379 aliaque
1596 4326 1711 4364 om-

123 4405 208 4458 nia
242 4404 311 4458 ita
338 4400 554 4457 Christo
591 4402 828 4471 subjecta
859 4416 997 4466 esse,
1031 4411 1086 4454 ut
1120 4401 1314 4455 milites
1352 4403 1474 4457 sibi.
1510 4403 1710 4468 Quam-

123 4497 309 4551 obrem
340 4495 549 4550 dicebat
578 4512 591 4548 :
623 4493 760 4548 Nam
785 4511 877 4565 ego
906 4495 1054 4549 homo
1073 4512 1184 4549 sunt
1211 4495 1300 4549 sub
1329 4507 1570 4567 potestate
1594 4515 1712 4552 con-

123 4593 369 4653 stitutas;
419 4590 518 4643 hoc
564 4598 666 4654 est,
695 4588 793 4643 'Tu
840 4589 998 4652 Deus,
1048 4603 1146 4659 ego
1189 4590 1348 4643 homo
1395 4607 1408 4643 :
1461 4605 1561 4660 ego
1613 4591 1712 4645 sub

126 4691 414 4753 potestate,
446 4691 498 4734 tu
531 4698 634 4735 non
661 4680 760 4734 sub
800 4688 1081 4750 potestate.
1108 4678 1164 4734 Si
1193 4694 1292 4749 ego
1329 4680 1507 4748 igitur,
1552 4680 1712 4736 homo

123 4784 177 4829 et
203 4774 307 4828 sub
355 4781 637 4842 potestate,
676 4781 821 4825 tanta
866 4786 1078 4840 possum
1113 4787 1126 4823 :
1160 4772 1327 4825 multo
1374 4772 1540 4842 magis
1576 4772 1709 4840 ipse,

126 4870 213 4937 qui
240 4876 297 4924 et
329 4867 469 4921 Deus
496 4875 579 4922 est
604 4876 658 4920 et
686 4864 783 4919 sub
829 4873 1089 4934 potestate
1129 4879 1233 4919 non
1278 4873 1393 4930 est;
1430 4866 1541 4919 vult
1569 4867 1710 4920 enim

126 4977 191 5016 ex
234 4975 445 5015 summa
493 4958 892 5029 praecutiuentia
936 4958 1041 5014 hoc
1081 4958 1155 5013 illi
1210 4958 1457 5024 suadere,
1497 4975 1558 5015 se
1604 4977 1708 5014 non

124 5053 303 5108 simile
330 5052 633 5121 exemplum
686 5050 897 5116 afferre,
938 5051 1033 5106 sed
1060 5053 1132 5106 rei
1180 5051 1337 5121 longe
1362 5053 1708 5108 sublimioris.

124 5144 259 5199 Nam
301 5145 347 5198 si
379 5158 499 5213 ego,
531 5144 720 5212 inquit,
773 5142 862 5212 qui
906 5158 999 5210 par
1028 5142 1280 5211 subjectis
1325 5158 1464 5208 sum,
1520 5153 1572 5199 et
1612 5145 1713 5199 sub

125 5246 395 5308 potestate
436 5236 774 5299 constitutus,
804 5235 873 5289 ob
902 5250 1115 5305 parvam
1164 5245 1337 5290 tamen
1388 5236 1713 5305 praelectum

123 5329 521 5394 auctoritatem,
557 5337 699 5381 tanta
733 5342 945 5397 possunt
979 5328 1190 5381 nomine
1228 5338 1586 5397 repugnante:
1617 5328 1711 5383 sed

123 5438 244 5493 qua:
277 5418 483 5490 impero
526 5421 725 5485 omnia,
776 5420 991 5474 diversa
1032 5420 1154 5473 licet
1183 5420 1307 5484 sint,
1343 5417 1712 5490 exsequutioni

125 5510 478 5575 mandantur;
512 5512 616 5563 Alii
642 5512 773 5563 enim
798 5512 933 5575 dico,
966 5509 1120 5575 Vade,
1148 5521 1193 5564 et
1214 5511 1348 5564 vadit
1377 5526 1396 5564 :
1419 5513 1528 5575 alii,
1568 5510 1711 5578 Vem,

124 5612 169 5656 et
194 5604 329 5657 venit
363 5617 383 5655 :
413 5603 571 5672 longe
607 5602 805 5668 majora
854 5613 906 5655 lu
946 5604 1163 5672 poteris.
1191 5602 1413 5669 Quidam
1456 5603 1598 5657 hunc
1636 5602 1716 5656 lo.

126 5709 247 5749 cum
271 5695 342 5750 ita
370 5695 553 5766 legunt
583 5715 595 5751 :
631 5695 690 5750 Si
720 5696 849 5749 enim
878 5711 968 5765 ego
997 5695 1144 5747 homo
1171 5710 1283 5747 cam
1310 5695 1426 5761 sint,
1456 5702 1507 5749 ct
1546 5693 1714 5749 inter-

1729 4938 1758 4957 ὑ

1114 259 1179 315 ΙΝ
1218 258 1622 317 blA'l‘Tll/EUM
1662 258 1887 315 llOMIL.
1934 261 2119 318 XXVI.
2161 266 2231 321 al.
2274 266 2484 324 XXVII.

3323 283 3426 338 7:738

1844 375 2132 441 punctione
2154 380 2326 448 posita
2353 381 2696 452 subjungunt,
2735 385 2826 440 sub
2852 397 3091 455 potestate
3114 391 3299 449 habens
3334 397 3427 450 sub

1842 482 1921 520 me
1936 470 2146 525 milites.
2169 471 2249 526 Tu
2275 488 2402 528 vero
2418 476 2725 531 consideres
2750 478 2930 546 ‘velim,
2958 485 3226 551 quomodo
3242 495 3421 543 osten-

1841 555 1932 611 dat
1956 558 2127 628 ipsum
2159 563 2315 616 etiam
2345 566 2502 619 morti
2533 574 2590 620 ut
2627 582 2781 622 servo
2830 569 3111 638 imperare,
3150 583 3202 627 et
3230 570 3437 643 prmci-A

1841 661 1971 716 pere
1997 656 2053 703 ut
2076 649 2370 707 dominum.
2401 652 2535 708 Cum
2556 657 2698 710 enim
2724 658 2868 720 dicit,
2911 659 3056 726 Veni,
3087 673 3135 716 et
3165 666 3314 732 venit,
3343 677 3417 733 et,

1850 736 2008 803 Vade,
2036 748 2083 792 et
2115 743 2270 807 vadit,
2318 743 2372 798 id
2418 745 2680 814 signiﬁcat
2712 766 2724 802 :
2758 748 2814 803 Si
2838 749 3063 817 jusseris
3094 768 3196 807 non
3240 756 3420 811 venire

1838 838 2063 883 mortem
2096 846 2257 900 super
2289 850 2431 899 eum,
2459 852 2563 891 non
2599 838 2793 893 veniet.
2837 840 3019 895 Viden’
3045 859 3203 913 quam
3249 846 3417 903 ﬁdelis

1836 922 2013 974 esset?
2038 921 2189 989 Quod
2225 926 2366 980 enim
2415 929 2663 984 omnibus
2715 941 2894 999 postea
2935 934 3137 989 clarum
3183 937 3415 995 futurum

1837 1018 1971 1077 erat,
2004 1013 2356 1084 omnibusque
2382 1028 2590 1083 notum,
2622 1019 2709 1075 hic
2733 1021 2842 1090 jam
2872 1025 3041 1091 palam
3072 1026 3214 1095 facit,
3244 1030 3413 1097 ipsum

1836 1114 2029 1170 nempe
2069 1102 2267 1160 habere
2302 1116 2614 1174 potestatem
2666 1112 2852 1168 mortis
2890 1124 2943 1168 et
2982 1112 3121 1184 vitm,
3158 1134 3417 1190 posseqne

1834 1189 1900 1244 ad
1934 1201 2111 1260 portas
2138 1196 2324 1250 mortis
2345 1197 2610 1255 deducere
2638 1216 2700 1256 ac
2720 1203 2993 1260 reducere.
3023 1207 3205 1277 Neque
3231 1211 3296 1271 de
3319 1189 3417 1266 mi-

1835 1283 2015 1340 litibus
2043 1287 2215 1343 solum
2259 1288 2410 1354 dixit,
2440 1292 2534 1346 sed
2565 1293 2723 1347 etiam
2753 1293 2821 1349 de
2845 1298 3033 1360 servis,
3066 1300 3207 1368 quod
3248 1302 3415 1371 majo-

1832 1376 1907 1433 ris
1935 1378 2301 1450 obsequentia:
2321 1391 2454 1436 crat.
2498 1385 2743 1440 Attamen
2775 1395 2975 1442 tantam
3006 1389 3205 1446 habens
3230 1393 3409 1460 ﬁdem,

1832 1482 1893 1524 se
1934 1469 2205 1541 indignum
2234 1474 2448 1541 putabat
2474 1490 2489 1539 ;
2532 1474 2777 1533 Christus
2806 1489 2982 1534 autem
3011 1484 3301 1538 ostendens
3330 1487 3413 1539 di-

1830 1572 1994 1628 gnum
2035 1560 2179 1615 illum
2221 1578 2363 1629 esse,
2395 1565 2548 1633 cujus
2573 1565 2788 1622 domum
2822 1569 3062 1637 intraret,
3098 1575 3264 1626 multo
3301 1590 3413 1629 ma-

1825 1648 1943 1719 jora
1992 1652 2042 1706 ei
2089 1656 2336 1717 contulit,
2368 1657 2538 1733 ipsum
2591 1658 2861 1715 admirans
2905 1671 3061 1730 atque
3095 1666 3407 1733 prmdicans,

1830 1740 2088 1810 pluraque
2135 1742 2268 1798 dans
2306 1759 2464 1813 quam
2494 1747 2740 1815 petierat.
2790 1748 2946 1804 Venit
2976 1754 3118 1806 enim
3170 1756 3412 1824 corporis

1827 1832 2054 1887 salutem
2087 1849 2252 1904 puero
2290 1852 2556 1905 qurerens,
2586 1847 2640 1893 et
2684 1850 2903 1911 accepto
2941 1858 3106 1913 regno
3141 1845 3406 1901 discessit.

1829 1922 2019 1979 Viden’
2056 1926 2324 1995 quomodo
2348 1926 2457 1995 jam
2512 1928 2786 1997 impletum
2840 1942 2948 1985 erat
3008 1934 3155 1998 illud,
3192 1935 3413 1999 Quwrite

1825 2031 2035 2086 regnum
2053 2016 2311 2082 cwlorum,
2337 2026 2383 2071 et
2403 2017 2509 2072 haec
2534 2019 2703 2072 omnia
2718 2020 3022 2089 adficientur
3040 2023 3174 2077 vobis
3197 2024 3407 2096 (Matth.

1828 2106 1880 2161 6.
1909 2109 2039 2178 35)?
2076 2108 2213 2175 Quia
2238 2109 2379 2163 enim
2409 2110 2628 2164 multam
2666 2111 2822 2167 ﬁdem
2853 2122 2905 2167 et
2941 2116 3291 2170 humilitatem
3317 2135 3410 2171 ex-

1827 2198 2093 2264 hibuerat,
2123 2210 2178 2255 et
2206 2201 2394 2256 catlum
2421 2200 2588 2268 dedit,
2611 2212 2665 2257 et
2690 2205 2839 2273 pueri
2861 2206 3140 2262 sanitatem
3172 2209 3365 2277 adjecit
3390 2227 3405 2263 :

1824 2306 1925 2347 nec
1946 2293 2117 2362 ipsum
2144 2293 2233 2347 illo
2264 2302 2465 2347 tantum
2488 2294 2645 2349 modo
2668 2294 2967 2362 honoravit,
2991 2298 3083 2352 sed
3106 2299 3264 2353 etiam
3290 2316 3410 2354 cum

1823 2386 2056 2440 ostendit
2103 2386 2295 2455 quibus
2339 2387 2524 2455 ejectis
2575 2388 2663 2442 ille
2718 2388 3163 2446 introduceretur.
3233 2391 3409 2461 Atque

1821 2477 2015 2533 exinde
2043 2479 2291 2533 omnibus
2337 2489 2516 2533 notum
2560 2479 2703 2546 facit,
2734 2495 2799 2535 ex
2854 2481 2955 2535 ﬁde
2999 2484 3221 2537 salutem
3268 2500 3404 2548 esse,

1820 2584 1927 2625 non
1958 2585 2023 2624 ex
2050 2570 2114 2625 iis
2142 2585 2259 2640 quae
2289 2571 2578 2626 secundum
2608 2572 2776 2643 legem
2806 2582 2957 2628 erant
2975 2575 3240 2643 Operibus.
3270 2576 3410 2642 Qua-

1820 2673 2036 2737 pr0pter
2065 2681 2169 2723 non
2190 2665 2392 2722 Iudaeis
2430 2675 2656 2733 tantum,
2699 2668 2790 2723 sed
2818 2671 2974 2722 etiam
3022 2672 3267 2740 gentibus
3310 2672 3409 2727 hoc

1819 2757 2019 2812 donum
2074 2762 2401 2829 propositum
2442 2765 2571 2821 erit:
2621 2759 2727 2814 imo
2758 2758 2839 2812 his
2871 2759 3043 2826 potius
3081 2777 3237 2829 quam
3280 2761 3404 2815 illis.

1817 2848 1896 2906 Ne
1916 2850 2112 2919 putetis
2149 2852 2311 2917 enim,
2358 2854 2545 2921 inquit,
2578 2853 2626 2907 id
2673 2858 2723 2907 ιιι
2752 2852 3061 2904 centurione
3102 2861 3300 2905 tantum
3333 2851 3408 2905 fa-

1818 2949 1961 2996 ctum
1990 2958 2130 3004 esse,
2164 2943 2256 2997 scd
2286 2945 2336 2997 in
2372 2953 2482 2999 toto
2511 2946 2641 2999 orbe
2663 2946 2888 3014 idipsum
2929 2942 3050 3001 erit.
3093 2943 3201 2996 lloc
3230 2954 3405 2997 autem

1818 3032 1971 3097 dixit,
2017 3048 2112 3102 per
2147 3036 2477 3104 prophetiam
2520 3037 2588 3091 de
2617 3039 2862 3106 gentibus
2902 3040 3145 3109 loquens,
3174 3038 3407 3111 ipsisque

1819 3122 2012 3176 bonam
2066 3139 2213 3192 spem
2254 3125 2506 3181 oll‘erens.
2550 3128 2754 3181 Etenim
2804 3145 2869 3182 cx
2918 3130 3134 3184 Galila‘a
3165 3133 3400 3200 gentium

1818 3223 1973 3270 erant
1991 3216 2077 3284 qui
2105 3217 2464 3286 sequebantur
2500 3235 2642 3272 cum.
2672 3219 2795 3274 llasc
2823 3236 2983 3289 porro
3010 3222 3239 3288 dicebat,
3272 3239 3403 3291 geu-

1819 3310 1902 3358 tes
1930 3318 2035 3358 non
2080 3306 2264 3361 sinens
2301 3307 2539 3361 animum
2593 3307 2947 3377 deSpondere,
2994 3310 3405 3380 Jndzcorumque

1819 3392 2013 3448 fastum
2041 3395 2364 3463 deprimens.
2393 3396 2473 3452 Ne
2498 3408 2674 3452 autem
2704 3399 2787 3453 his
2810 3399 2965 3453 dictis
2992 3400 3286 3456 offenderet
3310 3418 3404 3457 au-

1818 3483 2038 3547 ditores,
2072 3501 2207 3565 neve
2240 3488 2573 3542 occasionem
2607 3488 2868 3557 praeberet
2893 3490 3087 3555 ullam;
3118 3507 3219 3545 non
3254 3494 3403 3562 prius

1818 3573 1887 3629 de
1910 3576 2154 3645 gentibus
2182 3576 2450 3647 loquutus,
2482 3578 2576 3632 sed
2620 3582 2900 3634 occasione
2929 3590 3077 3649 capta
3107 3598 3171 3636 ex
3210 3594 3397 3637 centu-

1817 3665 1988 3730 rione,
2019 3682 2086 3720 ne
2112 3682 2302 3721 nomen
2326 3667 2537 3736 quidem
2555 3669 2789 3738 gentium
2815 3681 2998 3739 aperte
3026 3671 3191 3740 ponit.
3215 3671 3400 3742 Neque

1816 3758 1960 3813 enim
1990 3758 2140 3825 dixit,
2165 3759 2308 3814 Multi
2337 3775 2405 3813 ex
2445 3761 2726 3830 gentibus;
2770 3762 2884 3826 sed,
2914 3761 3067 3816 Multi
3112 3780 3175 3818 ea:
3210 3765 3401 3818 oriente

1818 3860 1865 3905 et
1893 3850 2166 3917 occidente,
2197 3851 2339 3920 quod
2378 3864 2565 3922 gentes
2609 3856 2790 3923 utique
2833 3856 3185 3924 signiﬁcabat,
3230 3874 3402 3928 neque

1816 3952 1993 3999 tamen
2023 3944 2328 3999 oll‘endebat
2357 3946 2658 4012 auditores;
2694 3946 2989 4003 involutum
3016 3949 3299 4004 enim~erat
3323 3951 3400 4004 di-

1816 4047 1979 4093 ctum.
2012 4037 2193 4108 Neque
2225 4038 2326 4093 hoc
2366 4048 2566 4094 tantum
2596 4042 2753 4095 modo
2783 4043 2913 4097 lenit
2938 4042 3077 4098 hanc
3105 4061 3291 4098 novam
3315 4046 3399 4099 in-

1815 4131 2132 4199 solitumque
2169 4130 2487 4195 doctrinam,
2519 4132 2612 4187 sed
2650 4134 2791 4202 quod
2836 4136 3008 4188 sinmu
3039 4135 3265 4190 Abraha:
3306 4152 3401 4206 pro

1817 4237 1983 4291 regno
2013 4223 2272 4291 posuerit.
2304 4223 2487 4293 Neque
2514 4225 2656 4278 enim
2697 4224 2797 4279 hoc
2826 4227 2953 4293 ipsis
2983 4236 3164 4280 nolunt
3204 4243 3397 4282 nomen

1817 4326 1932 4368 crat
1963 4332 1977 4368 :
2009 4316 2281 4384 magisque
2315 4316 2434 4370 illos
2465 4317 2745 4370 mordebat
2775 4318 3040 4371 Abraham
3072 4320 3123 4372 in
3166 4320 3397 4373 medium

1816 4405 2095 4460 adductus.
2145 4406 2481 4474 Quapropter
2516 4406 2748 4461 Joannes
2794 4408 2921 4461 nihil
2961 4410 3139 4463 statim
3193 4410 3261 4462 de
3303 4426 3397 4478 ge-

1818 4498 1991 4553 henna
2036 4498 2328 4563 dixit;sed
2375 4498 2513 4568 quod
2546 4499 2711 4568 magis
2754 4499 2872 4553 illos
2914 4501 3177 4570 pungebat
3200 4502 3396 4568 attulit,

1820 4591 1998 4646 Nolite
2017 4593 2197 4652 dicere.
2235 4589 2440 4645 Patrem
2462 4592 2700 4646 habemus
2718 4592 2971 4645 Abraham
3004 4592 3212 4664 (Matth.
3237 4593 3289 4647 5.
3320 4595 3395 4664 9).

1818 4684 1950 4739 Cum
1980 4684 2063 4740 his
2087 4682 2230 4737 aliud
2258 4684 2416 4737 etiam
2450 4684 2710 4753 providet,
2740 4700 2807 4739 ne
2833 4684 3075 4740 videatur
3114 4688 3278 4741 veteri
3318 4688 3397 4740 vi.

1818 4776 1973 4832 vendi
2001 4776 2242 4830 instituto
2267 4776 2565 4831 contrarius
2593 4791 2733 4831 esse.
2768 4774 2898 4830 Nam
2941 4777 3030 4846 qui
3073 4776 3402 4846 patriarchas

1818 4867 2134 4933 admiratur,
2163 4882 2454 4937 eormnque
2491 4868 2637 4922 sinus
2665 4878 2865 4922 sortem
2918 4869 3175 4923 bonorum
3215 4868 3400 4935 appel-

1818 4959 1913 5023 lat,
1962 4960 2098 5012 hanc
2137 4958 2495 5027 suspicionem
2538 4959 2759 5012 omnino
2829 4967 2883 5013 et
2940 4958 3193 5011 radicitus
3243 4958 3395 5011 tollit.

1817 5048 1985 5105 Nemo
2018 5049 2194 5118 itaque
2230 5064 2388 5103 unam
2431 5064 2551 5105 esse
2584 5058 2728 5117 putet
2767 5049 3232 5103 comminationem
3259 5064 3273 5100 :
3303 5047 3395 5101 du-

1819 5144 1939 5213 plex
1965 5143 2161 5212 quippe
2192 5151 2275 5197 est
2322 5139 3005 5210 illissupplicium,duplex
3049 5140 3129 5194 his
3173 5140 3392 5195 laetitia:

1820 5234 1926 5290 illis
1951 5234 2183 5304 quidem,
2228 5249 2331 5288 non
2372 5233 2513 5303 quod
2548 5232 2842 5287 exciderint
2872 5242 3099 5297 tantum,
3127 5232 3219 5287 sed
3258 5233 3403 5303 quod

1819 5342 1884 5382 ex
1916 5324 2143 5396 pr0priis
2173 5325 2493 5389 exciderint;
2524 5324 2605 5379 Itis
2636 5338 2764 5378 vero
2792 5339 2895 5377 non
2923 5324 3063 5394 quod
3090 5333 3287 5380 sortem
3316 5341 3401 5377 ac-

1819 5419 2081 5488 ceperint,
2127 5416 2219 5471 sed
2249 5416 2388 5486 quod
2419 5431 2575 5486 qnam
2617 5430 2721 5469 non
2766 5416 3144 5484 exspectabant
3180 5431 3401 5486 accepe-

1821 5511 1927 5565 rint
1960 5527 1973 5563 :
2008 5508 2089 5563 Itis
2112 5510 2264 5563 tertia
2285 5507 2551 5576 adjicitur,
2581 5506 2721 5577 quod
2746 5505 2799 5560 hi
2827 5520 2889 5561 ea
2916 5522 3034 5576 qua:
3064 5506 3128 5561 ad
3151 5507 3269 5561 illos
3294 5522 3402 5575 per-

1822 5602 2064 5657 tinebant
2093 5599 2415 5668 acceperint.
2460 5597 2624 5654 Filios
2666 5606 2843 5654 autem
2886 5599 3033 5669 regni
3078 5610 3232 5653 vocat
3264 5598 3399 5664 illos,

1826 5693 2019 5765 quibus
2035 5705 2256 5763 regnum
2289 5699 2526 5762 paratum
2556 5697 2707 5758 erat;
2738 5689 2878 5762 quod
2907 5692 3137 5747 maxime
3159 5690 3277 5746 illos
3299 5687 3400 5742 do-
