3868 6182
438 235 543 293 339

436 351 554 407 lore
577 349 863 406 afﬁciebat.
891 347 1178 422 Postquam
1209 353 1441 409 ostendit
1462 355 1602 409 enim
1628 354 1747 409 illos
1788 369 1853 408 ex
1897 369 2020 424 pro-

435 443 697 499 missione
722 442 773 497 in
796 442 919 498 sinu
956 442 1185 499 Abrahae
1214 459 1353 509 esse,
1395 446 1521 500 hinc
1558 446 1678 499 illos
1703 446 1883 499 statim
1922 460 2022 500 ex-

423 532 625 595 t'ludit.
664 533 883 599 Deinde,
924 534 1046 603 quia
1092 533 1196 589 hoc
1241 535 1443 590 dictum
1467 537 1569 591 lata
1596 537 1857 591 sententia
1884 546 2022 603 erat,

438 625 491 680 id
516 626 669 696 signo
691 625 989 699 conﬁrmat,
1026 627 1471 696 quemadmodum
1501 639 1555 683 et
1601 630 1748 697 signa
1787 644 1853 683 ex
1885 643 2023 697 pne-

436 715 676 773 slictione
698 732 879 772 rerum
903 732 1021 788 qua:
1041 728 1224 787 postea
1249 728 1542 773 evenerunt
1570 730 1899 773 asseruntur.

509 827 565 882 5.
612 827 713 896 Qui
759 827 917 899 igitur
976 844 1084 882 non
1130 829 1296 884 credit
1346 838 1472 885 tunc
1517 840 1760 886 sanatum
1801 844 2021 899 puerum

440 917 625 985 fuisse,
654 919 702 973 is
725 919 808 973 vel
836 934 903 973 ex
929 919 1227 989 prophet.a,
1261 936 1380 989 qua).
1399 921 1510 989 jam
1540 920 1756 990 impleta
1788 920 1902 985 fuit,
1935 921 2021 975 in-

435 1009 664 1065 ducatur
690 1018 748 1064 ut
771 1009 973 1064 credat.
1021 1010 1154 1064 Nam
1184 1010 1464 1080 prophetia
1495 1020 1620 1066 ante
1659 1022 1908 1066 eventum
1954 1026 2022 1066 ex

436 1104 592 1174 signo
615 1113 740 1158 tunc
766 1102 905 1158 facto
929 1113 1050 1157 nota
1080 1103 1327 1158 omnibus
1353 1103 1467 1157 fuit.
1502 1103 1732 1174 Ideoque
1751 1119 1872 1158 cum
1907 1103 2024 1158 lucc

434 1204 563 1249 ante
591 1194 929 1262 praedixisset
958 1235 973 1259 ,
1002 1203 1128 1247 tunc
1154 1194 1505 1265 paralyticum
1536 1195 1732 1259 erexit,
1761 1205 1818 1248 ut
1849 1195 2021 1248 intum

436 1299 503 1337 ex
528 1282 884 1354 praesentibus
910 1294 1282 1338 assererentur
1306 1325 1322 1350 ,
1351 1294 1401 1339 et
1434 1300 1463 1338 a
1495 1284 1683 1355 majori
1714 1286 1889 1339 minus
1928 1285 2024 1338 lir-

435 1384 692 1429 maretur.
725 1374 854 1429 Nam
886 1373 1029 1444 quod
1058 1375 1255 1429 virtute
1305 1375 1509 1444 praediti
1540 1375 1695 1429 bonis
1742 1375 1982 1429 fruantur
2004 1414 2021 1438 ,

438 1465 628 1535 hisque
666 1466 894 1535 oppositi
941 1480 1123 1535 pmnas
1156 1466 1347 1533 luant,
1397 1466 1448 1520 id
1494 1481 1523 1520 a
1561 1466 2025 1522 verisimilitudine

436 1571 543 1611 non
571 1555 863 1612 abhorret:
898 1556 1004 1610 imo
1032 1566 1087 1611 et
1116 1558 1307 1611 rationi
1335 1565 1390 1611 et
1416 1558 1589 1626 legum
1630 1558 1864 1627 aequitati
1896 1572 2026 1611 con-

434 1656 748 1701 sentaneum
775 1656 884 1709 est;
918 1648 1267 1718 paralyticum
1287 1656 1464 1701 autem
1493 1646 1706 1701 ﬁrmare
1734 1655 1788 1701 et
1813 1662 2021 1715 curare,

434 1737 607 1805 majus
624 1752 785 1807 quam
815 1746 998 1791 natura
1029 1738 1188 1792 ferret
1212 1746 1348 1792 erat.
1378 1739 1628 1791 Attamen
1654 1738 1720 1792 ad
1746 1755 1862 1793 rem
1880 1740 2023 1793 illam

435 1844 681 1898 magnam
722 1837 881 1899 atque
918 1830 1214 1884 mirabilem
1246 1845 1353 1884 non
1399 1844 1584 1899 parum
1632 1831 1857 1885 contulit
1894 1845 2023 1885 ceu-

439 1924 612 1984 turio;
661 1920 713 1974 id
757 1920 897 1989 quod
941 1920 1101 1974 etiam
1152 1919 1396 1974 Christus
1435 1919 1716 1975 declarans
1760 1920 1971 1976 dicebat
2007 1937 2021 1974 :

448 2012 587 2065 Vade
613 2053 629 2076 ,
674 2022 721 2066 et
763 2013 889 2066 sicut
938 2012 1194 2066 credidisti
1238 2014 1329 2080 ﬁat
1360 2012 1725 2067 tibi.Vidistin‘
1753 2013 2025 2083 quomodo

439 2105 682 2158 restituta
707 2120 870 2173 puero
897 2106 1098 2159 sanitas
1144 2115 1197 2159 et
1220 2105 1418 2159 Christi
1452 2107 1735 2175 potentiam
1764 2117 1817 2161 et
1841 2116 2026 2160 centu-

438 2195 607 2249 rionis
636 2195 793 2250 tidem
824 2196 1207 2262 prmdicaverit,
1236 2207 1290 2251 et
1319 2197 1457 2265 quod
1490 2196 1725 2251 futurum
1751 2206 1867 2252 erat
1895 2212 2026 2253 eon-

438 2286 756 2341 ﬁrmaverit.
806 2287 916 2343 imo
942 2304 1069 2343 vero
1108 2289 1286 2344 omnia
1328 2288 1525 2343 Christi
1559 2291 1848 2360 potentiam
1890 2307 2026 2360 prae-

433 2376 708 2432 dicabant.
739 2376 852 2430 Non
883 2378 1024 2432 enim
1052 2394 1246 2448 corpus
1275 2390 1476 2433 tantum
1510 2381 1658 2449 pueri
1697 2382 2023 2447 sanavit,sed

436 2467 595 2521 ctiam
620 2467 948 2521 centurionis
984 2470 1215 2522 animam
1250 2470 1299 2523 in
1334 2470 1490 2525 fidem
1523 2488 1615 2541 per
1645 2474 1897 2527 miracula
1939 2483 2026 2527 at-

437 2558 618 2614 traxit.
650 2558 728 2614 Tu
761 2576 886 2615 vero
932 2577 1000 2615 ne
1041 2562 1091 2615 id
1134 2572 1336 2617 tantum
1377 2566 1717 2634 perpendas,
1765 2568 1906 2636 quod
1941 2569 2028 2623 hic

436 2649 747 2717 crediderit,
790 2651 878 2706 ille
904 2662 1120 2707 sanatus
1147 2654 1234 2717 sit,
1266 2655 1359 2709 sed
1388 2657 1463 2711 rei
1491 2657 1819 2712 celeritatem
1864 2661 2027 2712 mira-

438 2756 536 2805 re;
583 2757 703 2795 nam
747 2742 851 2797 hoc
895 2746 1218 2814 evangelista
1268 2746 1556 2803 declaravit
1574 2738 1598 2803 ’τ
1628 2750 1694 2803 Et
1722 2763 1931 2806 sanatus
1955 2763 2027 2806 est

442 2848 571 2900 puer
594 2833 646 2886 in
692 2834 783 2888 illa
831 2836 957 2888 hora
985 2852 1003 2890 :
1032 2838 1172 2907 quod
1203 2838 1362 2893 etiam
1406 2840 1474 2895 de
1517 2842 1732 2911 leproso
1773 2846 1980 2899 dicebat
2008 2888 2022 2911 ,

438 2921 718 2991 Confestim
747 2927 1016 2980 mundatus
1061 2937 1153 2983 est.
1203 2928 1318 2982 Non
1363 2931 1506 2985 enim
1537 2934 1773 2989 curando
1810 2936 1981 2989 solum
2011 2979 2025 3002 ,

439 3013 723 3069 sedetiam
768 3016 819 3070 id
849 3017 1212 3087 inexspectato
1257 3022 1417 3076 modo
1459 3033 1512 3079 et
1560 3026 1611 3079 in
1654 3038 1926 3083 momento
1956 3031 2031 3083 fa-

442 3104 655 3171 ciendo,
687 3108 977 3175 potentiam
1005 3110 1341 3166 ostendebat.
1375 3113 1555 3183 Neque
1585 3116 1687 3171 hoc
1716 3118 1877 3172 modo
1908 3129 2029 3172 tan-

444 3201 553 3249 tum
580 3195 732 3265 juvat
771 3198 1021 3268 utilisque
1050 3210 1131 3255 est
1155 3242 1170 3265 ,
1216 3202 1310 3257 sed
1352 3204 1493 3273 quod
1521 3206 1680 3261 etiam
1725 3209 2030 3279 frequenter

441 3284 567 3342 dum
599 3286 853 3344 miracula
896 3298 1098 3357 patrat,
1125 3290 1194 3345 de
1221 3308 1384 3363 regno
1410 3309 1715 3351 sermonem
1748 3301 1951 3367 aperiat
1978 3310 2033 3356 et

440 3395 629 3435 omnes
664 3381 731 3436 ad
760 3379 885 3437 illud
915 3382 1166 3439 allrahal.
1201 3384 1408 3440 Etenim
1437 3401 1557 3441 cum
1584 3404 1644 3444 se
1682 3389 1896 3446 Judmos
1922 3393 2032 3463 eje-

443 3480 650 3535 cturum
676 3473 995 3541 minabatur,
1028 3494 1133 3532 non
1160 3488 1214 3533 ut
1241 3480 1459 3550 ejiceret
1489 3481 1821 3551 minabatpr;
1851 3486 1942 3538 sed
1978 3495 2032 3540 ut

445 3574 590 3619 metu
636 3565 754 3621 illos
802 3568 853 3622 in
906 3584 1127 3639 regnum
1181 3587 1280 3642 per
1330 3574 1487 3628 verba
1534 3590 1626 3628 sua
1676 3576 2028 3646 pertraheret.

444 3658 597 3725 Quod
622 3661 665 3714 si
696 3660 823 3715 nihil
855 3662 977 3717 hinc
1009 3664 1139 3717 lucri
1169 3664 1412 3720 fecerunt
1432 3709 1448 3733 ,
1480 3668 1530 3722 id
1565 3670 1797 3738 ipsormu
1825 3673 2030 3726 Ctitllcll

446 3760 560 3815 est,
606 3753 950 3821 omniumque
994 3754 1084 3823 qui
1138 3756 1253 3824 pari
1301 3758 1488 3813 morbo
1539 3759 1867 3815 laborarunt.
1916 3762 2031 3817 Non

446 3843 588 3897 enim
613 3843 809 3899 Judmis
828 3846 997 3899 solum
1022 3846 1071 3900 id
1096 3848 1308 3916 accidit,
1336 3850 1428 3903 sed
1459 3852 1639 3907 multis
1661 3855 1819 3907 etiam
1846 3870 2030 3910 eorum

446 3935 536 4004 qui
575 3936 938 3992 crediderunt.
986 3938 1117 3993 Nam
1147 3939 1311 3995 Judas
1356 3942 1496 3999 ﬁlius
1524 3946 1673 4015 regni
1705 3956 1821 4001 erat
1849 3956 1903 4001 et
1938 3963 2036 4002 au-

448 4026 580 4080 divit
625 4043 745 4082 cum
778 4029 1073 4098 discipulis,
1104 4030 1356 4087 Sedebitis
1399 4051 1551 4103 super
1590 4038 1731 4091 sedes
1769 4039 2033 4093 duodecim

448 4118 699 4188 (Matth:
736 4121 823 4176 l9.
879 4121 1007 4192 28);
1059 4123 1152 4177 sed
1198 4124 1365 4180 factus
1406 4138 1488 4181 est
1540 4129 1797 4198 gehennte
1854 4132 2030 4199 ﬁlius;

448 4211 703 4282 Ethiops
730 4222 906 4268 autem
938 4215 1044 4278 ille,
1073 4214 1331 4271 barbarus
1354 4233 1477 4272 cum
1508 4229 1685 4287 esset,
1716 4237 1783 4277 ex
1811 4239 2033 4279 numero

448 4318 634 4356 eorum
680 4305 769 4373 qui
806 4305 875 4358 ab
922 4307 1127 4361 oriente
1156 4315 1212 4361 et
1240 4309 1518 4365 occidente
1563 4322 1862 4378 venerunt,
1911 4329 2031 4369 cum

452 4392 756 4459 Abraham,
800 4394 946 4448 Isaac
998 4404 1053 4448 et
1094 4395 1260 4451 Jacob
1306 4414 1505 4453 corona
1548 4400 1850 4457 donabitur.
1882 4403 1937 4457 Id
1980 4413 2036 4459 et

452 4499 593 4537 llllllc
619 4488 808 4553 agitur.
842 4485 996 4539 Multi
1015 4488 1178 4553 enim,
1211 4489 1399 4559 inquit,
1432 4502 1578 4546 erunt
1604 4494 1753 4563 primi
1778 4496 2035 4549 novissimi

451 4584 498 4626 et
520 4575 775 4627 novissimi
818 4577 967 4645 primi
996 4577 1158 4646 (Ibid.
1190 4595 1237 4631 υ.
1271 4581 1381 4650 50).
1431 4581 1541 4636 lloc
1585 4595 1762 4638 autem
1799 4585 2031 4653 dicebat,

452 4678 512 4721 ut
543 4684 712 4737 neque
741 4668 792 4721 hi
838 4670 1146 4738 negligant,
1176 4685 1239 4724 ac
1268 4671 1313 4725 si
1342 4688 1445 4726 non
1475 4675 1677 4741 possint
1706 4677 1902 4742 redire,
1942 4694 2035 4732 ne-

450 4775 555 4829 que
584 4758 656 4812 illi
687 4758 836 4828 quasi
880 4767 1082 4814 stantes
1111 4762 1401 4817 conﬁdant.
1451 4764 1562 4818 Hoc
1604 4775 1657 4820 et
1694 4766 1927 4822 Joannes
1965 4769 2034 4824 ab

451 4850 676 4904 exordio
716 4850 1346 4919 prteuuutiabatdicens:
1388 4854 1565 4909 Potest
1603 4856 1733 4912 Deus
1761 4876 1823 4912 ea:
1846 4858 2034 4929 lapidi-

452 4943 544 4996 bus
587 4941 666 4995 his
708 4942 951 4996 suscitare
993 4943 1126 5011 ﬁlios
1176 4945 1394 5000 Abralta:
1445 4948 1464 5018 (
1487 4947 1621 5001 Ibid.
1673 4950 1726 5004 3.
1759 4950 1855 5024 9).
1900 4954 2032 5020 Quia

452 5034 596 5087 enim
626 5033 727 5088 hoc
751 5044 1065 5088 eventurum
1092 5046 1227 5103 erat,
1259 5037 1347 5092 diu
1379 5050 1503 5094 ante
1532 5044 1943 5111 prtenuntiatur,
1973 5056 2036 5103 ut

454 5140 613 5180 nemo
642 5125 708 5180 de
730 5126 805 5179 rei
831 5126 1111 5180 insolentia
1141 5129 1461 5186 turbaretur.
1491 5132 1681 5187 Verum
1711 5135 1819 5199 ille,
1849 5144 2033 5210 utpote

456 5215 637 5283 homo,
685 5218 976 5273 secundum
1018 5228 1232 5287 captum
1315 5236 1474 5277 suum
1564 5224 1678 5279 haec
1762 5229 2031 5301 dicebat;

450 5300 707 5356 Christus
736 5310 939 5364 autem,
980 5315 1093 5356 rem
1127 5311 1181 5355 ut
1222 5302 1525 5358 certissuue
1570 5303 1805 5356 futuram
1846 5300 2027 5375 operi;

452 5391 556 5446 bus
577 5398 631 5446 et
657 5393 921 5461 exemplis
958 5393 1302 5451 conﬁrmavit
1325 5396 1425 5463 (ιι).

504 5553 598 5625 ,((ι)
623 5552 800 5625 Graece
831 5555 1253 5625 edideratlliontl‘.
1286 5576 1311 5625 :7
1334 5562 1462 5625 'AD.’
1487 5562 1664 5619 ἐκεῖνος
1710 5562 1797 5624 μὲν
1821 5564 1886 5619 ὡς
1909 5562 2026 5610 me.

1178 238 1237 297 S.
1271 238 1549 297 JOANNIS
1584 239 2056 298 CHRYSOSTOMI
2092 242 2405 303 ARCHIEP.
2445 247 2981 312 CONSTANTINOP.

3605 272 3706 327 5i0

2203 362 2553 429 Prwsumptio
2568 368 2807 423 vitanda.
2830 371 3024 427 Contra
3042 376 3528 439 Manichreos.—Ne
3550 386 3710 457 igitur

2132 454 2383 523 ﬁdamus,
2407 463 2509 516 etsi
2549 472 2777 529 stemus,
2813 470 2907 523 sed
2937 471 3093 525 nobis
3126 473 3257 541 ipsis
3288 475 3533 531 dicamus
3564 498 3575 531 :
3610 478 3709 542 Qti

2132 548 2503 618 videturstare,
2524 556 2698 609 videat
2715 574 2777 611 ne
2791 561 3006 632 cadat(l
3023 602 3036 614 .
3056 562 3173 618 Cor.
3196 565 3279 619 l0.
3306 567 3414 636 l2).
3429 568 3508 622 Ne
3525 570 3714 640 deSpe-

2134 652 2337 705 remus,
2366 642 2455 709 qui
2491 648 2748 712 prostrati
2781 648 3057 718 jacemus,
3091 654 3188 708 sed
3217 656 3461 712 dicamus
3490 677 3502 712 :
3539 659 3712 713 Num-

2132 728 2257 814 quid
2277 731 2366 798 qui
2390 734 2550 797 cadit,
2584 752 2687 789 non
2716 743 2979 810 resurget?
3005 740 3129 810 (Jer.
3148 744 3287 814 8.4).
3321 748 3531 802 Etenim
3556 753 3710 805 multi

2128 813 2219 881 qui
2249 814 2313 870 ad
2341 816 2514 884 ipsum
2532 819 2658 873 caeli
2688 823 2942 878 verticem
2969 825 3328 881 ascenderat
3353 868 3369 894 ,
3398 828 3489 899 qui
3515 831 3721 898 patien-

2130 905 2258 959 tiam
2288 923 2532 977 magnam
2560 912 2916 970 exhibuerant
2937 958 2952 982 ,
2983 917 3253 973 desertum
3284 931 3680 991 occupaverant
3704 964 3719 986 ,

2129 997 2407 1053 mulierem
2440 1015 2508 1054 ne
2548 1005 2599 1056 in
2627 1005 2831 1061 somnis
2870 1008 3086 1076 quidem
3114 1009 3396 1077 viderant,
3442 1029 3509 1069 ex
3556 1029 3720 1084 parva

2130 1087 2452 1158 negligentia
2491 1095 2813 1163 supplantati
2861 1108 3001 1163 sunt,
3049 1110 3102 1153 et
3140 1100 3190 1153 in
3234 1101 3405 1170 ipsum
3458 1105 3715 1173 nequitia:

2130 1179 2437 1237 barathrum
2469 1185 2692 1253 deiecti;
2739 1189 2829 1243 alii
2862 1200 3047 1245 contra
3074 1210 3142 1247 ex
3168 1196 3355 1251 eodem
3384 1196 3639 1252 barathro
3670 1202 3722 1253 in

2129 1272 2318 1327 czelum
2363 1278 2761 1344 ascenderunt,
2788 1290 2947 1351 atque
2989 1298 3019 1338 a
3060 1299 3220 1339 scena
3247 1296 3301 1341 et
3333 1290 3612 1345 orchestra
3653 1293 3721 1345 ad

2130 1366 2422 1435 angelicam
2451 1369 2616 1425 vitam
2660 1376 2905 1429 conversi
2943 1384 3096 1442 sunt;
3132 1387 3438 1450 tantamque
3467 1383 3722 1439 virtutem

2129 1455 2488 1514 exhibuerunt
2510 1502 2525 1519 .
2560 1471 2616 1516 ut
2652 1464 2929 1520 daemonas
2967 1468 3264 1536 pellerent,
3295 1473 3574 1543 multaque
3618 1476 3721 1527 alia

2128 1546 2322 1601 similia
2352 1550 2501 1619 signa
2533 1551 2774 1609 ederent.
2806 1555 2901 1610 llis
2924 1560 3185 1626 exemplis
3214 1562 3385 1629 plenae
3415 1574 3541 1618 sunt
3569 1564 3721 1619 Scri-

2129 1647 2321 1706 ptura',
2351 1641 2507 1709 plena
2538 1642 2812 1701 hominum
2843 1649 2971 1702 vita.
3003 1648 3120 1703 Jam
3149 1649 3419 1707 foruicarii
3446 1664 3499 1708 et
3530 1656 3725 1710 molles

2128 1730 2540 1789 Manichzeorum
2581 1752 2673 1791 ora
2703 1741 3086 1809 comprimunt,
3128 1744 3221 1813 qui
3249 1744 3433 1800 dicunt
3459 1748 3724 1801 malitiam

2129 1838 2252 1878 esse
2278 1825 2552 1882 immotam
2584 1869 2600 1895 ,
2647 1830 2844 1886 diaboli
2885 1849 2999 1888 rem
3026 1846 3279 1905 agentes,
3329 1848 3383 1892 et
3411 1855 3601 1894 eorum
3632 1845 3725 1910 qui

2129 1917 2313 1970 virtuti
2342 1934 2560 1987 operam
2591 1920 2719 1977 dare
2745 1924 2945 1979 vellent
2971 1941 3160 1982 manus
3198 1928 3558 1986 dissolventes
3585 1974 3601 1995 ,
3649 1936 3730 1987 vi-

2132 2019 2345 2079 tamque
2370 2026 2583 2068 omnem
2612 2024 2932 2071 evertentes.
2961 2017 3094 2072 Nam
3124 2021 3211 2088 qui
3243 2020 3355 2075 hazc
3391 2024 3730 2091 persuadere

2129 2114 2393 2157 conantur
2413 2144 2428 2168 ,
2459 2122 2564 2160 non
2606 2107 2779 2161 futura
2812 2119 3012 2164 tantum
3040 2114 3417 2181 pessumdant;
3449 2117 3544 2170 sed
3580 2135 3731 2182 ιιι-αις

2129 2196 2301 2250 sentia
2327 2213 2537 2269 quoque
2562 2215 2657 2269 pro
2678 2201 2813 2255 virili
2844 2217 2935 2258 sus
2971 2204 3145 2275 deque
3174 2216 3410 2262 vertunt.
3440 2210 3730 2275 Quomodo

2130 2286 2275 2342 enim
2318 2288 2370 2342 in
2416 2291 2652 2359 nequitia
2698 2292 2882 2347 vivens
2928 2296 3190 2364 quispiam
3217 2337 3231 2359 ,
3275 2299 3453 2352 virtuti
3497 2314 3726 2369 operam

2130 2378 2262 2434 dare
2304 2381 2548 2447 studeat,
2597 2382 2639 2436 si
2683 2398 2744 2438 se
2783 2384 2849 2438 ad
2898 2385 3042 2440 illam
3089 2399 3361 2444 revertere
3406 2406 3511 2444 non
3563 2408 3730 2460 posse

2131 2480 2298 2539 putet,
2329 2472 2373 2525 si
2405 2487 2512 2527 non
2537 2473 2721 2528 credat
2750 2489 2808 2528 se
2848 2476 2898 2529 in
2929 2477 3119 2530 melius
3145 2494 3299 2547 posse
3324 2482 3560 2535 mutari?
3587 2483 3727 2537 Nam

2131 2564 2174 2616 si
2203 2579 2363 2627 nunc,
2397 2564 2662 2619 stantibus
2691 2567 2917 2637 legibus,
2950 2569 3164 2626 indictis
3191 2574 3486 2641 suppliciis,
3521 2592 3730 2645 propo-

2131 2657 2229 2709 sita
2258 2657 2423 2726 gloria
2448 2699 2461 2721 ,
2508 2673 2627 2726 qua:
2658 2659 2853 2714 multos
2883 2664 3116 2717 excitare
3160 2665 3362 2733 possit;
3390 2683 3509 2721 cum
3539 2678 3596 2722 et
3623 2684 3731 2738 ge-

2133 2748 2309 2803 heuna
2340 2759 2700 2819 exspectetur,
2733 2762 2788 2807 et
2812 2769 3031 2824 regnum
3064 2756 3404 2824 promittatur
3427 2801 3440 2823 ,
3468 2775 3591 2813 cmn
3622 2762 3734 2814 im-

2135 2842 2283 2910 probi
2313 2841 2596 2908 dedccore,
2651 2843 2773 2899 boni
2813 2846 3056 2901 laudibus
3098 2849 3420 2912 alﬁciantur,
3472 2854 3559 2906 vix
3603 2855 3734 2924 qui-

2134 2934 2276 3004 piam
2309 2935 2474 2989 velint
2500 2937 2711 2990 virtutis
2737 2939 2960 2994 sudores
2981 2940 3128 2997 adire
3152 2958 3168 2997 :
3197 2942 3277 2997 his
3316 2944 3563 3012 sublatis,
3593 2948 3732 3018 quid

2136 3026 2387 3095 impediet
2413 3028 2697 3097 quominus
2723 3031 2899 3083 omnia
2932 3046 3147 3101 pessum
3169 3036 3332 3089 eaut?

2206 3120 2257 3173 6.
2301 3117 2428 3173 Cum
2459 3122 2648 3189 ﬁducia
2696 3130 2741 3175 et
2772 3125 2949 3179 timore
2991 3142 3081 3195 per
3108 3140 3376 3198 angustam
3419 3130 3549 3184 viam
3579 3133 3733 3187 ince-

2135 3209 2374 3264 dendum.
2392 3212 2640 3282 Exemplo
2664 3212 2871 3269 Davidis
2899 3217 3236 3286 vigilantiam,
3264 3220 3506 3287 ﬁduciam
3534 3233 3584 3276 et
3612 3242 3734 3291 pa:-

2135 3304 2397 3358 uitentiam
2422 3306 3014 3363 docemur.—Videntes
3044 3313 3224 3380 itaque
3250 3310 3494 3368 fraudem
3534 3319 3734 3386 nequi-

2137 3398 2370 3467 tiamque
2407 3397 2724 3452 diabolicam
2750 3439 2767 3464 ,
2811 3400 3062 3470 ipsosque
3102 3418 3309 3457 necnon
3354 3420 3449 3461 eos
3491 3408 3584 3476 qui
3631 3408 3733 3463 fati

2137 3488 2282 3557 leges
2312 3495 2548 3544 statuere
2576 3498 2841 3560 satagunt,
2872 3490 3097 3547 adversa
3126 3495 3347 3560 sentire,
3375 3506 3431 3551 et
3454 3504 3732 3553 contraria

2138 3577 2531 3647 legislatoribus
2552 3588 2918 3648 externorum,
2941 3591 2997 3635 et
3017 3582 3107 3637 Dei
3129 3584 3143 3614 '
3163 3586 3417 3651 oraculis,
3440 3596 3496 3642 et
3517 3599 3735 3644 natura:

2136 3670 2455 3735 ratiociniis,
2497 3679 2551 3726 et
2578 3672 2849 3727 communi
2883 3674 3118 3728 omnium
3149 3676 3384 3745 Opinioni
3408 3720 3424 3744 ,
3458 3678 3732 3746 barbaris,

2136 3772 2189 3818 et
2217 3762 2449 3834 Scythis,
2480 3772 2532 3817 et
2560 3762 2875 3828 Thracibus,
2902 3764 3226 3835 demumque
3252 3768 3461 3823 caeteris
3488 3770 3735 3825 homini-

2139 3861 2259 3925 bus,
2288 3861 2587 3930 vigilemus,
2617 3858 2797 3915 dilecti
2827 3901 2843 3927 ,
2888 3852 3050 3930 atque
3082 3862 3182 3915 illis
3226 3863 3474 3917 omnibus
3499 3867 3617 3919 vale
3637 3866 3733 3920 di-

2135 3964 2351 4020 centes,
2397 3953 2704 4008 incedamus
2746 3968 2843 4023 per
2870 3962 3145 4023 angustam
3194 3955 3332 4009 viam
3372 3972 3492 4010 cum
3533 3958 3736 4014 ﬁducia

2137 4055 2192 4101 et
2221 4047 2443 4111 timore;
2472 4061 2593 4100 cum
2641 4047 2830 4101 timore
2855 4047 3087 4116 quidem,
3121 4048 3190 4102 ob
3228 4050 3516 4119 praecipitia
3548 4054 3699 4106 utriu
3724 4085 3736 4095 -

2138 4155 2242 4209 que
2267 4140 2474 4209 posita;
2503 4154 2622 4193 cum
2654 4139 2842 4195 ﬁducia
2870 4155 2999 4194 vero
3019 4182 3034 4206 ,
3066 4143 3134 4197 ob
3158 4141 3348 4197 ducem
3381 4144 3479 4197 via:
3514 4144 3731 4200 Jesum.

2137 4230 2245 4286 iter
2272 4220 2698 4303 agamus-sobrii
2728 4246 2791 4287 ac
2828 4233 3033 4303 vigiles.
3072 4233 3205 4289 Nam
3237 4234 3280 4288 si
3322 4234 3407 4288 vel
3451 4237 3733 4304 paululum

2138 4327 2255 4394 quis
2283 4324 2569 4390 dormitet,
2626 4325 2802 4378 statim
2832 4341 2890 4379 se
2922 4327 3243 4395 prmcipitem
3285 4327 3393 4381 dat.
3423 4327 3537 4383 Non
3580 4330 3732 4383 enim

2137 4429 2323 4470 sumus
2356 4415 2701 4484 perfectiores
2732 4415 2949 4481 Davide,
2991 4417 3081 4484 qui
3107 4432 3173 4471 ex
3199 4433 3356 4486 parva
3402 4406 3732 4491 negligentia

2139 4507 2192 4560 in
2225 4507 2426 4575 peccati
2456 4506 2764 4561 barathrum
2799 4508 2898 4561 ruit
2927 4550 2941 4573 ,
2984 4508 3078 4563 sed
3111 4510 3288 4564 statim
3340 4514 3595 4567 surrexit.
3644 4513 3733 4569 Ne

2137 4612 2265 4666 ergo
2292 4608 2598 4667 peccantem
2626 4599 2798 4652 solum
2829 4599 3102 4667 reSpicias,
3132 4600 3225 4654 sed
3253 4602 3411 4656 etiam
3430 4612 3730 4673 peccatum

2138 4689 2464 4743 abluentem.
2492 4690 2607 4744 Non
2647 4691 2788 4744 enim
2823 4690 2943 4745 ideo
2969 4700 3171 4747 tantum
3200 4694 3316 4749 haec
3343 4695 3562 4751 historia
3584 4700 3732 4752 scri-

2138 4789 2227 4849 pta
2255 4790 2375 4845 est,
2411 4790 2467 4834 ut
2492 4780 2696 4849 lapsum
2730 4783 3001 4851 respicias,
3032 4783 3124 4838 sed
3155 4794 3212 4839 ut
3240 4796 3544 4856 surgentem
3570 4790 3738 4844 mire-

2138 4871 2213 4924 ris
2256 4887 2270 4923 :
2333 4878 2392 4923 ut
2431 4869 2607 4924 discas
2667 4879 2785 4940 post
2828 4870 3031 4941 lapsum
3058 4914 3073 4939 ,
3121 4877 3393 4945 quomodo
3440 4894 3728 4950 resurgere

2137 4972 2400 5034 oporteat.
2454 4966 2911 5032 Quemadmodqu
2952 4969 3093 5024 enim
3142 4971 3338 5026 medici
3379 4974 3730 5041 gravissimos

2139 5057 2356 5112 morbos
2401 5057 2453 5110 in
2500 5057 2692 5114 libellis
2738 5058 3086 5128 describunt,
3148 5071 3309 5132 atque
3354 5063 3427 5118 ita
3472 5065 3732 5121 medendi

2204 5173 2220 5203 ⁸
2256 5170 2370 5230 Alii,
2394 5168 2590 5220 Christi.

2130 5252 2310 5326 esLtLad
2338 5249 2558 5326 litteram
2583 5266 2595 5301 :
2624 5253 2808 5326 Forum
2830 5250 2915 5326 itte
2936 5251 3027 5326 lioc
3062 5256 3290 5320 praedicit
3310 5266 3495 5311 tantum
3520 5271 3572 5313 ut
3594 5278 3685 5326 pos

2323 5311 2774 5399 eratuerzoir’ttlhomo
2799 5330 2816 5366 :
2841 5308 3071 5399 Christus
3103 5308 3291 5399 autem,
3315 5308 3701 5399 νιιιηρῇιιῖἠιξῇι.

2128 5373 2545 5444 ιιινιιηι,ρρβνιὺιιδ
2569 5374 2853 5444 (dictorum)
2889 5373 3304 5444 confirmationem
3331 5373 3600 5438 exliibeiist
3610 5373 3710 5439 L'ii-

2216 5432 2711 5513 patetjnterliretem
2745 5432 3006 5513 aberrasse
3041 5456 3150 5491 cum
3175 5432 3708 5513 νςίτὺεξώξέἶιέᾷόῖιξ-

2124 5509 2221 5573 ἶρν,
2245 5495 2465 5573 reddere
2495 5495 2707 5573 credidit
2731 5500 3013 5573 scribendo,
3038 5506 3299 5573 secugtdum
3322 5495 3526 5571 capiam
3539 5495 3703 5573 3:46;},

2268 5556 2466 5617 plurimi
2491 5574 2578 5619 pro
2592 5562 2972 5635 ᾀνϐραιποςχὰρ,
2987 5553 3701 5635 ἦνξὶιεῧειιξένγξιῖἧίξ

460 5614 659 5689 χάμεγογ
695 5614 809 5662 αὐτὸ
831 5618 986 5689 λέγει’.
1007 5621 1248 5689 sapiam;
1268 5624 1355 5684 γὰρ
1376 5624 1449 5689 ἠγ·
1473 5614 1806 5689 adstiterat;
1828 5614 1892 5680 a’;
1916 5625 2025 5689 τξᾲν-

2135 5614 2304 5689 attulit:
2326 5614 2505 5689 sensus
2530 5627 2626 5682 est,
2648 5614 2753 5674 erat
2771 5614 2899 5675 enim
2922 5614 3697 5689 hiemandi-CirVidiioifficld:

458 5688 553 5729 τως
576 5675 819 5739 ἐσόμενον,
842 5675 933 5737 τὴν,
966 5681 1059 5728 ἀπὸ
1093 5675 1196 5730 ’τῶν
1230 5675 1376 5746 ἑρῆὠν
1396 5675 1905 5750 ἂπὸδειξιέπαρὲᾆῳῦ.
1926 5686 2032 5736 Hoc
2121 5676 2183 5725 ad
2211 5678 2389 5730 Ῐοουιῐι-
2420 5682 2557 5733 EDIT-
