3868 6182
197 260 283 315 3;]
1128 255 1193 315 lN
1234 250 1644 313 MATTIIIEUM
1683 253 1915 311 IIOMIL.
1958 252 2148 310 XXVI.
2189 259 2260 313 al.
2302 258 2520 316 XXVII.

195 373 499 429 methodum
526 374 662 429 alios
700 374 926 437 docent,
956 385 1016 429 ut
1041 374 1093 430 in
1138 373 1428 444 majoribus
1452 370 1765 437 exercitati,

192 469 421 523 minores
445 468 793 538 aegritudines
825 466 1030 523 facilius
1066 478 1323 538 superent
1354 486 1367 523 :
1413 468 1492 525 sic
1530 479 1588 525 et
1630 469 1770 525 Deus

189 560 497 629 gravissima
540 568 758 629 peccata
801 560 854 614 in
899 559 1133 615 medium
1177 560 1438 626 adduxit,
1487 570 1545 614 ut
1587 563 1675 631 qui
1717 561 1769 616 in

187 652 390 722 exiguis
454 652 587 722 lapsi
639 660 862 716 essent,
921 668 1108 708 eorum
1159 653 1408 721 exemplo
1474 652 1769 709 faciliorem

186 743 504 798 emendandi
550 745 810 799 rationem
848 743 1173 798 invenirent.
1198 744 1251 799 Si
1279 746 1422 799 enim
1450 745 1649 815 majora
1682 761 1769 801 re-

185 834 417 889 medium
450 835 771 901 habuerunt,
802 837 970 889 multo
996 835 1201 891 [acilius
1227 836 1452 891 minora.
1488 837 1771 891 Videamus

184 924 339 993 igitur
371 940 477 996 qua
508 927 714 981 ratione
740 926 1112 996 a:grotavcrit,
1157 941 1263 996 qua
1299 926 1655 982 valetudinem
1682 943 1768 981 re-

182 1018 515 1086 cuperaverit
546 1018 629 1071 vir
672 1017 763 1073 ille
807 1018 1011 1073 beatus.
1059 1017 1189 1085 Quae
1230 1017 1389 1087 igitur
1417 1017 1585 1072 morbi
1634 1019 1770 1073 ratio

181 1108 322 1162 fuit?
351 1107 645 1165 Mteehatus
675 1118 776 1175 est,
806 1108 1092 1165 ctoeeidit.
1123 1109 1239 1164 Non
1270 1111 1411 1165 enim
1439 1124 1630 1164 vereor
1654 1111 1769 1165 haec

182 1216 369 1270 magna
417 1215 552 1256 voce
580 1201 871 1270 publicare.
904 1202 1035 1257 Nam
1070 1202 1115 1257 si
1146 1202 1377 1272 Spiritus
1407 1211 1623 1258 sanctus
1660 1218 1767 1258 non

182 1304 331 1362 turpe
359 1295 688 1349 existimavit
735 1310 880 1358 esse,
910 1295 1048 1351 hanc
1078 1305 1241 1351 totam
1285 1296 1560 1352 historiam
1586 1298 1766 1368 publi-

177 1400 322 1451 care,
356 1386 526 1441 multo
557 1387 726 1457 magis
750 1402 849 1442 nos
872 1387 1017 1442 illam
1048 1402 1155 1443 non
1183 1389 1412 1443 obscure
1447 1388 1649 1444 referre
1673 1388 1767 1443 de-

180 1478 385 1533 bemus.
412 1479 751 1548 Quapropter
793 1495 899 1535 non
930 1481 1092 1536 modo
1130 1480 1246 1536 haec
1273 1482 1573 1551 praedicabo
1611 1522 1627 1547 ,
1668 1481 1765 1537 sed

178 1571 320 1627 aliud
348 1587 563 1644 quoque
609 1572 880 1642 adjiciam.
923 1573 1135 1629 Etenim
1163 1574 1251 1644 qui
1295 1574 1411 1629 haec
1448 1574 1760 1638 occultant,

176 1665 270 1718 viri
322 1665 466 1720 illius
510 1665 766 1720 virtutem
806 1666 1131 1721 obscurant:
1161 1679 1225 1720 ac
1266 1666 1405 1721 sicut
1455 1665 1489 1720 ii
1529 1665 1617 1736 qui
1647 1664 1766 1735 ejus

174 1774 293 1813 eum
337 1757 588 1813 Goliatho
648 1772 879 1830 pugnam
925 1766 1194 1825 tacerent,
1234 1773 1340 1815 non
1386 1759 1631 1830 exiguam
1661 1760 1763 1830 ipsi

174 1867 426 1906 coronam
476 1852 804 1917 adimerent,
840 1850 1060 1921 perinde
1085 1851 1321 1908 facerent
1360 1853 1449 1923 qui
1490 1853 1626 1909 hanc
1676 1853 1762 1907 hi-

174 1948 394 1999 storiam
425 1954 914 2015 prtetereurrerent.
948 1946 1138 2001 Annon
1167 1960 1282 2001 rem
1326 1945 1479 2002 vobis
1510 1946 1761 2016 inexspe—

174 2048 368 2093 ctatam
417 2037 576 2093 dico?
607 2038 711 2093 Sed
755 2037 1015 2092 tantillum
1061 2038 1463 2108 praestolamitti,
1500 2046 1554 2093 et
1579 2038 1761 2093 scietis

175 2146 267 2184 nos
302 2130 418 2183 hmo
466 2129 587 2199 jure
627 2130 677 2184 in
725 2130 958 2185 medium
1004 2130 1308 2200 protulisse.
1356 2128 1481 2184 Ideo
1533 2143 1761 2198 namque

173 2232 448 2292 peceatum
479 2222 764 2292 ampliﬁce,
790 2222 947 2292 idque
978 2224 1346 2291 inexspectata
1376 2220 1625 2292 loquendi
1652 2221 1756 2283 via,

173 2324 225 2367 ut
257 2314 543 2383 pharmaca
567 2328 750 2383 parem
779 2314 1100 2384 copiosiora.
1124 2312 1260 2379 Quid
1290 2312 1465 2381 itaque
1488 2310 1760 2380 propono?

175 2404 433 2459 Virtutem
483 2404 620 2470 viri;
656 2405 707 2460 id
736 2404 877 2475 quod
916 2404 1129 2474 gravius
1170 2403 1372 2459 crimen
1412 2402 1598 2459 efﬁcit.
1640 2401 1758 2458 Non

166 2497 306 2550 enim
354 2512 451 2566 par
478 2504 561 2553 est
600 2497 651 2552 in
707 2496 954 2551 omnibus
993 2505 1047 2552 et
1088 2497 1226 2552 circa
1257 2510 1446 2552 omnes
1476 2495 1657 2551 hacin
1700 2509 1759 2551 re

165 2587 424 2657 judicium
460 2604 473 2641 :
504 2587 745 2642 Potentes
774 2587 917 2644 enim
942 2628 960 2656 ,
1002 2588 1172 2658 inquit
1198 2627 1214 2653 ,
1249 2595 1474 2656 potenter
1511 2594 1760 2641 tormenta

168 2684 419 2750 potientur
450 2682 602 2753 (Sap.
632 2682 685 2737 6.
712 2682 803 2751 7);
831 2690 903 2747 et,
936 2681 1036 2748 Qui
1063 2681 1198 2735 novit
1228 2681 1529 2735 voluntatem
1565 2678 1759 2733 domini

166 2773 262 2836 sui,
291 2782 341 2826 et
376 2788 479 2826 non
504 2773 663 2842 facit,
693 2773 952 2844 vapulabit
981 2772 1156 2827 multis
1203 2770 1356 2841 (Luc.
1388 2771 1473 2825 12.
1507 2771 1622 2842 47).
1657 2769 1759 2823 Ita-

164 2880 264 2934 que
294 2864 469 2933 major
514 2864 747 2935 cognitio
776 2863 995 2933 majoris
1021 2872 1104 2919 est
1147 2877 1310 2918 causa
1338 2862 1601 2932 supplicii.
1632 2861 1758 2918 Ideo

165 2958 418 3012 sacerdos
444 2957 533 3027 qui
559 2957 611 3012 in
645 2957 812 3028 paria,
843 2965 1006 3028 atque
1032 2956 1264 3020 subditi,
1295 2956 1487 3011 incidit
1511 2965 1752 3025 peccata,

167 3064 267 3103 non
298 3064 480 3118 pares,
510 3048 605 3105 sed
636 3048 807 3104 multo
854 3048 1130 3120 graviores
1169 3048 1317 3104 dabit
1360 3062 1568 3118 poenas.
1622 3046 1756 3102 For-

166 3151 304 3197 tasse
348 3142 478 3196 dum
523 3156 610 3199 me
635 3142 829 3199 videtis
870 3142 1197 3212 ampliﬁcare
1226 3142 1427 3197 crimen
1462 3183 1477 3206 ,
1528 3142 1756 3198 tremitis

164 3245 211 3289 et
239 3234 557 3299 formidatis.
602 3243 658 3291 et
702 3250 790 3291 me
830 3235 979 3306 quasi
1022 3249 1117 3304 per
1162 3234 1452 3304 praecipitia
1501 3233 1753 3289 inceden-

166 3335 265 3380 tem
320 3327 614 3381 miramini.
659 3328 770 3398 Ego
812 3342 944 3383 vero
982 3334 1187 3382 tantum
1227 3328 1366 3383 circa
1407 3322 1536 3397 justi
1590 3328 1755 3383 virtu-

163 3424 264 3470 tem
294 3426 349 3471 et
374 3419 561 3472 merita
586 3416 819 3481 conﬁdo,
849 3424 907 3472 ut
931 3417 1093 3472 etiam
1120 3416 1342 3472 ulterius
1395 3416 1707 3487 progrediar
1736 3435 1750 3471 :

161 3519 358 3579 quanto
415 3511 561 3565 enim
605 3510 775 3581 magis
819 3509 1020 3564 crimen
1060 3509 1268 3581 augebo
1292 3551 1309 3576 ,
1350 3518 1498 3566 tanto
1533 3509 1751 3580 majori-

161 3603 257 3656 bus
305 3602 559 3657 Davidem
626 3602 871 3657 laudibus
913 3602 1187 3657 celebrare
1238 3611 1446 3673 potero.
1504 3602 1571 3657 Et
1621 3602 1747 3673 quid

160 3694 243 3749 his
295 3694 474 3764 majus
501 3736 516 3761 ,
568 3694 809 3764 inquies,
858 3692 1098 3764 proferre
1134 3694 1355 3765 possis?
1394 3694 1559 3750 Multo
1603 3705 1752 3750 certe

158 3787 388 3856 majora.
437 3784 896 3854 Quemadmodum
958 3786 1100 3840 enim
1156 3786 1305 3841 Caini
1373 3786 1577 3841 crimen
1641 3801 1749 3841 non

158 3879 335 3937 cades
376 3879 537 3934 modo
578 3887 691 3934 erat
720 3921 735 3945 ,
782 3877 876 3934 sed
922 3878 1376 3949 multis‘cmdibus
1419 3879 1607 3949 pejus;
1642 3893 1749 3934 non

156 3973 301 4027 enim
329 3972 590 4035 alienum,
620 3970 714 4026 sed
745 3969 999 4035 fratrem;
1032 3981 1089 4027 et
1114 3971 1351 4039 fratrem,
1386 3987 1492 4026 non
1545 3971 1748 4027 laeden-

157 4074 263 4120 tem
298 4105 313 4131 ,
361 4062 458 4119 sed
509 4063 693 4118 laesum
727 4062 959 4128 occidit;
993 4077 1100 4118 non
1146 4072 1266 4133 post
1291 4064 1482 4118 multas
1513 4072 1748 4132 patratas

152 4155 355 4219 caedes,
392 4152 486 4209 sed
525 4154 639 4224 ipse
676 4154 1066 4210 exsecrandum
1113 4155 1291 4210 scelus
1320 4155 1465 4226 prior
1494 4155 1698 4211 invenit
1729 4170 1743 4209 :

152 4248 231 4301 sic
259 4248 312 4301 in
338 4245 443 4299 hoc
473 4260 580 4315 quo
608 4245 674 4319 de
707 4246 912 4315 agimus
936 4246 1206 4316 exemplo,
1245 4262 1351 4300 non
1378 4247 1555 4302 caedes
1585 4247 1746 4303 modo

154 4340 364 4394 facinus
392 4338 492 4393 hoc
512 4346 657 4404 erat;
687 4354 791 4393 non
815 4339 957 4394 enim
985 4339 1067 4392 vir
1087 4354 1117 4394 e
1140 4340 1295 4394 trivio
1326 4338 1587 4396 homicida
1609 4349 1743 4406 erat,

152 4434 249 4487 sed
294 4431 591 4502 propheta;
636 4446 741 4485 non
770 4430 1050 4486 laedentem
1078 4471 1093 4495 ,
1141 4431 1235 4486 sed
1275 4431 1459 4486 laesum
1504 4433 1741 4488 occidit:

152 4523 315 4578 lzesus
340 4522 537 4597 quippe
576 4519 748 4578 fuerat
780 4535 843 4575 ex
869 4520 1134 4576 adulterio
1172 4536 1292 4576 cum
1324 4537 1492 4577 uxore
1538 4538 1554 4577 :
1587 4532 1747 4593 atque

152 4616 258 4672 hoc
293 4616 456 4671 etiam
489 4615 664 4671 scelus
692 4613 916 4670 addidit.
966 4614 1240 4669 Videtisne
1290 4614 1559 4685 quomodo
1598 4615 1745 4684 justo

152 4709 272 4762 viro
298 4722 409 4763 non
438 4722 676 4777 paream,
709 4716 763 4763 et
783 4708 900 4761 sine
940 4707 1047 4760 ullo
1085 4716 1508 4776 temperamento
1538 4708 1741 4762 scelera

149 4801 271 4870 ejus
299 4800 667 4856 recenseam?
710 4801 958 4854 Attamen
1007 4800 1076 4853 ita
1117 4800 1185 4853 de
1242 4799 1385 4853 illius
1430 4800 1745 4869 purgatione

149 4892 401 4958 conﬁdo,
452 4900 511 4946 ut
538 4900 658 4962 post
702 4900 906 4946 tantum
949 4891 1212 4945 scelerum
1260 4891 1469 4945 culmen
1497 4933 1510 4955 ,
1563 4900 1741 4960 optem

149 4986 344 5039 adesse
383 4982 725 5048 Manichacus,
769 4982 857 5052 qui
902 4981 1017 5036 haec
1057 4982 1290 5036 maxime
1327 4982 1647 5049 traducunt,
1692 4991 1743 5036 et

149 5074 525 5129 Blareionistas
550 5115 567 5141 ,
600 5083 658 5129 ut
701 5074 914 5129 illorum
957 5088 1051 5128 ora
1094 5076 1309 5143 egregie
1364 5074 1629 5128 claudam.
1664 5073 1742 5128 Illi

146 5184 385 5237 namque
402 5168 587 5224 dicunt
603 5168 775 5238 ipsum
798 5176 850 5223 et
866 5167 1126 5223 occidisse
1148 5177 1201 5221 et
1217 5168 1537 5223 mmchatum
1557 5167 1741 5232 fuisse;

145 5277 251 5333 ego
279 5276 411 5318 vero
440 5277 545 5316 non
578 5260 630 5315 id
673 5268 876 5315 tantum
921 5259 1078 5325 dico,
1129 5258 1223 5314 sed
1273 5259 1537 5329 duplicem
1580 5258 1744 5314 fuisse

143 5354 358 5409 tandem
387 5352 750 5408 demonstravi
777 5391 792 5414 ,
842 5361 953 5406 tum
982 5350 1123 5422 quod
1154 5351 1239 5406 ille
1273 5349 1384 5421 jam
1414 5361 1537 5407 ante
1584 5351 1744 5407 laesus

142 5447 236 5505 sit,
271 5456 385 5503 tum
412 5443 552 5517 quod
584 5453 742 5499 tanta:
769 5443 1045 5514 dignitatis
1070 5451 1214 5498 esset
1245 5444 1289 5498 is
1318 5445 1408 5515 qui
1438 5443 1650 5500 occidit.

215 5539 277 5593 7.
321 5538 596 5593 Peccatum
629 5538 836 5592 Doridis
873 5547 1136 5608 quantum.
1177 5536 1350 5608 Ipsius
1398 5545 1508 5606 post
1538 5538 1739 5608 lapsum

141 5640 340 5695 quanta
374 5629 553 5686 virtus.
605 5638 675 5668 —4
726 5627 843 5685 Non
883 5629 1026 5684 enim
1071 5644 1168 5698 par
1208 5636 1292 5684 est
1332 5629 1535 5684 crimen
1571 5631 1743 5685 virum

145 5722 353 5793 Spiritu
377 5731 565 5781 sancto
591 5720 889 5793 diguatum,
931 5729 1009 5778 tot
1035 5720 1308 5778 beneﬁciis
1336 5719 1602 5788 affectum,
1649 5722 1738 5793 qui

3369 274 3475 333 δη

1886 378 2085 426 tantam
2126 381 2443 441 potestatem
2487 385 2605 431 erat
2647 377 2890 448 adeptus,
2940 381 2991 437 in
3025 383 3113 439 tali
3157 392 3315 444 mtatc
3358 388 3472 445 lucc

1882 461 2113 518 facinora
2140 465 2377 534 aggredi,
2405 474 2564 537 atque
2590 467 2820 537 idipsutn
2843 476 3135 541 perpetrari
3161 491 3191 529 a
3216 478 3353 546 viro,
3383 482 3469 537 cui

1882 554 2014 608 nihil
2042 569 2229 611 eorum
2258 566 2546 627 competat.
2596 561 2845 616 Attamen
2877 562 3002 620 hinc
3028 566 3322 623 mirabilior
3345 585 3473 626 eva-

1878 644 1958 701 dit
1990 646 2072 700 vir
2115 648 2204 703 ille
2248 648 2421 712 fortis.
2462 650 2603 720 quod
2653 652 2704 706 in
2750 654 3067 723 profundum
3106 660 3356 730 nequitia:
3395 662 3467 717 la-

1880 750 2027 806 psus,
2069 754 2173 792 non
2200 739 2380 793 animo
2404 740 2679 809 defecerit,
2730 760 2835 799 non
2862 745 3181 816 desperarit,
3227 766 3331 806 non
3378 768 3471 809 se-

1880 826 2050 894 ipsum
2081 830 2329 900 supinum
2362 833 2668 903 projecerit,
2715 837 2855 891 letali
2885 838 3103 893 vulnere
3128 843 3409 898 confossus
3436 860 3466 899 a

1877 921 2113 989 diabolo,
2164 925 2257 979 sed
2284 926 2411 990 cito,
2448 929 2555 981 imo
2580 930 2782 997 statim,
2816 946 3004 1001 magna
3031 947 3151 987 cum
3175 936 3468 992 vehemen-

1878 1018 1949 1067 tia
1981 1015 2150 1085 majus
2181 1017 2431 1072 inﬁixerit
2460 1019 2673 1085 vulnus,
2715 1037 2874 1091 quam
2908 1034 3204 1093 acceperat.
3238 1027 3469 1086 Perinde

1878 1114 2039 1174 atque
2072 1106 2114 1161 si
2157 1107 2208 1160 in
2237 1109 2353 1163 acie
2382 1108 2640 1165 barbarus
2669 1113 2931 1182 quispiam
2971 1115 3024 1169 in
3054 1130 3150 1172 cor
3180 1119 3261 1174 vel
3293 1121 3345 1176 in
3371 1120 3469 1178 be-

1875 1211 1972 1266 par
1999 1199 2200 1253 strenui
2230 1200 2329 1255 viri
2359 1200 2565 1256 hastam
2600 1202 2854 1272 inﬁxerit,
2893 1214 2950 1262 et
2975 1209 3264 1265 secundam
3296 1214 3467 1284 magis

1874 1290 2086 1345 letalem
2118 1292 2322 1364 plagam
2353 1294 2637 1364 addiderit,
2680 1306 2790 1353 tum
2821 1300 2911 1356 ille
2948 1301 3132 1371 lapsus
3156 1304 3463 1376 plagarum-

1872 1396 1977 1451 que
2005 1385 2263 1453 sanguine
2285 1386 2658 1455 circumfusus,
2685 1390 2794 1445 cito
2814 1395 3123 1459 surrexerit,
3150 1397 3464 1470 hastamque

1872 1473 2088 1531 vibrans
2118 1476 2326 1534 hostem
2356 1479 2673 1548 confoderit,
2715 1492 2770 1538 et
2813 1485 3048 1540 occisura
3091 1490 3271 1543 statim
3313 1490 3461 1546 humi

1872 1578 2197 1637 prostratum
2225 1572 2501 1643 reliquerit
2531 1590 2546 1628 :
2578 1576 2655 1630 sic
2682 1586 2735 1629 et
2763 1592 2921 1643 utine,
2949 1594 3056 1649 quo
3076 1580 3330 1651 majorem
3357 1585 3462 1640 Da-

1871 1661 2008 1715 vidis
2034 1664 2239 1734 plagam
2278 1664 2501 1733 dixeris,
2547 1682 2613 1722 eo
2653 1670 3034 1728 mirabiliorem
3062 1675 3295 1732 confossi
3335 1680 3457 1735 ani-
3506 1714 3517 1735 ~.

1873 1767 2015 1806 mum
2063 1754 2332 1817 ostendis,
2378 1758 2518 1825 quod
2562 1769 2680 1824 post
2728 1763 2918 1817 vulnu's
2959 1773 3063 1819 tam
3107 1782 3304 1836 grave,
3362 1786 3458 1841 po-

1870 1845 2031 1899 tuerit
2058 1854 2114 1900 ct
2155 1861 2397 1917 surgere,
2432 1856 2483 1903 et
2519 1850 2569 1903 in
2601 1850 2778 1906 fronte
2807 1855 2927 1909 valli
2947 1865 3110 1924 stare,
3145 1858 3457 1933 hostemque

1867 1946 2230 2007 prosternere.
2260 1939 2373 1997 Hoc
2401 1957 2531 1998 vero
2560 1957 2814 2013 quantum
2844 1948 2931 2005 sit.
2956 1951 3128 2005 sciunt
3157 1967 3343 2010 omnes
3364 1960 3454 2026 qui

1868 2029 1918 2083 in
1938 2030 2117 2099 gravia
2150 2031 2284 2102 lapsi
2310 2041 2435 2089 sunt
2465 2044 2701 2104 peccata.
2726 2036 2841 2092 Non
2868 2039 3012 2095 enim
3041 2041 3108 2095 ita
3140 2041 3292 2099 fortis
3317 2056 3453 2100 stro-

1874 2123 2077 2192 nuique
2102 2124 2267 2178 animi
2294 2133 2379 2178 est
2404 2134 2550 2178 recta
2573 2125 2908 2179 incedentem
2934 2140 3156 2181 cursum
3190 2127 3451 2196 perﬁcere

1872 2214 1942 2283 (is
1957 2215 2103 2270 enim
2119 2216 2378 2270 comitem
2398 2215 2723 2286 habetSpetu
2738 2216 2935 2271 bonam
2949 2218 3316 2274 concitantem
3331 2235 3451 2274 ner-

1872 2320 1973 2362 vos
1992 2315 2047 2362 et
2069 2306 2409 2360 alacritatem
2439 2306 2771 2376 addentem),
2798 2316 2858 2361 ut
2872 2318 2996 2376 post
3014 2309 3163 2363 mille
3187 2323 3444 2374 coronas,

1871 2406 2098 2466 tropaea,
2114 2397 2391 2463 victorias,
2406 2398 2642 2468 graviter
2654 2397 2865 2469 lapsum
2883 2414 3045 2468 posse
3061 2400 3313 2456 eumdem
3327 2416 3445 2456 cur-

1871 2503 1994 2543 sum
2009 2487 2189 2544 denuo
2203 2500 2461 2558 repetere.
2472 2486 2540 2544 Ut
2552 2497 2731 2544 autem
2751 2489 2803 2545 id
2816 2492 2961 2560 quod
2978 2491 3102 2547 dico
3113 2492 3313 2548 clarius
3323 2506 3447 2547 eva-

1861 2579 1972 2646 dat,
2022 2581 2171 2636 aliud
2210 2582 2389 2651 priore
2431 2597 2538 2638 non
2580 2585 2758 2640 minus
2799 2578 3102 2656 exemplum
3136 2589 3187 2643 in
3217 2591 3448 2646 medium

1865 2675 2016 2729 vobis
2062 2675 2302 2743 proferre
2347 2677 2583 2732 tentabo.
2639 2676 2823 2749 Cogita
2865 2679 2993 2734 mihi
3036 2682 3446 2753 gubernatorem

1862 2767 2029 2821 maria
2076 2767 2221 2823 mille
2262 2782 2562 2835 emensum,
2620 2783 2740 2839 post
2784 2781 2984 2826 tantam
3034 2774 3446 2845 navigationem,

1862 2866 1983 2928 post
2028 2859 2221 2914 multas
2270 2868 2634 2930 tempestates,
2686 2863 2957 2932 scopulos,
2999 2865 3222 2929 fluctus,
3271 2870 3451 2923 multis

1862 2949 2177 3006 instructum
2222 2953 2478 3007 mercium
2526 2953 2771 3018 sarcinis,
2805 2954 2855 3008 in
2908 2954 3025 3025 ipso
3071 2968 3256 3026 portus
3307 2960 3448 3015 ostio

1859 3043 2189 3111 demersum,
2230 3047 2317 3115 qui
2361 3046 2446 3101 vix
2476 3061 2508 3102 e
2535 3055 2682 3101 tanto
2707 3046 2983 3116 naufragio
3021 3050 3192 3106 nudus
3213 3051 3449 3123 elfugerc

1861 3139 2091 3207 potuerit
2120 3155 2135 3199 ;
2163 3153 2269 3208 quo
2301 3139 2388 3196 ille
2416 3140 2598 3194 animo
2626 3140 2787 3196 fuerit
2811 3155 2935 3212 erga
2971 3143 3358 3213 navigationem
3393 3155 3447 3201 et

1861 3230 2063 3285 marina
2086 3229 2359 3300 pericula?
2387 3246 2513 3287 num
2537 3231 2628 3286 ille
2648 3232 2875 3287 voluerit
2898 3248 3173 3303 umquam,
3208 3237 3306 3290 nisi
3334 3237 3449 3291 ani-

1859 3324 1930 3377 mi
1957 3324 2026 3378 sit
2052 3323 2338 3379 admodum
2360 3325 2584 3391 strenui,
2609 3326 2689 3380 vel
2717 3326 2862 3391 litus,
2886 3327 2971 3382 vel
2991 3339 3221 3396 portum,
3242 3330 3327 3385 vel
3355 3345 3446 3384 na.

1862 3432 1977 3471 vem
2008 3417 2167 3471 ullam
2197 3417 2511 3485 respicere?
2543 3416 2659 3471 Non
2687 3417 2868 3486 utique
2894 3426 3021 3489 puto
3049 3435 3061 3470 :
3094 3419 3186 3474 sed
3215 3422 3446 3475 occulta-

1859 3519 1945 3563 tus
1964 3508 2179 3576 jacehit,
2212 3508 2352 3563 diem
2377 3510 2427 3563 in
2456 3520 2665 3565 noctem
2687 3518 2921 3576 vertens,
2946 3512 3199 3582 omnique
3225 3528 3319 3583 spe
3348 3514 3444 3569 de-

1856 3601 2108 3662 sﬁtutus;
2152 3600 2420 3670 maletque
2447 3599 2609 3654 vitam
2636 3599 2914 3655 mendicus
2938 3617 3117 3671 agere,
3142 3619 3298 3673 quam
3331 3605 3442 3674 pri-

1857 3693 2025 3745 stinos
2050 3689 2200 3746 adire
2226 3690 2456 3746 labores.
2488 3692 2559 3746 At
2583 3706 2689 3746 non
2723 3692 2845 3747 talis
2874 3692 2972 3747 fttit
2998 3694 3083 3749 hic
3106 3696 3184 3749 vir
3212 3697 3399 3752 beatus
3430 3716 3445 3754 :

1856 3785 1949 3837 sed
1996 3792 2116 3852 post
2145 3792 2347 3838 tantum
2376 3782 2730 3855 naufragium,
2776 3795 2893 3853 post
2926 3794 3003 3841 tot
3030 3786 3241 3843 labores
3267 3798 3322 3844 et
3350 3801 3449 3844 su-‘

1855 3873 2037 3941 dores,
2088 3889 2193 3929 non
2238 3876 2430 3930 mansit
2477 3875 2757 3941 occultus;
2805 3877 2899 3933 sed
2961 3878 3138 3934 navim
3188 3882 3438 3946 extraxit.

1854 3968 2210 4038 expansisque
2250 3968 2403 4036 velis,
2453 3975 2507 4023 et
2553 3978 2774 4039 accepto
2819 3970 3202 4040 gubernaculo,
3238 3974 3446 4030 labores

1855 4062 2004 4127 adiit,
2045 4070 2099 4115 et
2142 4060 2372 4131 majores
2414 4076 2571 4131 quam
2625 4062 2771 4131 prius
2814 4063 3026 4119 divitias
3065 4065 3290 4134 adeptus
3338 4078 3440 4121 est.

1855 4151 2006 4220 Quod
2052 4151 2094 4205 si
2143 4161 2288 4206 stare
2341 4163 2393 4205 et
2448 4151 2653 4220 lapsum
2703 4168 2807 4205 non
2852 4168 3066 4223 semper
3106 4155 3288 4223 jacere
3341 4157 3446 4210 mi-
3540 4172 3545 4179 '

1856 4245 2020 4297 rabile
2051 4253 2152 4307 est,
2186 4241 2363 4297 denuo
2391 4243 2611 4299 excitari
2644 4253 2697 4298 et
2731 4245 2855 4298 talia
2886 4245 3163 4313 perﬁcere,
3196 4257 3326 4318 quot
3353 4263 3446 4304 co-

1854 4338 1999 4392 ronis
2026 4337 2242 4406 dignum
2273 4351 2375 4389 non
2399 4336 2539 4389 erit?
2561 4335 2718 4405 Atqui
2750 4336 2913 4390 multa
2944 4346 3097 4391 erant
3124 4352 3243 4409 qua:
3272 4339 3444 4408 ipsum

1854 4431 1906 4485 in
1946 4429 2371 4495 deslieratimiem
2417 4427 2781 4497 conjicerent’t
2831 4430 3027 4498 primo,
3074 4433 3276 4500 peccati
3326 4447 3445 4487 ina-

1853 4522 2070 4591 gnitudo
2094 4539 2108 4583 ;
2136 4518 2393 4585 secundo,
2422 4519 2563 4589 quod
2592 4534 2696 4574 non
2731 4520 2780 4573 in
2809 4522 3059 4590 primmva
3082 4531 3259 4590 aetate,
3278 4540 3443 4595 quan-

1854 4615 1922 4666 do
1968 4612 2139 4683 major
2178 4622 2292 4667 erat
2326 4626 2450 4681 spes
2492 4612 2835 4674 reversiouis.
2869 4613 2960 4668 sed
2992 4613 3299 4672 declinante
3334 4616 3443 4687 jam

1854 4718 2009 4762 :rlate
2049 4708 2096 4761 id
2126 4723 2311 4777 passus
2349 4717 2512 4762 esset.
2558 4706 2740 4778 Neque
2769 4711 2909 4763 enim
2948 4719 3231 4779 mercator,
3262 4712 3349 4782 qui
3380 4729 3445 4766 ex

1854 4810 2008 4869 portu
2056 4814 2305 4869 egressus
2349 4800 2525 4855 statim
2571 4799 2901 4869 naufragium
2950 4802 3169 4871 patitur,
3223 4803 3446 4872 perinde

1853 4892 2079 4946 afﬁcitur
2124 4892 2328 4957 dolore,
2383 4899 2542 4961 atque
2587 4892 2631 4947 is
2675 4892 2763 4962 qui
2808 4903 2932 4964 post
2963 4895 3157 4949 multas
3202 4904 3444 4965 peractas

1854 4986 2241 5053 negotiationes
2296 4985 2347 5039 in
2390 4985 2667 5054 scopulum
2713 4985 2977 5056 impingit.
3032 4988 3247 5053 Tertio,
3301 4988 3443 5057 quod

1855 5086 1972 5147 post
2004 5086 2177 5131 tantas
2218 5076 2473 5132 collectas
2523 5077 2734 5132 divitias
2778 5078 2829 5133 id
2875 5092 3063 5148 passus
3097 5080 3167 5134 sit
3199 5096 3213 5132 :
3241 5080 3439 5135 etenim

1853 5185 1959 5224 non
1990 5185 2164 5239 parvae
2191 5169 2263 5224 illi
2298 5180 2423 5224 tunc
2448 5168 2671 5225 aderant
2706 5170 2966 5225 mercium
2992 5171 3252 5238 sarcinae;
3288 5187 3440 5227 nem-
3473 5153 3485 5185 ⁸

1854 5276 1919 5331 pe
1958 5260 2045 5315 illa
2074 5274 2193 5331 qua:
2222 5262 2271 5315 in
2307 5260 2553 5329 primmva
2586 5270 2743 5316 astate
2772 5268 3037 5331 gesserat,
3088 5277 3211 5317 cum
3263 5272 3445 5334 pastor

1852 5342 2029 5419 esset;
2082 5369 2255 5424 pugna
2296 5362 2483 5409 contra
2540 5353 2869 5421 Goliathum,
2936 5370 3056 5411 eutn
3103 5358 3441 5428 splendidum

1852 5449 2019 5505 erexit
2050 5458 2305 5517 troptcum
2340 5466 2352 5500 :
2388 5447 2721 5517 philos0phia
2755 5449 2841 5503 illa
2871 5464 3030 5520 quam
3054 5452 3293 5508 exhibuit
3314 5466 3441 5524 erga

1851 5539 2084 5596 Saﬁlem.
2106 5538 2474 5608 Evangelieam
2504 5539 2646 5593 enim
2673 5539 2907 5595 ostendit
2928 5542 3438 5610 magnanimitatem,

1851 5646 1972 5687 cum
2019 5630 2317 5687 sexcenties
2360 5629 2566 5685 hostem
2614 5644 2721 5701 prae
2760 5632 3006 5689 manibus
3044 5632 3306 5697 habuerit,
3355 5634 3439 5688 cui

1854 5737 2066 5794 semper
2090 5723 2362 5795 pepercit;
2394 5720 2685 5795 maluitque
2707 5724 2950 5797 patriam,
2984 5725 3303 5794 libertatem,
3330 5725 3439 5780 imo
