3868 6182
419 316 584 372 vitam
613 314 881 379 amittere,
909 330 1071 386 quam
1100 311 1201 372 sibi
1244 317 1440 386 injuste
1480 316 1815 372 insidiantem
1838 315 2010 371 inter-

421 405 585 461 ficere
628 405 758 461 Fest
783 404 1035 475 adeptum
1061 421 1273 476 quoque
1290 422 1512 476 regnum
1538 421 1645 461 non
1676 421 1834 475 parva
1865 416 2012 461 recte

424 497 615 568 gessit.
664 496 837 567 Supra
884 497 1195 552 memoratis
1237 497 1481 553 addenda
1507 497 1623 566 ejus
1656 496 1797 566 apud
1822 510 2012 552 omnes

419 588 763 653 existimatio,
800 603 921 643 nam
947 587 1090 659 quod
1116 604 1148 642 a
1180 596 1322 642 tanta
1350 588 1515 657 gloria
1542 588 1846 652 excidisset,
1901 602 2008 643 non

421 694 641 748 parvum
689 679 853 741 animi
892 688 1095 735 motum
1141 680 1377 735 excitare
1422 689 1651 749 poterat.
1704 679 1818 733 Non
1863 681 2008 736 enim

419 779 626 825 tantum
654 770 882 826 ornabat
906 785 1156 841 purpurae
1176 771 1361 833 decus,
1387 779 1642 842 quantum
1670 770 1873 841 pudore
1892 771 2009 826 suf-

417 861 673 918 fundebat
702 862 904 933 peccati
930 864 1061 920 tanti
1087 862 1313 919 macula.
1716 921 1722 927 ,

488 954 543 1010 8.
583 952 745 1013 Scitis
795 970 958 1024 porro
1009 970 1169 1025 quam
1216 969 1457 1010 amarum
1502 955 1573 1010 sit
1618 969 1738 1010 cum
1789 964 2007 1026 peccata

416 1046 758 1116 evulgantur,
807 1056 862 1103 et
906 1054 1106 1116 quanto
1145 1046 1216 1101 sit
1258 1060 1393 1116 opus
1429 1046 1630 1111 animo,
1663 1056 1779 1101 uta
1824 1045 2007 1102 multis

412 1149 697 1198 accusatus
734 1142 836 1205 vir,
884 1150 1070 1211 totque
1115 1140 1319 1196 habens
1359 1141 1621 1196 scelerum
1666 1148 1856 1208 testes,
1898 1155 2006 1196 non

415 1248 638 1302 prorsus
662 1232 930 1289 concidat.
960 1235 1208 1289 Attamen
1236 1241 1486 1289 strenuus
1522 1232 1613 1288 ille
1640 1233 1742 1300 vir,
1771 1232 1874 1287 tela
1906 1233 2003 1287 ist-

416 1324 533 1384 luec
562 1324 738 1379 omnia
775 1324 846 1381 ab
873 1324 1053 1379 anima
1079 1339 1173 1379 sua
1200 1323 1416 1388 evulsit,
1460 1323 1760 1392 deindeque
1789 1323 1858 1377 ita
1892 1323 2006 1378 ela-

413 1417 541 1481 ruit,
590 1417 661 1471 ita
702 1415 938 1472 maculas
981 1416 1151 1481 eluit,
1194 1416 1267 1471 ita
1320 1415 1553 1471 mundus
1591 1414 1873 1486 apparuit,
1946 1422 2006 1469 ut

412 1510 572 1565 etiam
623 1519 742 1577 post
790 1516 1019 1564 mortem
1046 1518 1317 1578 nepotum
1344 1523 1565 1565 suorum
1598 1518 1817 1578 peccata
1846 1508 2003 1563 obte-

410 1609 561 1670 gttret
589 1615 605 1654 :
634 1610 688 1656 et
712 1601 855 1670 quod
885 1600 955 1656 de
984 1600 1293 1657 Abrahamo
1318 1600 1531 1661 dixerat
1555 1601 1712 1664 Deus,
1761 1599 1815 1655 id
1841 1600 2003 1655 etiam

409 1694 478 1749 de
518 1694 613 1761 illo
660 1693 957 1764 proferret;
997 1695 1107 1750 imo
1150 1696 1319 1750 multo
1362 1695 1530 1765 magis
1570 1694 1639 1750 de
1674 1693 1892 1750 Davide.
1928 1694 2005 1750 De

411 1787 714 1857 patriarcha
756 1787 901 1842 enim
937 1787 1013 1842 ait
1060 1805 1075 1842 :
1120 1785 1437 1842 Recordatus
1457 1803 1570 1841 sum
1600 1786 1882 1841 testamenti
1906 1785 2005 1841 mei

409 1880 545 1949 quod
574 1880 669 1950 fuit
698 1880 767 1933 ad
787 1879 1047 1935 Abraham
1069 1878 1264 1948 (Exod.
1287 1879 1343 1932 2.
1368 1878 1496 1948 24);
1527 1878 1614 1934 hic
1638 1892 1767 1934 vero
1794 1891 1900 1933 non
1920 1877 2002 1932 lo-

408 1969 590 2039 quitur
613 1970 683 2025 de
713 1978 1035 2027 testamento
1068 1987 1081 2024 :
1111 1969 1209 2027 sed
1236 1968 1404 2040 quid?
1433 1967 1655 2039 Propter
1683 1968 1852 2024 David
1871 1985 2002 2038 pue-

411 2078 529 2115 rum
566 2078 733 2115 meum
776 2070 1040 2133 protegam
1081 2061 1214 2116 Itane
1254 2062 1505 2116 civitatem
1549 2059 1718 2131 (Isai.
1748 2061 1936 2118 37.55
1956 2058 2007 2132 ).⁴

409 2154 750 2207 Satomonem
774 2152 937 2208 etiam
963 2152 1052 2222 qui
1084 2160 1228 2207 tanta
1261 2151 1466 2208 scelera
1491 2151 1728 2219 admisit,
1755 2151 1827 2208 ob
1848 2165 2003 2209 suam

410 2260 538 2314 erga
584 2244 835 2299 Davidem
876 2244 1304 2300 benevolentiam
1354 2259 1462 2299 non
1500 2243 1744 2315 permisit
1789 2244 1933 2300 Deus
1971 2259 2006 2301 e

412 2350 576 2406 regno
612 2335 881 2390 excidere.
935 2334 1213 2405 Tantaque
1251 2344 1368 2391 erat
1400 2335 1500 2391 viri
1547 2334 1895 2399 existimatio,
1945 2342 2008 2395 ut

411 2436 529 2495 post
560 2436 636 2480 tot
669 2440 840 2481 anxios
883 2425 1073 2482 Petrus
1113 2426 1169 2481 in
1200 2427 1460 2483 concione
1500 2427 1569 2483 ad
1604 2426 1822 2497 Judacos
1858 2425 2008 2483 dice—-

410 2531 493 2576 ret
530 2536 545 2574 :
579 2519 751 2575 Liceat
790 2519 1037 2575 audenter
1062 2520 1230 2575 dicere
1268 2519 1338 2575 ad
1366 2535 1453 2576 vos
1481 2519 1546 2575 de
1572 2518 1863 2590 patriarcha
1887 2518 2015 2573 Da-t

409 2612 516 2676 rid,
548 2612 787 2679 quoniam
832 2611 1097 2677 defunctus
1131 2619 1203 2666 est
1251 2620 1297 2665 et
1352 2611 1577 2682 sepultus
1632 2609 1768 2682 (Aet.
1797 2608 1852 2668 2.
1880 2609 1998 2681 29).

407 2705 653 2761 Christus
705 2702 1182 2775 quoqueJudzeos
1234 2703 1539 2774 alloquens,
1593 2700 1830 2759 ostendit
1877 2717 2000 2759 eum

408 2796 569 2849 etiam
612 2803 732 2865 post
774 2804 1052 2864 peccatum
1094 2795 1166 2850 ita
1213 2795 1445 2864 Spiritus
1487 2795 1657 2865 gratia
1698 2794 1999 2865 dignatum,

409 2899 465 2942 ut
512 2887 672 2943 etiam
720 2886 791 2943 de
839 2887 1007 2956 ipsius
1053 2886 1330 2942 divinitate
1376 2885 1710 2957 prophetiam
1757 2885 2007 2943 emittere

408 2980 665 3035 meruerit
715 2997 729 3035 :
774 2978 1006 3049 indeque
1049 2980 1285 3049 ipsorum
1313 2993 1408 3035 ora
1433 2979 1693 3034 obturans
1738 2976 1949 3035 dicebat
1983 2994 1997 3032 :

412 3072 682 3140 Quomodo
723 3088 842 3143 ergo
881 3070 1051 3127 David
1090 3073 1145 3127 in
1184 3070 1368 3141 spiritu
1391 3079 1535 3131 vorat
1563 3086 1677 3127 eum
1704 3068 1999 3135 Dominum,

407 3166 600 3231 dicens,
646 3164 790 3227 Dixit
830 3164 1077 3219 Dominus
1120 3162 1344 3219 Domino
1384 3178 1527 3229 meo,
1570 3162 1707 3224 Sede
1750 3178 1782 3215 a
1811 3162 2003 3218 demtris

406 3258 529 3311 meis
562 3255 774 3327 (Matth.
801 3255 895 3310 22.
927 3256 1064 3327 45)?
1094 3255 1162 3311 Et
1184 3255 1326 3325 quod
1359 3256 1411 3310 in
1431 3253 1612 3326 Moyse
1638 3251 1836 3309 factum
1875 3262 1959 3309 est
1982 3294 2001 3323 ,

407 3345 512 3402 hoc
535 3347 697 3402 etiam
726 3346 778 3401 in
808 3345 1027 3401 Davide.
1074 3344 1535 3412 Quemadmodum
1579 3345 1722 3400 enim
1754 3343 1996 3410 Mariam,

404 3438 571 3492 invito
599 3438 760 3494 etiam
786 3437 987 3509 Moyse,
1014 3438 1295 3508 castigavit
1338 3438 1499 3505 Deus,
1521 3452 1588 3492 eo
1613 3435 1755 3508 quod
1776 3437 1997 3492 fratrem

1165 203 1222 259 S.
1263 201 1542 261 JOANNIS
1576 200 2052 261 CHRYSOSTOMI
2086 200 2402 258 ARClllEP.
2442 198 2978 258 CONSTANTINOP.

3578 216 3668 273 5η

2119 319 2446 375 contumelia
2466 318 2754 385 affecisset,
2779 321 2905 390 quia
2928 335 3126 390 nempe
3147 330 3397 376 sanetum
3420 322 3559 378 illum
3579 327 3663 381 ad-

2117 411 2340 467 modum
2369 410 2625 483 diligebat
2654 429 2669 467 :
2700 412 2801 477 sic,
2832 422 2888 467 et
2917 413 3021 467 hoc
3053 412 3294 480 nolente,
3326 413 3492 468 filium
3516 416 3669 471 rebel-

2115 503 2221 559 lem
2245 504 2391 560 ultus
2416 515 2520 560 est.
2545 504 2671 560 llree
2694 520 2818 560 cum
2838 505 2980 570 aliis,
3014 506 3123 560 imo
3151 522 3263 576 prae
3287 507 3431 573 aliis,
3459 507 3552 563 viri
3571 508 3670 564 vir-

2116 604 2285 651 tutem
2320 597 2450 652 satis
2487 597 2780 652 declarant.
2828 596 2965 651 Nam
2995 613 3121 651 eum
3160 597 3299 651 Deus
3331 597 3436 652 fert
3470 608 3669 654 senten-

2115 686 2265 746 tiam.
2298 686 2433 741 nihil
2461 688 2601 742 ultra
2632 689 3044 756 explorandum.
3083 686 3141 741 Si
3173 688 3337 742 vultis
3370 696 3544 742 autem
3568 689 3667 758 ejus

2113 771 2502 842 philosophiam
2543 771 2843 826 minutatim
2874 769 3139 839 ediscere,
3177 771 3302 826 licet
3330 772 3670 840 percurrenti-

2109 864 2211 921 bus
2261 863 2537 918 historiam
2590 877 2778 918 eorum
2823 877 2942 933 qua:
2986 870 3109 933 post
3151 870 3429 932 peccatum
3479 861 3671 931 gessit,

2109 954 2292 1012 videre
2335 965 2585 1025 quantam
2632 953 2721 1009 ille
2757 952 2896 1023 apud
2926 953 3091 1008 Deum
3131 951 3379 1007 fiduciam
3408 951 3673 1019 habuerit,

2108 1054 2306 1117 quanta
2345 1047 2462 1116 ejus
2504 1036 2874 1103 benevolentia
2911 1044 3160 1117 dignatus
3200 1045 3291 1109 sit,
3338 1052 3586 1113 quantum
3626 1044 3672 1099 in

2109 1141 2304 1197 virtute
2326 1141 2629 1210 profecerit,
2658 1156 2819 1212 quam
2844 1148 2992 1197 recte
3018 1139 3086 1195 ad
3114 1139 3359 1195 ultimum
3388 1153 3552 1207 usque
3577 1138 3677 1207 spi-

2108 1233 2268 1289 ritum
2290 1233 2501 1288 vixerit.
2531 1232 2624 1287 llis
2650 1233 2811 1304 igitur
2831 1231 3093 1301 exemplis
3118 1230 3367 1293 instituti,
3388 1229 3671 1299 vigilemus,

2108 1339 2499 1393 eaveamusque
2525 1338 2593 1378 ne
2622 1323 2867 1379 labamur
2884 1339 2914 1391 γε
2952 1321 3095 1394 quod
3122 1323 3165 1378 si
3193 1321 3406 1392 quando
3434 1319 3535 1375 labi
3561 1335 3677 1375 eon-

2108 1416 2296 1486 tingat,
2344 1430 2413 1471 ne
2458 1415 2709 1485 prostrati
2735 1414 3035 1485 jaceamns.
3089 1414 3273 1484 Neque
3312 1415 3457 1468 enim
3477 1424 3673 1484 peccata

2108 1505 2324 1574 Davidis
2351 1508 2596 1577 exposui,
2636 1514 2696 1573 ut
2722 1522 2818 1561 vos
2848 1506 2900 1561 in
2926 1506 3205 1577 segnitiem
3232 1505 3513 1583 conjiciam
3537 1521 3551 1569 ;
3589 1504 3675 1559 sed

2108 1607 2166 1657 ut
2194 1597 2439 1654 timorem
2466 1598 2740 1661 incutiam.
2775 1597 2910 1653 Nam
2939 1600 2983 1653 si
3009 1597 3185 1668 justus
3215 1597 3328 1665 ille,
3356 1598 3480 1668 quia
3509 1612 3678 1667 parum

2105 1690 2373 1762 neglexit,
2423 1699 2500 1746 tot
2540 1691 2751 1761 excepit
2792 1690 3033 1757 vulnera,
3084 1689 3210 1761 quid
3251 1690 3460 1761 passuri
3509 1704 3680 1745 sumus

2105 1770 2225 1851 nos,
2255 1785 2343 1857 qui
2370 1784 2607 1855 quotidie
2634 1798 2825 1854 segnes
2851 1784 3078 1839 sumus?
3118 1781 3196 1839 Ne
3220 1784 3428 1855 cogites
3465 1798 3589 1853 ergo
3614 1782 3683 1837 la-

2106 1893 2275 1950 psum,
2301 1878 2446 1933 illum
2482 1892 2624 1945 esse,
2657 1885 2715 1941 ut
2759 1876 2884 1932 hinc
2924 1876 3198 1947 negligens
3222 1875 3461 1934 evadas:
3495 1873 3584 1930 sed
3607 1882 3682 1929 te-

2104 1985 2228 2029 cum
2256 1978 2443 2043 reputa
2472 1976 2603 2040 quot
2623 1977 2925 2038 quantaque
2951 1976 3135 2038 postea
3168 1967 3369 2032 fecerit,
3425 1975 3559 2036 quot
3598 1965 3685 2022 ﬂe-

2107 2072 2212 2129 tus,
2244 2070 2499 2133 quantam
2538 2062 2906 2131 paenitentiam
2950 2069 3105 2115 nocte
3137 2059 3331 2130 dieque
3357 2058 3683 2125 exhibuerit,

2104 2155 2282 2211 fontes
2320 2155 2679 2225 lacrymarum
2729 2154 3000 2219 amittens,
3047 2151 3219 2222 iisque
3266 2152 3453 2207 lavans
3503 2151 3683 2207 lectum

2104 2262 2291 2311 suum;
2340 2258 2395 2303 et
2432 2246 2545 2301 haec
2589 2259 2746 2301 sacco
2795 2244 3031 2299 indutus.
3087 2241 3145 2299 Si
3183 2251 3363 2299 autem
3411 2242 3502 2298 ille
3548 2250 3683 2301 tanta

2104 2340 2311 2410 eguerit
2337 2337 2716 2402 conversione,
2742 2350 2844 2406 qua
2877 2334 3083 2390 ratione
3111 2333 3405 2405 poterimus
3434 2348 3534 2388 nos
3555 2333 3664 2386 salu

2107 2442 2212 2490 tem
2242 2432 2518 2502 consequi,
2566 2440 2690 2501 post
2728 2437 2807 2484 tot
2837 2439 3054 2500 peccata
3085 2426 3236 2483 nullo
3260 2425 3567 2496 compuncti
3594 2423 3685 2479 do-

2104 2525 2256 2581 lore?
2285 2523 2415 2578 Nam
2446 2522 2536 2593 qui
2582 2521 2763 2576 multis
2791 2520 3045 2595 operibus
3073 2518 3229 2574 bonis
3255 2518 3547 2573 instructus
3592 2524 3687 2582 est,

2105 2616 2259 2673 facile
2300 2616 2467 2686 possit
2515 2615 2641 2670 hinc
2682 2623 2897 2684 peccata
2943 2628 3039 2667 sua
3067 2611 3321 2682 obtegere
3354 2628 3366 2665 :
3398 2612 3493 2681 qui
3518 2618 3688 2664 autem

2105 2708 2278 2765 nudus
2320 2717 2423 2772 est,
2470 2720 2805 2775 quocumque
2845 2704 2952 2760 telo
2989 2690 3298 2773 impetatur,
3331 2702 3550 2758 letalem
3581 2699 3691 2770 pla-

2103 2815 2225 2871 gam
2255 2799 2469 2868 accipit.
2520 2797 2598 2852 Ne
2625 2796 2783 2867 igitur
2810 2795 2912 2850 hoc
2939 2794 3169 2861 accidat,
3201 2809 3299 2849 nos
3329 2793 3489 2849 bonis
3516 2791 3690 2864 operi-

2102 2893 2205 2955 bus
2232 2894 2247 2925 ί
2297 2892 2620 2955 muniamus,
2671 2899 2727 2945 et
2769 2889 2815 2943 si
2856 2888 2999 2958 quod
3038 2896 3319 2959 peceatum
3348 2886 3690 2948 admittatur,

2102 2982 2387 3048 confestim
2415 2996 2515 3037 nos
2542 2981 2859 3044 abluamus;
2894 2987 2952 3037 ut
2980 2964 3083 3044 hac
3118 2978 3223 3034 vita
3254 2978 3321 3033 ad
3350 2977 3445 3033 Dei
3471 2976 3694 3048 gloriam

2103 3085 2343 3147 peracta,
2388 3074 2563 3130 futura
2596 3074 2683 3129 illa
2717 3072 2957 3128 fruamur
2984 3073 3092 3139 vita
3124 3089 3137 3126 :
3165 3085 3325 3141 quam
3368 3083 3468 3125 nos
3508 3080 3697 3123 omnes

2103 3168 2325 3237 assequi
2354 3166 2648 3237 contingat,
2676 3165 2845 3236 gratia
2872 3173 2927 3219 et
2948 3163 3275 3235 benignitate
3298 3161 3511 3216 Domini
3533 3158 3697 3214 nostri

2102 3259 2230 3317 Iesu
2260 3258 2479 3326 Christi,
2509 3258 2594 3314 cui
2615 3256 2790 3328 gloria
2817 3264 2873 3312 et
2899 3256 3181 3326 imperium
3212 3253 3266 3309 in
3294 3252 3495 3309 saaeula
3525 3249 3696 3308 siceu-

2105 3352 2302 3407 lorum.
2336 3352 2531 3406 Amen.

2170 3445 2188 3475 ί
2224 3442 2281 3493 In
2303 3441 2467 3492 Morel.
2492 3440 2616 3502 solo,
2633 3440 2711 3489 ba:
2736 3451 2899 3499 voces,
2924 3436 3056 3489 bonis
3078 3434 3322 3516 aperibus,
3342 3433 3579 3484 deerant.

406 3555 3699 3589 ___________________________________________.

1483 3658 1833 3751 HOMILIA
1882 3669 2152 3733 XXVII.
2196 3667 2284 3732 al.
2328 3665 2629 3727 XXVIII.

405 3790 536 3845 Car.
593 3790 645 3846 8.
696 3806 750 3844 v.
803 3791 890 3845 14.
945 3789 1012 3843 Et
1062 3806 1177 3843 cum
1233 3791 1443 3861 uenisset
1487 3787 1637 3844 Jesus
1682 3791 1737 3843 in
1793 3789 2000 3843 domum

476 3881 643 3947 Petri,
687 3881 811 3936 uidit
848 3898 1049 3937 socrum
1092 3883 1202 3953 ejus
1236 3883 1489 3952 jacentem
1514 3890 1560 3936 et
1596 3882 1957 3953 febricitantem
1980 3898 2001 3937 :

478 3973 567 4029 15.
606 3981 656 4027 et
694 3973 852 4045 tetigit
882 3987 1089 4027 manum
1129 3973 1258 4043 ejus,
1289 3982 1336 4027 et
1362 3973 1564 4043 reliquit
1596 3990 1707 4028 eam
1736 3974 1889 4044 febris
1910 3989 1930 4028 :
1954 3983 2002 4029 et

476 4065 696 4119 surrexit
723 4072 769 4118 et
797 4063 1112 4118 ministrabat
1138 4065 1203 4119 ei.

477 4156 533 4211 1.
575 4155 784 4211 Marcus
831 4166 888 4210 ut
929 4164 1143 4226 tempus
1188 4156 1554 4225 significaret,
1588 4156 1762 4224 dixit,
1814 4156 2003 4212 Statim

406 4246 614 4319 (Herc.
650 4249 699 4302 1.
729 4248 789 4303 51
815 4247 869 4317 );
907 4246 996 4303 hic
1024 4262 1149 4303 vero
1193 4247 1403 4318 signum
1437 4248 1775 4303 solummodo
1806 4250 2001 4318 posuit,

409 4351 725 4411 tempusque
755 4356 859 4394 non
888 4339 1110 4395 notavit.
1142 4340 1245 4395 Alii
1270 4350 1447 4396 autem
1477 4341 1679 4408 dicunt,
1699 4357 1897 4413 a'gram
1918 4342 2006 4398 de-

408 4433 747 4498 eutnbentem
797 4447 1014 4503 rogasse
1063 4433 1211 4487 illum
1251 4450 1264 4486 :
1311 4432 1399 4489 hic
1448 4449 1609 4503 porro
1662 4434 1790 4490 illud
1843 4436 2004 4491 etiam

409 4523 594 4593 tacuit.
642 4523 696 4577 ln
741 4538 843 4593 qua
883 4538 942 4577 re
973 4534 1147 4578 tamen
1198 4525 1340 4579 nulla
1377 4535 1458 4580 cst
1483 4525 1876 4596 discrepantia;
1909 4527 2005 4582 sed

407 4614 554 4668 aliud
592 4623 678 4669 est
725 4614 1020 4681 brevitatis,
1064 4616 1207 4670 aliud
1249 4617 1501 4687 plenioris
1529 4619 1871 4674 narrationis.
1899 4617 2006 4675 Sed

409 4724 507 4763 cur
536 4712 811 4779 ingressus
839 4716 922 4764 est
948 4708 998 4763 in
1043 4707 1260 4763 domum
1303 4709 1485 4765 Petri?
1520 4710 1646 4765 Mihi
1677 4711 1891 4780 quidem
1923 4712 2005 4766 vi-

410 4800 567 4855 detur
594 4841 610 4867 ,
643 4808 702 4855 ut
744 4799 923 4855 cibum
964 4807 1204 4855 sumeret
1232 4817 1249 4854 :
1276 4800 1327 4855 id
1372 4800 1514 4870 quod
1557 4801 1842 4872 significat,
1883 4794 2031 4858 cum'

409 4893 484 4947 ait
512 4909 525 4945 :
556 4890 815 4960 Surrexit,
847 4900 894 4945 et
925 4890 1241 4945 ministrabat
1276 4891 1341 4946 ei.
1371 4890 1502 4946 Nam
1541 4892 1681 4963 apud
1718 4892 2007 4964 discipulos

408 4974 734 5051 divertebat,
768 4991 826 5038 ut
843 4990 900 5039 et
925 4982 1073 5061 apud.
1094 4981 1420 5051 Matthasum,
1445 4983 1660 5053 quando
1681 4983 1826 5039 illum
1853 4999 2009 5042 voea-

410 5076 506 5142 vit,
533 5080 737 5133 honore
766 5076 885 5133 illos
904 5077 1147 5133 alliciens
1176 5085 1234 5132 ut
1250 5076 1599 5134 studiosiores
1628 5076 1894 5134 redderet.
1926 5078 2007 5134 Tu

417 5184 544 5225 vero
575 5168 660 5226 hic
683 5156 816 5225 mihi
841 5169 1152 5227 consideres
1180 5170 1336 5225 velim
1365 5169 1506 5225 Petri
1531 5183 1656 5241 erga
1680 5169 1828 5225 illum
1857 5184 2008 5226 reve-

414 5260 662 5317 rentiam.
695 5261 827 5318 Cum
868 5263 1011 5319 enim
1041 5277 1256 5319 socrum
1299 5261 1522 5318 haberet
1558 5261 1703 5317 domi
1741 5261 2006 5332 iacentem

417 5363 471 5409 et
494 5352 780 5409 admodum
815 5352 1228 5421 febricitantem,
1270 5369 1376 5411 non
1420 5355 1580 5410 traxit
1617 5368 1739 5410 eum
1767 5354 2005 5423 domum,

416 5445 512 5503 sed
560 5447 891 5517 exspectavit
934 5448 1108 5505 donec
1146 5449 1404 5505 doctrina:
1434 5449 1743 5520 praedicatio
1766 5448 2010 5504 absolve-

416 5548 587 5605 retur,
630 5539 920 5611 eteterique
958 5555 1146 5597 omnes
1190 5550 1530 5605 sanarentur,
1560 5550 1615 5599 et
1639 5551 1765 5597 tunc
1794 5539 2008 5596 demum

419 5645 541 5686 eum
570 5631 845 5701 intrasset,
873 5629 1023 5687 illum
1050 5633 1275 5704 rogavit.
1301 5632 1387 5690 Sic
1416 5632 1483 5689 ab
1501 5633 1655 5691 initio
1689 5632 2003 5691 institueba-

2109 3764 2303 3854 tur,ut
2330 3802 2414 3842 res
2452 3786 2679 3841 aliorum
2715 3785 2825 3840 suis
2851 3791 3221 3853 anteponeret.
3248 3783 3430 3853 Itaque
3459 3797 3571 3837 non
3603 3774 3706 3829 Ρυ·

2107 3889 2220 3936 trus
2246 3880 2418 3951 ipsum
2437 3877 2671 3942 induxit,
2694 3875 2786 3933 sed
2805 3877 2918 3947 ipse
2938 3884 3130 3946 sponte
3148 3876 3385 3941 intravit,
3418 3884 3709 3945 postquam

2106 3972 2350 4041 centurio
2371 3971 2577 4027 dixerat
2606 3988 2618 4024 :
2646 3968 2769 4024 Non
2789 3985 2899 4023 sum
2917 3970 3121 4039 dignus,
3148 3978 3202 4021 ut
3223 3968 3378 4022 intres
3398 3967 3495 4022 sub
3523 3975 3709 4020 tectum

2107 4080 2310 4130 meum;
2350 4064 2632 4119 declarans
2684 4070 2940 4133 quantum
2985 4059 3370 4131 gratificaretur
3412 4057 3708 4130 discipulo.

2108 4157 2267 4230 Atqui
2294 4158 2602 4223 consideres
2632 4157 2790 4212 velim
2818 4154 3005 4226 quales
3028 4161 3210 4209 essent
3244 4152 3579 4223 piscatorum
3611 4150 3711 4203 ho-

2108 4267 2292 4308 rumce
2315 4251 2490 4316 sedes;
2521 4260 2755 4306 attamen
2786 4249 2838 4304 in
2888 4249 3099 4303 illorum
3128 4246 3332 4318 tuguria
3364 4246 3578 4300 intrare
3606 4258 3714 4298 non

2108 4345 2424 4416 dedignatus
2453 4354 2567 4405 est;
2593 4359 2701 4414 quo
2722 4358 2818 4398 nos
2839 4342 3061 4397 doceret
3086 4349 3143 4395 ut
3168 4340 3219 4394 in
3242 4338 3495 4394 omnibus
3513 4338 3715 4394 fastum

2109 4439 2376 4505 calcemus
2407 4438 2716 4491 humanum.
2766 4436 2831 4490 Et
2859 4434 3019 4488 modo
3048 4432 3260 4505 quidem
3290 4431 3471 4486 verbis
3502 4439 3719 4486 tantum

2110 4541 2284 4595 sanat,
2320 4530 2478 4585 modo
2518 4545 2734 4584 manum
2777 4529 3022 4599 porrigit,
3054 4526 3215 4582 modo
3245 4535 3541 4597 utrumque
3573 4539 3718 4595 pra:-

2110 4629 2235 4685 stat,
2269 4620 2587 4675 medicinam
2616 4618 2903 4673 oboculos
2929 4617 3149 4673 ducens.
3183 4616 3298 4671 Non
3319 4616 3464 4672 enim
3496 4613 3723 4670 volebat

2111 4728 2327 4782 semper
2372 4710 2635 4782 stupende
2675 4712 2834 4766 modo
2868 4706 3140 4764 miracula
3187 4708 3370 4764 edere.
3412 4707 3722 4778 Oportebat

2110 4806 2305 4876 quippe
2328 4805 2539 4859 interim
2562 4805 2747 4868 latere,
2773 4803 3002 4857 maxime
3023 4788 3379 4873 praesentibus
3403 4799 3721 4871 discipulis,

2111 4899 2200 4970 qui
2230 4913 2293 4952 ex
2328 4897 2492 4952 nimio
2530 4896 2724 4967 gaudio
2751 4896 2927 4951 omnia
2964 4895 3363 4965 praedicassent.
3398 4893 3543 4949 Illud
3592 4908 3726 4948 vero

2113 4990 2236 5047 hinc
2263 4990 2432 5061 palam
2462 4999 2565 5058 est,
2597 4988 2739 5061 quod
2768 4998 3046 5061 postquam
3094 4990 3328 5044 venisset
3363 4987 3415 5042 in
3442 4995 3726 5053 montem,

2111 5082 2427 5155 praeciperet
2453 5082 2752 5153 discipulis,
2788 5097 2858 5138 ne
2881 5066 2967 5137 cui
2995 5081 3045 5136 id
3076 5081 3336 5137 dicerent.
3354 5080 3567 5153 Tetigit
3592 5096 3729 5150 ergo

2112 5190 2330 5245 corpus,
2362 5191 2538 5245 neque
2565 5174 2725 5229 modo
2757 5173 2949 5230 febrim
2979 5173 3257 5236 exstinxit,
3290 5171 3384 5229 sed
3414 5182 3473 5228 et
3510 5173 3730 5228 valetu-

2113 5267 2293 5324 dinem
2337 5268 2493 5338 plene
2534 5266 2801 5322 restituit:
2830 5266 2954 5337 quia
2982 5266 3123 5321 enim
3165 5265 3296 5321 levis
3320 5273 3435 5320 erat
3465 5265 3728 5326 morbus,

2114 5375 2178 5416 ex
2204 5359 2455 5415 medendi
2491 5358 2649 5413 modo
2677 5357 2963 5428 potentiam
3005 5373 3155 5414 suam
3181 5355 3441 5421 ostendit;
3491 5355 3549 5410 id
3580 5352 3733 5427 quod

2114 5465 2201 5507 ars
2233 5450 2509 5506 medicinae
2537 5465 2642 5504 non
2670 5448 2903 5505 fecisset.

2190 5542 2430 5599 Christus
2446 5541 2681 5597 celeriter
2696 5540 2897 5595 morbos
2913 5538 3440 5612 anferebat.—Seitis
3458 5548 3735 5593 cessante

2120 5634 2269 5690 febre
2295 5634 2464 5690 multo
2494 5643 2735 5705 tempore
2763 5648 2899 5705 opus
2920 5648 3059 5699 esse,
3096 5643 3153 5688 ut
3173 5632 3300 5705 aegri
3329 5630 3383 5685 in
3416 5631 3734 5703 pristinam
