3868 6182
195 351 284 422 548

196 481 532 537 valetudinem
564 479 928 536 restituantur.
951 475 1056 532 Sed
1087 485 1209 531 tunc
1231 474 1409 530 omnia
1435 472 1755 529 simul‘facta

193 581 325 628 sunt.
353 571 468 626 Non
511 570 596 626 hic
624 578 798 625 autem
841 568 1038 634 solum,
1071 565 1165 621 sed
1191 566 1351 620 etiam
1383 565 1432 618 in
1461 563 1617 618 mari.
1648 561 1761 618 Illic

192 662 319 716 enim
348 679 451 716 non
483 671 671 716 ventos
702 671 903 715 tantum
929 673 985 714 et
1010 667 1379 728 tempestatem
1406 655 1636 719 sedavit,
1663 653 1759 710 sed

192 756 337 809 ctiam
361 765 563 808 motum
583 753 831 808 ﬂuctuum
858 753 1036 806 statim
1059 747 1395 818 compressit,
1422 746 1562 817 quod
1586 746 1759 816 ipsum

190 847 337 900 etiam
367 847 635 900 insolitum
661 853 776 898 erat
804 859 820 898 :
849 843 1055 899 etiamsi
1085 841 1227 896 enim
1255 847 1542 909 tempestas
1562 847 1756 903 cesset,

192 939 344 991 multo
375 946 558 1006 postea
606 947 847 1006 tempore
889 935 1044 990 undae
1084 934 1362 988 ﬂuctuant.
1399 931 1505 987 Sed
1542 946 1646 986 non
1689 931 1762 986 ita

189 1027 375 1082 Christi
415 1029 583 1098 jussio
623 1037 874 1098 cperatur
897 1046 910 1082 :
937 1027 1116 1082 omnia
1142 1025 1283 1083 enim
1312 1024 1493 1080 statim
1527 1033 1761 1091 cessant,

191 1130 243 1174 ut
267 1122 316 1174 in
341 1122 562 1174 muliere
587 1120 783 1175 factum
807 1131 908 1177 est.
937 1121 1002 1175 Et
1023 1119 1126 1174 hoc
1145 1119 1424 1175 declarans
1442 1117 1764 1186 evangelista

187 1214 386 1267 dicebat
411 1231 424 1267 :
453 1214 706 1280 Surrexit,
748 1222 794 1268 et
818 1213 1130 1267 ministrabat
1155 1213 1234 1276 ei;
1257 1211 1399 1281 quod
1421 1210 1624 1265 Christi
1650 1209 1763 1262 vir-

190 1305 308 1358 tutis
334 1305 544 1375 signunt
585 1313 729 1371 erat,
774 1319 982 1360 necnon
1023 1304 1247 1359 affectus
1291 1303 1553 1366 mulieris,
1602 1313 1760 1371 quem

186 1411 304 1466 erga
330 1397 597 1452 Christum
619 1395 880 1452 exhibuit.
921 1396 1085 1451 Aliud
1111 1411 1322 1466 quoque
1352 1394 1476 1449 hinc
1508 1393 1764 1463 perspici-

187 1505 316 1556 mus,
349 1505 544 1558 nempe
579 1489 804 1544 aliorum
827 1489 948 1545 ﬁdei
980 1488 1250 1544 Christum
1275 1489 1500 1544 aliorum
1526 1487 1763 1542 curatio-

187 1596 299 1634 nem
309 1581 628 1636 concedere.
642 1580 773 1635 Nam
788 1581 872 1636 hic
884 1581 975 1636 alii
988 1582 1156 1651 ipsum
1169 1580 1447 1651 rogabant,
1467 1589 1522 1634 ut
1533 1581 1690 1634 etiam
1709 1580 1762 1635 in

187 1688 343 1742 puero
352 1673 701 1729 centurionis.
720 1673 1032 1743 Hujusmodi
1049 1689 1176 1729 vero
1192 1675 1415 1744 gratiam
1431 1674 1656 1728 aliorum
1672 1688 1762 1728 ro-

183 1778 300 1836 gatu
312 1765 640 1822 concedebat
657 1765 978 1835 (dummodo
1001 1766 1046 1820 is
1070 1765 1158 1836 qui
1172 1765 1458 1820 curabatur
1472 1763 1760 1836 crederet),

184 1875 295 1914 cum
312 1875 418 1914 non
441 1868 800 1930 poteratteger
811 1862 982 1929 ipsum
997 1859 1301 1922 convenire,
1315 1860 1399 1914 vel
1416 1875 1535 1913 cum
1550 1867 1766 1928 propter

185 1953 527 2022 ignorantiam
571 1968 676 2006 non
718 1967 967 2022 magnum
989 1952 1115 2022 quid
1148 1951 1412 2006 sentiebat
1435 1951 1502 2006 de
1527 1950 1762 2016 Christo,

183 2045 260 2098 vel
285 2060 406 2100 cum
428 2055 558 2099 :etas
581 2044 706 2114 :rgri
729 2043 1008 2098 immatura
1034 2054 1167 2098 erat.
1220 2042 1307 2098 l6.
1365 2041 1581 2114 Vespere
1599 2053 1765 2097 autem

183 2139 331 2204 facto,
358 2135 646 2189 obtulerunt
675 2135 720 2190 ei
749 2135 934 2190 multos
953 2136 1202 2189 dannonia
1233 2135 1485 2199 habentes,
1512 2145 1559 2189 et
1596 2137 1766 2206 ejicie-

181 2226 259 2278 bat
278 2227 488 2294 spiritus
511 2243 685 2280 eorum
709 2227 774 2280 ab
801 2227 872 2281 eis
895 2227 1060 2292 verbo,
1098 2236 1146 2280 et
1172 2243 1343 2280 omnes
1377 2227 1507 2280 male
1531 2226 1765 2283 habentes

180 2319 400 2379 curabat,
438 2319 521 2372 l7.
552 2329 608 2372 nt
623 2319 981 2389 adimpleretur
1001 2318 1135 2387 quod
1152 2319 1340 2371 dictum
1357 2331 1426 2372 est
1456 2334 1544 2388 per
1572 2317 1765 2373 Isaiam

180 2411 477 2479 prophetam
500 2426 520 2463 :
546 2409 667 2478 Ipse
683 2410 1006 2478 inﬁrmitates
1033 2419 1231 2464 nostras
1250 2409 1461 2480 accepit,
1489 2419 1536 2463 et
1560 2410 1766 2480 aegritu-

179 2501 316 2556 dines
342 2501 562 2570 portavit
582 2501 602 2566 (
618 2500 747 2556 lsai.
773 2502 862 2557 55.
891 2502 979 2571 4).
1008 2500 1192 2556 Viden’
1222 2501 1571 2557 multitudinis
1604 2502 1763 2558 fidem

177 2595 429 2664 deinceps
458 2595 736 2650 adauctam
753 2596 778 2648 τ
805 2594 988 2664 Neque
1012 2596 1177 2659 enim,
1208 2605 1432 2666 urgente
1475 2597 1599 2651 licet
1625 2605 1764 2652 tem-

178 2700 324 2754 pore,
354 2686 609 2741 recedere
639 2686 915 2751 volebant,
945 2701 1120 2757 neque
1147 2685 1578 2756 intempestivum
1607 2697 1758 2758 puta-

179 2779 299 2834 bant
328 2781 374 2834 si
417 2795 643 2849 vespere
678 2789 910 2851 aegrotos
954 2793 1081 2835 suos
1121 2779 1468 2836 adducerent.
1511 2781 1590 2835 Tu
1639 2796 1766 2838 vero

177 2871 304 2924 mihi
360 2871 656 2942 perpende,
705 2879 958 2940 quantam
1011 2870 1405 2926 nmltitudinem
1457 2887 1642 2927 eorum
1673 2872 1764 2942 qui

175 2965 459 3019 sanitatem
489 2973 811 3034 acceperunt
836 2972 1247 3034 prmtct'curraul
1267 2964 1626 3033 evangelista,
1656 2980 1763 3020 non

173 3057 447 3128 sigillatim
487 3068 850 3120 recensentes,
893 3056 987 3112 sed
1031 3071 1138 3111 uno
1176 3056 1341 3111 verbo
1384 3056 1762 3112 miraculorum

176 3150 393 3220 pelagus
441 3149 762 3204 immensum
808 3148 1122 3206 referentes.
1167 3148 1369 3204 Deinde
1414 3164 1484 3204 ne
1520 3149 1764 3204 miraculi

173 3241 487 3310 magnitudo
527 3241 953 3299 incredulitatem
994 3248 1224 3311 pareret,
1258 3241 1398 3311 quod
1427 3250 1630 3295 tantum
1671 3255 1767 3310 po-

173 3334 356 3402 pulum
397 3343 506 3388 tam
546 3334 708 3390 variis
733 3333 979 3390 affectum
1024 3334 1225 3388 morbis
1253 3332 1306 3386 in
1335 3343 1607 3388 momento
1632 3341 1766 3387 tem-

172 3428 317 3498 poris
359 3428 589 3482 solverit
629 3435 685 3482 et
726 3427 1011 3492 curaverit,
1069 3426 1146 3481 rei
1181 3435 1366 3480 testem
1402 3426 1615 3482 adducit
1645 3441 1767 3495 pro-

174 3521 410 3590 phetam,
457 3535 704 3590 magnam
753 3519 947 3589 ubique
982 3533 1050 3572 ex
1081 3516 1370 3587 Scripturis
1411 3533 1587 3573 rerum
1625 3532 1764 3587 prac-

170 3613 462 3670 dictionem
508 3609 818 3675 ostendens,
864 3611 1030 3682 signis
1077 3610 1206 3680 ipsis
1255 3625 1359 3665 non
1407 3609 1762 3666 inferiorem:

172 3707 317 3774 Ilmc,
347 3706 542 3776 inquit,
576 3702 738 3758 Isaias
767 3702 894 3757 dicit
918 3719 932 3758 :
965 3701 1300 3769 Inﬁrmitates
1321 3710 1519 3756 nostras
1547 3703 1762 3772 accepit,

171 3817 215 3860 et
239 3805 573 3876 (egritudines
598 3803 832 3874 portavit.
861 3801 974 3856 Non
1001 3800 1150 3868 dixit,
1182 3799 1384 3864 Solvit;
1412 3797 1528 3863 sed,
1561 3799 1767 3868 Accepit

171 3909 218 3954 et
261 3899 526 3968 portavit:
550 3894 691 3967 quod
740 3895 808 3950 de
853 3893 1088 3966 peccatis
1128 3894 1302 3963 potius
1344 3891 1474 3946 mihi
1506 3891 1704 3946 dictum
1734 3905 1766 3945 a

170 3990 435 4062 propheta
465 3988 694 4053 videtur,
724 4002 881 4057 quam
913 3987 982 4041 de
1002 3984 1224 4048 morbis,
1247 3992 1301 4039 et
1327 3971 1447 4038 cun'i
1476 3982 1577 4038 hoc
1605 3981 1767 4037 Joan-

170 4087 253 4139 nis
269 4085 420 4140 dicto
442 4091 735 4142 consonat;
764 4080 892 4134 Ecce
910 4095 1070 4150 agnus
1098 4077 1210 4145 Dei,
1237 4076 1324 4145 qui
1352 4074 1483 4130 tollit
1508 4085 1766 4146 peccatum

170 4176 351 4228 mundi
383 4173 565 4241 (Joan.
590 4174 642 4228 I.
671 4171 786 4243 29).

235 4269 296 4328 2.
340 4267 618 4322 Peccatum
663 4257 1166 4318 morborum'causa.
1209 4260 1398 4316 Christi
1439 4261 1682 4315 modestia
1721 4269 1768 4315 et

168 4360 526 4431 pulchritudo.
544 4388 615 4398 —-—
633 4355 912 4425 Quomodo
940 4370 1066 4426 ergo
1096 4354 1322 4424 idipsum
1357 4354 1425 4409 de
1451 4352 1653 4409 morbis
1681 4353 1767 4409 hic

168 4456 323 4527 ponit
353 4452 714 4523 evangelista?
740 4451 832 4506 Vel
855 4452 995 4520 quod
1018 4451 1272 4505 historico
1303 4466 1453 4506 more
1483 4460 1534 4506 et
1557 4451 1622 4505 ad
1644 4450 1770 4506 lite-

167 4565 286 4603 ram
315 4548 423 4602 hoc
452 4543 812 4600 testimonium
845 4545 1006 4615 legat,
1034 4543 1114 4598 vel
1141 4553 1194 4597 ut
1221 4543 1465 4598 ostendat
1486 4542 1768 4613 plerosque

168 4641 401 4696 morbos
430 4654 488 4694 er
542 4637 773 4707 peccatis
801 4637 992 4690 anima:
1033 4633 1316 4706 proﬁcisci.
1350 4633 1482 4688 Nam
1513 4635 1557 4688 si
1599 4648 1766 4699 mors,

165 4749 294 4804 qua:
321 4738 486 4801 caput
511 4737 594 4785 est
619 4727 879 4793 omnium,
908 4742 974 4782 ex
1003 4734 1222 4796 peccato
1241 4724 1500 4795 oniginem
1527 4727 1767 4780 occasio-

166 4837 408 4893 nemque
451 4820 656 4887 habuit,
690 4819 858 4873 multo
899 4817 1068 4888 magis
1105 4815 1448 4888 mgritudioes
1477 4814 1600 4870 hinc
1637 4823 1769 4871 orta:

167 4925 299 4970 sunt
327 4935 343 4971 :
375 4911 810 4987 quandoquidem
836 4910 962 4966 hinc
987 4909 1145 4964 etiam
1167 4907 1365 4974 evenit,
1395 4916 1452 4961 ut
1477 4922 1576 4962 nos
1603 4907 1772 4977 passi-

165 5011 311 5066 biIes
332 5009 526 5065 simus.
553 5008 640 5063 I8.
673 5003 862 5063 Videas
890 5003 1043 5059 Iesus
1069 5005 1239 5057 turbas
1267 5002 1450 5056 multas
1477 5002 1667 5056 circum
1692 5017 1768 5069 se,

163 5106 323 5172 imit
343 5103 696 5174 transfretare.
723 5097 912 5155 Viden'
925 5112 1136 5153 rursum
1167 5112 1325 5168 quam
1355 5096 1422 5151 sit
1443 5095 1512 5151 ab
1535 5103 1773 5151 ostenta-

163 5199 322 5254 tione
363 5194 614 5252 alienus?
657 5192 791 5250 Nam
834 5189 1012 5246 caeteri
1053 5189 1253 5256 dicunt,
1284 5188 1457 5258 ipsum
1499 5187 1770 5242 daemones

164 5291 489 5356 increpasse
509 5301 578 5341 ne
601 5283 842 5342 dicerent
865 5280 983 5352 quis
1007 5288 1152 5335 esset
1176 5297 1188 5331 :
1215 5278 1300 5333 hic
1331 5293 1454 5333 vero
1476 5278 1571 5344 ait,
1595 5277 1770 5348 ipsum

161 5379 446 5437 amovisse
484 5377 688 5433 turbas.
723 5372 856 5429 Illud
892 5381 1071 5428 autem
1097 5369 1306 5441 agebat,
1336 5376 1446 5423 tum
1471 5377 1530 5424 ut
1557 5384 1654 5425 nos
1691 5368 1772 5423 in-

160 5474 426 5534 stitueret
447 5469 775 5537 duceretque
804 5464 1142 5529 modestiam,
1173 5472 1284 5517 tum
1317 5469 1376 5516 ut
1401 5461 1654 5516 invidiam
1678 5475 1769 5516 se-

161 5565 330 5622 daret
367 5561 670 5627 .ludaicam,
720 5558 1042 5627 doceretque
1085 5553 1216 5609 nihil
1262 5551 1329 5607 ad
1357 5552 1767 5607 ostentationem

163 5673 294 5711 csse
341 5653 666 5711 faciendum.
701 5650 816 5706 Non
861 5649 1002 5705 enim
1033 5661 1260 5716 corpora
1305 5652 1504 5700 tantum
1527 5643 1766 5709 curabat,

164 5749 265 5803 sed
298 5749 462 5804 etiam
489 5743 812 5801 emendabat
837 5741 1090 5803 animam,
1125 5740 1400 5809 ipsamque
1423 5735 1490 5790 ad
1531 5735 1768 5805 philoso-

166 5841 354 5912 phiam
399 5837 750 5898 inStiluebatt
782 5849 902 5893 sese
947 5842 1170 5902 utroque
1215 5827 1374 5886 modo
1410 5826 1688 5895 exhibens,
1715 5836 1770 5883 ct

1151 357 1215 413 IN
1251 355 1658 414 MATTIIEUM
1696 354 1922 414 11οΜ11..
1967 356 2175 413 XXVII.
2215 360 2286 414 al.
2332 360 2564 417 XXVIII.

3358 369 3462 426 διδ

1869 474 2086 530 morbos
2113 485 2412 544 curantem,
2459 487 2514 534 et
2558 478 2688 534 nihil
2733 496 2796 536 ex
2825 483 2964 538 fastu
3005 483 3271 556 agentem.
3305 489 3456 544 Multi

1866 566 2064 637 quippe
2107 568 2208 638 ipsi
2254 568 2526 626 hwrebant
2574 587 2756 628 amore
2799 574 3256 646 admirationeque
3288 581 3471 651 ducti,

1866 667 2029 730 atque
2079 660 2253 731 ipsum
2305 678 2519 733 semper
2568 665 2750 721 videre
2791 669 3087 737 cupientes.
3134 671 3264 738 Quis
3310 674 3452 727 enim

1865 751 2239 820 abscessisset,
2288 754 2412 809 dum
2445 756 2535 812 ille
2567 767 2711 813 tanta
2753 760 3007 816 miracula
3049 766 3322 832 patraret?
3366 775 3458 818 aut

1865 840 1988 908 quis
2017 842 2274 899 noluisset
2315 845 2503 902 faciem
2529 856 2583 902 et
2619 863 2682 904 os
2724 850 2848 904 talia
2881 851 3148 922 loquentis
3176 855 3458 923 aspicere?

1868 931 2051 1002 Neque
2094 935 2236 989 enim
2279 951 2345 991 ex
2391 939 2645 1009 prodigiis
2700 949 2905 997 tantum
2946 943 3311 1010 admirandus,
3360 947 3455 1001 sed

1869 1023 2035 1093 ipsius
2059 1025 2230 1081 solum
2254 1039 2572 1100 conspectus
2597 1033 2763 1102 gratia
2795 1035 2960 1089 multa
2993 1035 3181 1105 plenus
3219 1046 3372 1092 erat:
3404 1039 3456 1092 id

1870 1117 2010 1187 quod
2042 1117 2281 1176 indicans
2329 1123 2584 1192 propheta
2641 1123 2854 1181 dicebat
2899 1143 2913 1181 :
2963 1127 3241 1197 Speciosus
3291 1134 3461 1200 [arma

1871 1226 1979 1280 pra:
2006 1213 2128 1280 ﬁliis
2163 1211 2413 1268 hominum
2465 1215 2646 1286 (Psal.
2690 1219 2779 1273 at.
2808 1219 2841 1273 3
2862 1219 2901 1288 ).
2931 1219 3082 1288 Quod
3110 1220 3157 1275 si
3191 1221 3352 1276 Isaias
3375 1222 3457 1276 di-

1870 1311 1977 1369 cat,
2006 1303 2124 1358 Non
2148 1305 2358 1360 habebat
2377 1309 2590 1375 speciem
2616 1325 2770 1377 neque
2795 1310 3022 1365 decorem
3052 1309 3213 1385 (lsai.
3243 1313 3331 1369 55.
3360 1313 3453 1384 2),

1869 1403 1962 1448 aut
1991 1395 2121 1450 illud
2149 1396 2216 1451 de
2241 1397 2530 1453 divinitatis
2553 1399 2720 1469 gloria
2763 1401 3014 1456 inelI'abili
3053 1402 3333 1474 intelligit;
3367 1415 3456 1459 aut

1871 1502 1933 1541 ea
1959 1503 2076 1557 quae
2101 1489 2152 1543 in
2185 1491 2432 1559 passione
2458 1501 2606 1562 gesta
2627 1502 2752 1546 sunt
2779 1502 2981 1562 narrat,
3006 1495 3459 1568 ignominiamque

1869 1579 2014 1635 illam
2040 1598 2200 1653 quain
2240 1584 2414 1638 crucis
2446 1595 2687 1654 tempore
2713 1586 2983 1652 suSIinuit,
3014 1597 3105 1642 aut
3145 1589 3458 1645 tenuitatem

1871 1671 2014 1728 illam
2055 1690 2211 1744 quam
2241 1685 2354 1730 toto
2389 1676 2512 1731 vitae
2540 1685 2781 1747 tempore
2825 1679 2877 1732 in
2922 1679 3169 1736 omnibus
3196 1680 3456 1736 exhibuit.

1869 1765 1985 1820 Non
2009 1775 2185 1821 autem
2233 1767 2379 1836 prius
2426 1766 2774 1824 transfretare
2813 1768 2993 1840 jussit,
3039 1785 3197 1840 quam
3239 1771 3459 1826 morbos

1869 1868 2132 1913 curasset.
2161 1858 2411 1928 Alioquin
2461 1873 2565 1914 non
2611 1860 2662 1914 id
2707 1859 2849 1916 ferre
2872 1862 3192 1931 potuissent.
3219 1863 3288 1921 Ut
3316 1867 3458 1920 enim

1870 1949 1922 2004 in
1952 1960 2134 2005 monte
2175 1966 2282 2006 non
2323 1951 2666 2007 coneionanti
2710 1952 2869 2007 modo
2897 1953 3139 2020 aderant,
3168 1955 3263 2010 sed
3298 1956 3460 2012 etiam

1869 2043 2113 2098 silentem
2135 2043 2497 2114 sequebantur
2523 2061 2539 2100 :
2579 2044 2657 2099 sic
2693 2044 2856 2100 etiam
2887 2061 3032 2100 nunc
3061 2062 3166 2101 non
3197 2048 3457 2105 miracula

1869 2135 2049 2191 edenti
2079 2145 2282 2190 tantum
2307 2137 2618 2203 haerebant;
2645 2137 2741 2194 sed
2766 2139 2928 2194 etiam
2958 2149 3080 2210 post
3118 2139 3258 2196 edita
3287 2141 3460 2212 signa,

1871 2227 1956 2282 vel
1980 2242 2044 2283 ex
2070 2227 2185 2299 ejus
2210 2228 2357 2284 vultu
2385 2237 2438 2284 et
2462 2239 2753 2300 conspectu
2775 2245 3022 2302 magnam
3047 2232 3338 2304 carpebant
3361 2235 3462 2289 uti-

1871 2320 2096 2376 litatem.
2125 2320 2257 2376 Nam
2287 2321 2333 2376 si
2359 2321 2568 2394 Moyses
2595 2323 2765 2393 gloria
2804 2324 3198 2394 splendentem,
3230 2326 3462 2397 Stepha-

1869 2429 1972 2469 nus
2012 2414 2311 2484 angelicum
2356 2415 2558 2469 vultum
2611 2415 2815 2482 habuit,
2861 2418 3034 2488 cogita
3076 2420 3286 2489 qualem
3338 2429 3464 2476 tunc

1869 2507 2178 2575 apparuisse
2194 2521 2530 2562 communem
2551 2507 2832 2562 Dominum
2861 2510 3147 2566 verisimile
3172 2520 3274 2566 est.
3303 2512 3463 2572 Forte

1869 2613 1998 2653 vero
2027 2599 2176 2653 multi
2200 2599 2310 2670 jam
2340 2599 2456 2669 ejus
2487 2599 2727 2656 videndae
2767 2601 3010 2672 imaginis
3039 2604 3330 2672 cupiditate
3377 2607 3460 2659 in-

1869 2691 2016 2745 censi
2041 2699 2166 2746 sunt
2193 2707 2206 2743 :
2238 2690 2334 2746 sed
2360 2691 2403 2746 si
2435 2692 2680 2758 velimus,
2710 2693 2864 2763 longe
2893 2695 3309 2765 splendidiorem
3346 2697 3458 2767 ipsa

1868 2780 2187 2838 videbimus.
2210 2780 2341 2837 Nam
2389 2783 2433 2837 si
2459 2797 2580 2838 cum
2619 2783 2806 2839 fiducia
2835 2792 2892 2838 et
2918 2784 3112 2840 virtute
3150 2787 3310 2840 vitam
3344 2804 3464 2856 per-

1869 2888 2111 2945 agamus,
2155 2875 2208 2929 in
2241 2873 2472 2930 nubibus
2514 2874 2687 2945 ipsum
2733 2875 3080 2946 excipienius,
3111 2877 3319 2931 obviam
3362 2879 3463 2946 ipsi

1871 2965 2146 3021 venientes
2168 2965 2220 3020 in
2245 2965 2536 3024 immortali.
2554 2974 2610 3020 et
2635 2965 3022 3036 incorruptibili
3053 2983 3297 3038 corpore.
3328 2969 3459 3024 Pcr-

1871 3057 2046 3127 pende
2073 3065 2252 3111 autem
2277 3071 2435 3128 quam
2466 3057 2659 3112 leniter
2696 3057 2841 3127 ipsos
2863 3068 3126 3124 amoveat,
3159 3075 3257 3114 nec
3284 3059 3463 3115 deter-

1871 3157 2005 3203 teat.
2048 3146 2165 3203 Non
2191 3148 2334 3202 enim
2363 3146 2516 3211 dixit,
2561 3147 2852 3214 Recedite;
2884 3147 2977 3204 sed
3009 3148 3352 3204 transfretare
3377 3150 3463 3219 ju.

1872 3243 1982 3307 bet,
2011 3255 2160 3310 spem
2187 3240 2390 3296 faciens
2425 3255 2484 3296 se
2513 3240 2607 3295 illo
2636 3241 2980 3311 trajecturum
3011 3257 3150 3297 esse.
3179 3243 3266 3298 Sic
3297 3244 3463 3298 tur-ha:

1871 3334 2086 3404 quidem
2135 3335 2358 3389 multum
2398 3333 2725 3390 exhibebant
2763 3335 2984 3400 amoris,
3027 3345 3230 3390 etcum
3270 3337 3462 3392 alfectu

1873 3441 2064 3497 magno
2093 3427 2488 3498 sequebantur;
2519 3443 2657 3482 unus
2675 3436 2852 3482 autem
2877 3429 3218 3498 pecuniarum
3251 3446 3461 3496 svrvus,

1870 3521 2280 3593 arrogantiaque
2305 3520 2495 3590 plenus
2519 3520 2745 3575 accessit
2769 3534 2832 3575 ac
2856 3518 2992 3574 dixit
3018 3539 3030 3575 :
3065 3513 3152 3575 19.
3195 3520 3461 3594 Magister,

1870 3629 2053 3684 sequar
2082 3623 2129 3668 te
2150 3628 2464 3683 quocumque
2486 3613 2624 3666 ieris.
2656 3611 3108 3682 Vidistin‘quanta
3136 3613 3464 3682 arrogantia?

1872 3705 1950 3760 Ac
2001 3705 2044 3761 si
2099 3720 2205 3759 non
2252 3704 2563 3776 dignaretur
2605 3718 2666 3758 se
2712 3718 2834 3759 cum
2876 3703 3027 3758 turba
3077 3719 3461 3771 annumerare,

1872 3812 2038 3870 seque
2067 3807 2344 3852 ostentans
2382 3798 2533 3866 quasi
2573 3811 2678 3851 non
2709 3796 2760 3850 in
2789 3796 2928 3868 vulgi
2964 3796 3116 3851 turba
3152 3805 3465 3866 computan-

1871 3888 1994 3956 dus,
2022 3890 2099 3944 sic
2121 3888 2349 3944 accedit.
2377 3887 2534 3943 Tales
2561 3896 2684 3942 sunt
2710 3887 2914 3943 Judaici
2958 3903 3156 3953 mores,
3200 3887 3466 3959 intempe-

1873 3982 2010 4036 stiva
2066 3981 2209 4051 pleni
2255 3979 2468 4035 lidueia.
2517 3979 2606 4035 Sic
2652 3989 2709 4036 et
2750 3979 2886 4035 alius
2944 3989 3127 4050 postea
3185 3981 3466 4036 silentibus

1871 4072 2121 4129 omnibus
2165 4073 2429 4141 insiliens,
2460 4072 2534 4127 ait
2563 4089 2576 4126 :
2612 4071 2762 4140 Quod
2799 4082 2873 4127 est
2899 4072 3119 4142 primum
3167 4071 3466 4126 mandatum

1872 4165 2087 4240 (Matth.
2118 4165 2208 4221 22.
2236 4165 2370 4238 56)?
2398 4166 2648 4221 Attamen
2699 4165 2959 4220 Dominus
3004 4166 3363 4236 importunam
3397 4166 3465 4219 li-

1873 4260 2131 4314 bertatem
2157 4273 2262 4313 non
2290 4257 2567 4327 corripuit,
2597 4265 2655 4311 ut
2679 4271 2777 4312 nos
2801 4255 2869 4311 ad
2894 4256 3196 4325 hujusmodi
3222 4257 3465 4313 homines

1873 4349 2122 4405 ferendos
2166 4349 2486 4403 institueret.
2535 4347 2661 4402 Ideo
2708 4363 2812 4403 non
2858 4348 3032 4418 palam
3072 4347 3342 4419 redarguit
3369 4363 3466 4405 eos

1874 4443 1963 4514 qui
2005 4445 2139 4498 mala
2167 4443 2465 4513 cogitarent
2489 4460 2502 4498 :
2531 4441 2627 4497 sed
2655 4457 2840 4497 eorum
2863 4441 3100 4512 apinioni
3119 4440 3464 4512 'respondet,

1875 4539 2004 4607 ipsis
2039 4537 2171 4592 solis
2205 4536 2625 4596 confutationem
2670 4534 3054 4605 inspiciendam
3114 4535 3423 4606 relinquens
3450 4578 3465 4603 ,

1874 4627 2247 4702 duplicemque
2277 4629 2408 4699 ipsis
2435 4642 2629 4702 parens
2655 4628 2960 4696 utilitatem,
2991 4638 3046 4683 ut
3079 4643 3271 4700 nempe
3295 4631 3470 4684 sciant

1875 4738 1936 4776 se
1960 4721 2307 4776 conscientiae
2330 4729 2537 4776 secreta
2570 4735 2751 4789 nosse,
2780 4731 2943 4791 utque
2971 4728 3092 4790 post
3119 4721 3301 4776 datum
3330 4719 3470 4775 indi-

1875 4814 2016 4868 cium
2049 4813 2179 4868 illud
2225 4812 2400 4872 adhuc
2446 4812 2630 4877 lateat,
2673 4812 2808 4867 dans
2846 4813 3024 4867 locum
3049 4812 3115 4867 ad
3143 4812 3467 4884 resipiscen-

1874 4910 2024 4977 dum,
2065 4908 2109 4962 si
2150 4907 2354 4964 velint:
2389 4906 2438 4961 id
2471 4906 2613 4976 quod
2641 4921 2783 4962 nunc
2811 4907 2971 4961 etiam
3010 4905 3157 4961 fecit.
3197 4905 3293 4960 Hie
3321 4904 3467 4961 enim

1875 5001 2047 5060 multa
2070 5001 2218 5071 signa
2252 4999 2456 5066 videns,
2513 4997 2827 5068 turbamque
2856 4996 3186 5062 afﬂuentem,
3217 4995 3471 5065 sperabat

1875 5108 1935 5150 se
1960 5109 2026 5148 ex
2062 5102 2138 5148 tot
2182 5091 2450 5152 miraculis
2476 5089 2753 5145 ditandum
2781 5103 2922 5155 esse,
2953 5087 3178 5157 idepque
3201 5087 3348 5142 illum
3379 5103 3463 5143 se-

1875 5185 1965 5259 qui
1987 5184 2255 5256 cupiebat.
2289 5182 2566 5239 Undenam
2590 5181 2692 5236 hoc
2720 5179 2874 5235 nobis
2905 5177 3126 5248 patebit?
3147 5178 3226 5232 Ex
3247 5193 3468 5250 respon-

1876 5281 2029 5335 sione
2071 5277 2294 5342 Christi,
2336 5275 2428 5348 qui
2481 5289 2585 5330 non
2627 5272 2807 5329 verbis
2855 5269 3144 5342 loquentis,
3180 5269 3282 5329 sed.
3304 5272 3469 5326 menti

1876 5370 2188 5441 respondet.
2229 5368 2363 5438 Quid
2391 5365 2571 5422 enim?
2599 5365 2802 5436 inquit;
2833 5377 2901 5418 an
2930 5362 3182 5434 pecunias
3223 5371 3274 5416 te
3305 5361 3470 5415 colle-

1875 5472 2083 5520 cturum
2115 5476 2320 5532 speras,
2355 5460 2400 5516 si
2429 5475 2514 5516 me
2548 5458 2831 5530 sequaris?
2856 5473 3033 5514 annon
3064 5456 3212 5511 vides
3242 5455 3371 5509 mihi
3404 5472 3472 5510 ne

1878 5556 2231 5612 divet'Sorium
2259 5554 2472 5626 quidem
2502 5567 2621 5609 esse
2648 5550 2803 5622 quale
2830 5551 2960 5620 ipsis
2975 5549 3164 5603 avibus
3193 5547 3315 5603 est?
3337 5545 3470 5600 Nam

1879 5652 1973 5716 ait,
2003 5649 2093 5706 20.
2139 5647 2322 5716 Vulpes
2352 5651 2520 5716 foveas
2569 5645 2772 5712 habent,
2801 5652 2846 5698 et
2882 5640 3108 5698 uolucres
3140 5638 3251 5696 cteli
3279 5638 3468 5702 nidos;

1945 5837 1960 5865 ι
1996 5829 2111 5894 Alii,
2139 5827 2452 5892 arrogantia.
