3868 6182
397 357 500 415 347

400 474 568 529 Filius
595 479 761 527 autem
784 464 1001 523 hominis
1030 479 1128 519 non
1155 461 1299 516 habet
1328 456 1410 513 ubi
1436 462 1587 526 caput
1610 451 1833 508 reclinet.
1860 446 1984 502 llaec

399 579 506 623 non
528 558 838 633 repellentis
863 563 1035 623 erant,
1063 551 1158 610 sed
1185 551 1377 606 tnalam
1409 555 1643 602 mentem
1670 541 1985 609 redarguen-

399 658 469 712 tis
493 695 510 722 ,
538 631 608 709 et
624 656 941 726 pelestatcm
961 646 1137 704 dantis
1158 658 1277 700 cum
1302 640 1392 697 tali
1416 654 1511 711 spe
1536 636 1710 708 sequi,
1732 634 1776 688 si
1796 631 1981 688 vellet.

410 750 485 811 Ut
534 765 720 809 autem
764 752 883 821 ejus
918 752 1216 821 nequitiam
1248 748 1459 803 ediscas
1483 747 1522 812 ⁸,
1554 745 1639 800 his
1690 740 1895 798 auditis
1924 746 1981 797 et

406 846 486 902 sic
526 843 841 902 confutatus
865 883 883 910 ,
923 852 1032 900 nan
1078 840 1254 900 dixit.
1285 837 1366 893 Ad
1400 835 1714 908 sequendun
1759 841 1983 904 paratus

398 955 697 1075 suii"..Alibi
735 1030 949 1088 quoque
976 1027 1121 1083 saepe
1150 1010 1380 1081 idipsum
1410 1006 1653 1063 Christus
1689 1002 1846 1066 facit;
1876 1017 1984 1075 non

400 1120 586 1181 aperte
637 1107 943 1178 redarguit,
991 1104 1085 1161 sed
1130 1118 1194 1157 ex
1237 1102 1584 1172 responsione
1620 1094 1984 1163 accedentium

400 1210 632 1256 utentem
657 1199 847 1271 aperit.
866 1198 999 1255 Nam
1025 1208 1081 1251 et
1110 1195 1187 1251 illi
1212 1194 1299 1265 qui
1324 1191 1563 1247 dicebat:
1590 1188 1835 1259 Magister
1861 1186 1989 1241 bene

405 1295 569 1366 (Luc.
604 1294 690 1351 18.
723 1293 845 1362 18),
873 1301 927 1347 et
956 1306 1020 1347 ex
1048 1288 1355 1344 adulatione
1374 1284 1625 1355 sperabat
1652 1297 1711 1337 se
1735 1282 1882 1337 illum
1907 1279 1987 1335 al-

401 1388 669 1443 lecturum
708 1400 828 1441 esse
856 1383 921 1441 ad
962 1397 1112 1438 suam
1160 1378 1500 1442 sententiam,
1531 1373 1804 1443 respondit
1835 1390 1849 1425 :
1883 1374 1986 1426 Cur

401 1496 483 1533 me
515 1478 640 1531 dicis
681 1476 906 1530 bonum?
934 1473 1098 1528 Nemo
1138 1473 1314 1535 bonus,
1346 1469 1443 1523 nisi
1480 1482 1609 1521 unus
1637 1462 1775 1519 Deus
1805 1462 1983 1534 (Ibid.

401 1589 449 1627 υ.
480 1571 600 1642 l9).
632 1571 693 1625 Et
721 1585 841 1624 cum
888 1568 1129 1623 dicerent
1156 1565 1226 1632 ei,
1255 1562 1390 1617 Ecce
1429 1570 1588 1614 mater
1618 1567 1704 1611 tua
1728 1567 1775 1611 et
1804 1556 1987 1629 fratres

399 1666 475 1720 tui
514 1672 789 1734 qurerentes
834 1671 881 1717 te
910 1660 1121 1732 (Matth.
1154 1657 1244 1712 12.
1276 1654 1367 1726 47)
1390 1696 1404 1719 ,
1426 1653 1549 1724 quia
1585 1651 1659 1705 illi
1697 1650 1984 1704 humanum

399 1755 523 1827 quid
557 1756 926 1825 patiebantur,
971 1766 1143 1820 neque
1170 1748 1313 1803 utilia
1354 1745 1453 1801 sibi
1479 1743 1665 1799 audire
1701 1739 1985 1807 volebant,

398 1852 493 1903 sed
524 1848 811 1902 ostendere
852 1860 911 1900 se
945 1842 1044 1913 ipsi
1074 1856 1271 1914 genere
1303 1837 1574 1910 proximos
1596 1849 1735 1897 esse,
1760 1832 1988 1901 hincque

402 1954 590 1993 ranam
612 1937 830 2008 gloriam
855 1951 1095 2004 carpere,
1122 1931 1243 1986 audi
1267 1929 1389 2001 quid
1413 1928 1555 1983 dicat
1582 1944 1596 1979 :
1629 1925 1755 1992 Quae
1781 1932 1853 1977 est
1880 1937 1989 1975 ma-

402 2040 477 2084 ter
501 2046 631 2095 utea,
655 2037 700 2082 et
725 2027 813 2098 qui
832 2036 947 2080 sunt
987 2029 1171 2095 fratres
1199 2023 1294 2075 mei
1322 2018 1483 2090 (Ibid.
1513 2034 1561 2071 υ.
1586 2014 1718 2083 48)ἳ
1749 2013 1989 2083 lpsisque

401 2121 611 2175 demum
637 2116 885 2173 fratribus
905 2119 1014 2170 suis
1038 2113 1357 2178 dicentibus,
1378 2109 1597 2166 Ostende
1610 2107 1822 2172 teipsunt
1839 2119 1987 2157 utun-

402 2212 468 2264 do
498 2209 678 2282 (Joan.
711 2210 761 2265 7.
788 2210 865 2277 4),
894 2217 950 2263 ιιι
980 2206 1105 2261 hinc
1130 2220 1317 2261 vanam
1348 2202 1446 2258 sibi
1470 2200 1693 2271 gloriam
1720 2202 1987 2268 parerent,

402 2302 650 2358 dicebat:
695 2300 921 2355 Vestrum
960 2309 1155 2366 tempus
1203 2312 1397 2365 semper
1421 2303 1493 2349 est
1522 2301 1757 2363 paratum
1782 2330 1796 2352 ,
1823 2303 1988 2343 meum

401 2403 570 2447 autem
592 2391 815 2446 nondum
840 2390 981 2445 adest
1009 2388 1171 2456 (Ibid.
1192 2405 1241 2442 v.
1264 2384 1340 2458 6).
1371 2385 1472 2442 Per
1495 2381 1757 2438 contraria
1779 2391 1990 2450 quoque

402 2490 630 2563 idipsnni
657 2491 803 2559 facit,
830 2505 950 2545 cum
968 2488 1035 2545 de
1060 2485 1383 2543 Nathanaele
1402 2482 1476 2537 ait
1500 2500 1514 2536 :
1541 2480 1669 2534 Ecce
1688 2493 1798 2532 sere
1818 2475 1991 2531 Israe-

402 2581 516 2648 lita,
548 2584 602 2636 in
644 2598 742 2653 quo
780 2582 930 2635 dolus
958 2596 1060 2634 non
1101 2588 1173 2632 est
1220 2575 1239 2649 (
1268 2574 1405 2629 Ibid.
1432 2574 1484 2629 l.
1515 2572 1582 2626 47
1602 2570 1643 2641 ).
1674 2569 1738 2623 Et
1767 2581 1947 2621 rursus
1969 2605 1990 2632 ,

404 2675 598 2729 Euntes
622 2674 917 2729 annuntiate
942 2671 1135 2726 Joanni
1155 2683 1273 2738 quae
1296 2665 1510 2721 audistis
1538 2673 1584 2717 et
1614 2660 1807 2716 vidistis
1837 2656 1985 2727 (Luc.

405 2766 456 2821 7.
473 2766 586 2835 22).
606 2766 787 2836 Neque
808 2763 952 2821 enim
979 2764 1065 2818 hic
1091 2761 1288 2827 verbis,
1306 2757 1399 2814 sed
1426 2756 1589 2811 menti
1621 2750 1877 2807 mittentis
1906 2763 1994 2804 re-

405 2859 639 2928 spondit.
669 2859 1003 2926 Rursumque
1034 2854 1228 2924 populo
1246 2849 1538 2908 secundum
1561 2847 1701 2901 illius
1714 2842 1993 2899 conscien-

408 2954 533 3005 tiam
560 2952 636 3004 sic
666 2949 928 3020 loquitur:
947 2946 1081 3013 Quid
1108 2945 1280 2999 existis
1295 2944 1348 2996 in
1373 2941 1622 2996 desertum
1642 2937 1806 2995 uidere
1823 2932 1987 3004 (Ibid.

405 3060 454 3096 υ.
487 3041 622 3109 24)?
648 3039 750 3108 Qui
777 3038 918 3093 enim
950 3035 1161 3091 videbat
1183 3049 1277 3089 eos
1298 3033 1366 3089 de
1386 3032 1592 3088 Joanne
1617 3028 1764 3099 quasi
1792 3025 1860 3081 de
1888 3023 1990 3080 levi

407 3145 463 3189 et
510 3132 746 3190 versatili
793 3130 1023 3203 quodam
1074 3129 1291 3184 homine
1326 3125 1580 3197 cogitare,
1630 3122 1764 3178 hanc
1802 3131 1993 3175 eorum

409 3226 716 3296 opinionem
767 3210 1043 3294 corrigens
1088 3221 1246 3276 dicit:
1282 3218 1416 3285 Quid
1440 3217 1611 3272 existis
1648 3216 1700 3269 in
1742 3214 1995 3267 desertum

302 3330 307 3331 '
410 3319 615 3373 ridere?
642 3316 944 3375 arundinem
972 3325 1117 3370 vento
1142 3314 1407 3386 agitatam,
1429 3320 1516 3364 aut
1540 3309 1789 3367 hominem
1818 3304 1991 3360 molli-

409 3411 500 3465 bus
526 3410 793 3464 vestitum?
820 3424 915 3478 per
944 3415 1225 3474 utrumque
1256 3402 1587 3475 signiﬁcans,
1618 3401 1789 3471 ipsum
1808 3411 1993 3467 neque

408 3516 471 3554 ex
498 3515 556 3556 se
571 3499 875 3554 vcrsatilcm
897 3512 1035 3563 esse,
1061 3512 1232 3565 neque
1259 3495 1528 3564 voluptate
1557 3493 1798 3562 quapiam
1825 3489 1989 3544 emol-

410 3591 665 3647 liendum.
693 3590 782 3646 Sic
810 3591 986 3661 itaque
1011 3605 1152 3644 nunc
1177 3586 1469 3643 secundum
1503 3592 1735 3639 mentem
1766 3582 1992 3652 loquen-

411 3684 483 3738 tis
519 3683 825 3753 rcspoudet.
856 3684 934 3738 Ac
960 3681 1080 3737 vide
1105 3690 1353 3751 quautam
1398 3693 1538 3733 nunc
1564 3690 1775 3747 quoque
1805 3673 1993 3729 mode-

411 3775 669 3829 rationem
696 3773 962 3829 exhibeat.
988 3773 1170 3843 Neque
1194 3772 1335 3827 euiin
1366 3769 1514 3836 dicit,
1549 3768 1728 3824 llabeo
1757 3764 1993 3836 quidem,

411 3866 505 3920 sed
527 3866 797 3936 despicio;
822 3881 1004 3921 verum
1035 3865 1179 3929 dicit,
1212 3863 1328 3917 Non
1356 3861 1547 3917 habeo.
1566 3859 1808 3914 Vidistin'
1827 3872 1996 3929 quan-

414 3972 523 4013 tam
552 3957 942 4013 accurationetu
964 3972 1086 4012 eum
1114 3953 1435 4024 indulgentia
1457 3951 1795 4022 coniunctam
1816 3956 1995 4003 osten-

414 4050 546 4105 tlul?
571 4051 639 4107 Ut
664 4048 823 4106 etiam
854 4064 975 4105 cum
1002 4047 1315 4109 comederet
1346 4055 1400 4103 et
1444 4045 1671 4109 biberet,
1694 4059 1757 4099 ac
1780 4050 1996 4099 contra-

364 4142 371 4147 ’
415 4146 584 4211 riam,
626 4153 682 4200 ut
725 4143 1029 4209 videbatur,
1059 4141 1245 4197 Joauui
1290 4140 1411 4195 vita:
1458 4139 1720 4193 rationem
1770 4142 2005 4192 teneret.

416 4236 547 4291 Illud
570 4244 747 4290 autem
780 4234 903 4290 facit
930 4247 1029 4304 pro
1055 4232 1383 4297 Judmorum,
1414 4231 1523 4285 imo
1549 4228 1709 4283 totius
1736 4228 1880 4283 orbis
1908 4241 2000 4281 sa-

418 4328 561 4394 lute,
594 4326 967 4382 hmrelicortun
1016 4324 1177 4380 simul
1205 4339 1296 4377 ora
1326 4322 1714 4392 comprimens,
1761 4320 2003 4390 aliosque

415 4420 505 4489 qui
527 4419 747 4474 aderant
769 4418 983 4486 insuper
1002 4414 1270 4470 attrahere
1293 4413 1530 4484 cupiens.
1549 4411 1698 4467 Alius
1714 4410 1999 4481 quispiam,

416 4511 514 4574 ait,
558 4509 768 4564 dicebat
811 4509 907 4574 illi,
936 4507 1026 4563 ‘21.
1059 4506 1301 4572 Domine,
1343 4507 1573 4578 permitte
1610 4505 1733 4559 mihi
1783 4505 2003 4575 primum

418 4600 557 4653 abire
578 4640 592 4664 ,
622 4609 668 4653 et
697 4598 909 4670 sepelire
937 4608 1127 4666 patrem
1169 4614 1352 4651 meum.
1385 4595 1569 4670 V‘iden'
1607 4595 1958 4652 dill'erentiam
1978 4593 2004 4646 ?

420 4694 486 4748 lit
512 4662 784 4763 quomodo
823 4662 1102 4760 impudens
1147 4690 1235 4746 ille
1282 4662 1513 4756 dicebat,
1547 4690 1743 4760 Sequar
1782 4698 1847 4753 te,
1874 4704 2004 4758 quo-

420 4800 635 4850 eumque
657 4783 802 4848 ieris;
828 4781 915 4836 hic
942 4796 1090 4847 vero,
1119 4782 1219 4836 etsi
1247 4796 1358 4837 rem
1389 4789 1627 4836 sanetam
1671 4788 1878 4848 petens,
1910 4778 2003 4844 ait,

422 4875 671 4932 Permitte
706 4874 833 4929 milii
853 4892 873 4940 ;
911 4889 1095 4929 verum
1135 4888 1243 4927 non
1282 4872 1560 4943 permisit;
1588 4871 1681 4927 sed
1726 4870 1852 4941 quid
1897 4868 2007 4924 ait?

361 5032 365 5038 ε
419 4968 509 5024 9.2.
542 4967 669 5023 Sine
709 4975 935 5020 mortuos
975 4964 1186 5034 sepelire
1229 4971 1451 5017 mortuos
1492 4978 1633 5029 suos,
1662 4971 1715 5014 tu
1741 4971 1904 5015 autem
1932 4975 2010 5014 me

421 5077 645 5132 sequere.
672 5059 875 5130 Ubique
898 5057 1038 5114 enim
1069 5056 1393 5111 voluntatem
1412 5054 1740 5127 inspiciebat.
1759 5054 1865 5112 Sed
1891 5070 2008 5121 cur,

427 5154 636 5223 inquies
661 5194 677 5220 ,
713 5167 818 5207 non
864 5149 1138 5222 permisit?
1177 5148 1311 5216 Quia
1352 5157 1507 5205 erant
1542 5150 1629 5221 qui
1676 5149 1777 5206 hoc
1820 5164 2011 5204 munus

338 5241 377 5293 γέ
428 5249 733 5319 implerent,
772 5266 947 5319 neque
991 5249 1287 5320 insepultus
1329 5263 1613 5303 mansurus
1653 5256 1812 5304 erat:
1853 5257 2012 5318 atque

429 5342 571 5396 hunc
593 5358 657 5397 ex
685 5341 845 5398 rebus
867 5343 1035 5413 magis
1060 5341 1376 5398 necessariis
1403 5341 1555 5396 avelli
1582 5326 1687 5395 non
1714 5354 1849 5410 opus
1877 5346 2007 5392 erat.

432 5434 564 5489 Cum
604 5432 733 5487 dicit
764 5440 963 5497 autem»,
994 5433 1226 5487 Mortuo:
1266 5448 1403 5498 suos,
1440 5432 1675 5487 ostendit
1716 5431 1858 5484 hunc
1906 5445 2011 5483 non

435 5540 557 5580 esse
579 5534 847 5578 mortuum
878 5540 1033 5579 suum
1060 5542 1073 5577 :
1100 5541 1222 5579 nam
1254 5524 1360 5589 hic,
1395 5532 1453 5577 ut
1477 5523 1745 5588 existimo,
1775 5528 2017 5575 mortuus

433 5630 501 5671 ex
544 5612 834 5671 inﬁdelium
862 5630 1085 5670 numero
1114 5624 1247 5671 erat.
1277 5614 1331 5671 Si
1370 5629 1530 5686 porro
1566 5614 1817 5685 juvenem
1856 5612 2019 5668 mira-

516 5784 532 5815 ’
557 5782 683 5835 Vide
706 5792 871 5837 notam
901 5784 1143 5839 l’t'iderici
1179 5788 1338 5840 Field;

1188 335 1562 421 statuatis
1599 324 1992 389 cuuvsosro

2112 324 2430 382 ARCIIIEP.
2468 325 3000 385 CONSTANTINOP.

3564 324 3666 381 3&8

2090 443 2185 511 ris,
2211 443 2352 515 quod
2380 458 2477 514 pro
2501 458 2561 500 re
2589 453 2696 499 tam
2725 442 3025 499 necessaria
3051 440 3231 498 Iesum
3259 440 3545 512 rogaverit,
3572 457 3668 497 ne-

2089 552 2192 608 que
2230 542 2421 607 Sponte
2460 536 2686 591 abierit:
2719 536 2888 591 multo
2921 534 3088 606 magis
3123 534 3333 600 mirare,
3367 532 3507 604 quod
3549 548 3672 601 pro-

2089 630 2288 687 hibitus
2330 630 2604 686 manserit.
2643 631 2835 685 Annon
2858 669 2874 696 ,
2906 628 3149 698 inquies,
3193 626 3534 697 ingratissimi
3576 626 3670 680 lilii

2087 731 2224 789 erat,
2258 722 2422 791 patris
2445 720 2712 790 exsequiis
2740 736 2846 774 non
2890 719 3189 776 interesse?
3219 717 3275 775 Si
3319 717 3371 774 id
3402 733 3467 772 ex
3499 716 3672 787 negli-

2087 812 2265 891 gentia
2308 811 2541 876 fecisset,
2574 810 2762 883 ingrati
2790 811 2953 866 animi
2982 811 3217 866 futurum
3242 819 3388 869 erat:
3417 808 3463 864 si
3492 818 3673 866 autem

2088 924 2175 966 res
2218 910 2387 979 magis
2430 907 2726 963 necessaria
2763 906 3009 968 instabat,
3052 904 3406 975 improbitatis
3445 917 3677 958 summa:

2088 998 2248 1056 fuerit
2276 1000 2493 1055 abiisse.
2522 999 2654 1053 Nam
2681 998 2838 1056 Iesus
2876 998 2927 1053 id
2955 996 3227 1068 prohibuit
3251 996 3373 1067 ipsi,
3393 1010 3500 1050 non
3527 991 3676 1063 quod

2084 1090 2295 1163 iuberet
2318 1091 2573 1147 honorem
2601 1091 2906 1161 parentibus
2932 1088 3170 1161 debitum
3197 1094 3561 1152 contemnere,
3577 1083 3677 1139 sed

2088 1196 2146 1249 ut
2190 1184 2516 1249 ostenderet,
2548 1182 2682 1239 nihil
2730 1182 2883 1239 nobis
2919 1194 3073 1251 teque
3111 1177 3473 1236 necessarium
3515 1189 3676 1241 esse,

2088 1289 2249 1352 atque
2268 1294 2355 1336 res
2379 1280 2643 1345 caelestes,
2675 1278 2852 1349 iisque
2872 1289 3077 1332 summa
3102 1289 3226 1330 cum
3246 1270 3513 1343 diligentia
3549 1283 3677 1325 esse

2091 1370 2523 1434 incumhendum,
2546 1385 2646 1426 nec
2673 1369 2755 1424 vel
2782 1367 3044 1423 tantillum
3072 1364 3441 1428 dill'ercudum,
3461 1360 3679 1417 etiamsi

2088 1464 2374 1521 admodum
2413 1465 2663 1534 urgentia
2683 1462 2964 1518 videantur
3004 1476 3124 1517 esse
3157 1475 3222 1516 ea
3261 1474 3381 1529 quia
3416 1456 3679 1537 alio‘tra-

2090 1559 2243 1617 hunt.
2276 1557 2410 1626 Quid
2440 1557 2582 1613 enim
2623 1555 2792 1626 magis
2834 1553 3195 1611 necessarium
3214 1591 3235 1619 ι
3257 1565 3416 1621 quam
3441 1548 3680 1618 sepelire

2090 1650 2333 1721 patrem?
2354 1649 2481 1721 quid
2517 1647 2759 1704 facilius?
2795 1646 2978 1716 Neque
3000 1645 3144 1701 enim
3168 1644 3389 1700 multum
3418 1640 3682 1710 temporis

2089 1739 2461 1797 insumendum
2487 1748 2622 1795 erat.
2654 1738 2709 1795 Si
2740 1752 2901 1807 porro
2930 1751 3034 1790 non
3070 1743 3276 1789 tantum
3306 1730 3564 1801 temporis
3588 1730 3679 1783 in-

2090 1850 2305 1891 sumere
2333 1834 2455 1889 licct
2479 1840 2734 1904 quantum
2762 1831 2827 1885 ad
2858 1827 3224 1900 sepeliendum
3251 1836 3454 1896 patrem
3478 1831 3564 1878 est
3582 1836 3682 1877 ne-

2090 1927 2401 1993 cessarium,
2431 1933 2486 1980 et
2506 1924 2549 1980 si
2580 1938 2649 2001 ne
2671 1922 2876 1977 tantillo
2898 1920 3115 1991 quidem
3156 1930 3395 1988 tempore
3419 1914 3681 1985 spiritua-

2092 2018 2162 2077 lia
2194 2017 2495 2088 relinquere
2535 2024 2700 2069 tutum
2743 2021 2827 2069 est
2855 2030 2869 2067 :
2900 2012 3072 2083 cogita
3098 2009 3291 2082 quibus
3333 2006 3500 2061 simus
3530 2003 3682 2074 digni

2091 2111 2284 2182 pinnis,
2314 2109 2404 2182 qui
2431 2124 2492 2165 ea
2529 2122 2649 2179 qua:
2677 2105 2742 2161 ad
2769 2105 3043 2161 Christum
3089 2108 3333 2172 spectant
3360 2107 3472 2154 toto
3508 2096 3684 2151 ferme

2093 2212 2335 2272 tempore
2380 2198 2698 2262 deserimus,
2725 2205 2780 2253 et
2822 2193 3140 2251 necessariis
3168 2190 3423 2246 vilissima
3462 2198 3686 2257 antepo-

2091 2295 2287 2359 nimus,
2308 2292 2559 2362 uullaque
2586 2304 2644 2346 re
2667 2295 2888 2359 urgente
2915 2284 3125 2342 desides
3139 2297 3342 2339 sumus.
3367 2280 3494 2335 inde
3516 2293 3685 2350 porro

2091 2384 2351 2447 doctrina:
2378 2382 2600 2453 hujusce
2629 2378 3017 2451 philosophiam
3049 2375 3231 2431 mirari
3258 2382 3502 2443 oportet,
3531 2369 3683 2441 quod

2087 2476 2335 2551 juvenem
2363 2473 2526 2531 verbo
2554 2472 2645 2528 Dei
2671 2471 2919 2535 alliserit,
2950 2468 3017 2524 ad
3048 2466 3163 2524 luce
3186 2466 3347 2521 etiam
3368 2463 3548 2518 multis
3572 2461 3685 2514 eri-

2092 2571 2271 2641 puerit
2304 2569 2479 2633 malis,
2506 2565 2740 2630 ﬂetibus,
2771 2562 2933 2620 luctui
2959 2602 2976 2629 ,
3003 2560 3227 2630 aliisque
3255 2556 3378 2613 inde
3406 2552 3684 2625 sequenti-

2092 2662 2212 2719 bus.
2230 2660 2361 2716 Nam
2385 2668 2505 2731 post
2527 2658 2854 2729 sepulturam
2882 2668 3016 2725 opus
3042 2660 3159 2709 erat
3188 2656 3561 2706 testamentum
3585 2661 3684 2701 ex-

2092 2763 2314 2820 cutere,
2357 2761 2531 2809 sortes
2574 2749 2884 2808 hereditatis
2919 2745 3276 2810 distribuere,
3320 2753 3374 2797 et
3409 2741 3513 2795 alia
3556 2752 3685 2809 qua:

2093 2846 2209 2905 haec
2231 2846 2591 2918 sequebantur
2617 2843 2794 2899 omnia
2826 2842 3035 2896 facere:
3066 2837 3248 2907 sicque
3273 2833 3518 2890 ﬂuctibus
3542 2832 3686 2886 alios

2093 2941 2287 3016 ﬂuctus
2309 2937 2714 3012 excipientibus,
2749 2933 2935 3007 procul
2959 2949 2989 2986 a
3016 2930 3253 2986 veritatis
3283 2937 3436 2998 portu
3468 2926 3552 2980 ille
3578 2924 3681 2978 ab-

2093 3033 2284 3093 ductus
2322 3031 2530 3087 fuisset.
2562 3029 2688 3085 Ideo
2735 3028 2907 3099 ipsqu
2958 3022 3213 3088 attrahit,
3258 3029 3312 3076 et
3347 3018 3449 3073 sibi
3483 3015 3681 3087 jungit.

2093 3125 2248 3195 Quod
2290 3124 2335 3180 si
2372 3121 2548 3177 adhuc
2574 3120 2785 3175 miraris
2810 3127 2863 3173 et
2883 3130 3023 3187 aegre
3048 3113 3175 3181 fers,
3213 3110 3352 3182 quod
3380 3106 3689 3179 prohibitus

2093 3217 2254 3279 fuerit
2281 3224 2502 3287 paterno
2526 3213 2717 3269 adesse
2731 3210 2901 3265 funeri
2922 3225 2937 3273 ;
2959 3207 3088 3263 illud
3113 3206 3314 3276 cogites
3340 3202 3518 3266 velim,
3537 3200 3682 3254 nud-

2095 3316 2180 3363 tos
2208 3321 2328 3363 esse
2365 3306 2455 3376 qui
2498 3319 2619 3360 cum
2661 3303 2834 3359 sciant
2870 3299 3146 3371 quospiam
3185 3294 3461 3350 molestius
3493 3291 3691 3346 funera

2095 3401 2299 3456 laturos
2328 3413 2471 3464 esse,
2502 3412 2596 3453 seu
2624 3396 2811 3466 patris,
2842 3409 2936 3448 seu
2976 3389 3185 3456 matris,
3212 3402 3308 3443 seu
3336 3385 3450 3452 ﬁlii,
3478 3398 3572 3438 seu
3603 3383 3687 3436 al-

2095 3492 2260 3547 terius
2285 3489 2687 3559 cujuscumque,
2706 3500 2811 3540 uon
2840 3483 3149 3554 permittere
3177 3494 3239 3535 ea
3268 3478 3395 3547 ipsis
3426 3474 3685 3537 nuntiari,

2096 3597 2270 3653 neque
2299 3581 2443 3651 ipsos
2486 3579 2553 3634 ad
2591 3577 2894 3648 sepulcrum
2925 3574 3109 3629 venire
3137 3590 3152 3625 :
3183 3586 3355 3641 neque
3384 3568 3503 3624 ideo
3539 3568 3688 3636 ipsus

2097 3673 2431 3731 crudelitatis
2460 3669 2931 3726 iubumanitatisve
2950 3678 3264 3722 accusamus
3288 3680 3301 3717 :
3332 3670 3385 3716 et
3407 3659 3528 3730 jure
3562 3657 3686 3727 qui-

2098 3766 2241 3822 dem.
2274 3765 2406 3821 Nam
2445 3771 2629 3819 contra
2672 3760 2850 3817 facere
2906 3758 3251 3813 inhumanum
3294 3762 3458 3818 esset,
3489 3766 3689 3820 nempe

2098 3859 2177 3915 sic
2206 3858 2424 3913 allectos
2450 3856 2516 3911 ad
2548 3855 2748 3911 luctum
2776 3854 2790 3884 ¹
2823 3852 3074 3909 educere.

2170 3953 2225 4008 4.
2264 3952 2391 4019 Quae
2432 3951 2501 4004 ad
2540 3949 2757 4003 salutent
2801 3952 3027 4017 spectant
3073 3951 3193 3997 sunt
3236 3940 3429 3995 caeteris
3471 3946 3682 4006 antepo-

2100 4046 2287 4101 nenda.
2322 4042 2412 4097 Vir
2438 4044 2490 4097 in
2517 4043 2738 4113 nequitia
2778 4041 2967 4106 vivens,
2998 4047 3071 4092 est
3114 4044 3311 4090 mortuo
3355 4031 3592 4086 deterior.
3618 4057 3653 4067 -
3678 4056 3693 4063 ο

2103 4135 2255 4206 Quod
2281 4135 2327 4191 si
2363 4133 2690 4205 propinquos
2716 4134 2787 4187 ita
2824 4132 3004 4202 lugere
3046 4137 3098 4185 et
3122 4128 3357 4181 animum
3383 4122 3538 4178 atteri
3568 4134 3686 4175 ma-

2104 4232 2213 4287 lum
2239 4237 2341 4295 est,
2364 4228 2518 4297 longe
2547 4225 2699 4296 pejus
2726 4208 2808 4280 est
2832 4239 2862 4278 a
2890 4218 3250 4293 spiritualibns
3278 4215 3467 4271 abduci
3492 4213 3689 4268 verbis.

2104 4319 2333 4394 Ideoque
2352 4319 2476 4375 alibi
2499 4318 2623 4374 dicit
2650 4335 2664 4372 :
2694 4316 2857 4371 Nemo
2878 4315 3077 4369 mittens
3098 4326 3300 4365 manum
3316 4324 3457 4363 suam
3486 4306 3554 4359 ad
3571 4321 3696 4357 ara-

2106 4426 2259 4480 trum,
2290 4423 2339 4469 et
2378 4428 2643 4468 conversus
2667 4411 2734 4465 ad
2761 4410 3073 4479 posteriora,
3102 4414 3250 4475 aptus
3292 4412 3362 4457 est
3391 4401 3459 4454 ad
3483 4415 3695 4469 regnum

2108 4508 2345 4563 certorum
2370 4505 2521 4577 (Luc.
2545 4504 2599 4559 9.
2629 4500 2741 4574 69.).
2774 4500 2907 4556 Nam
2947 4501 3102 4569 longe
3132 4496 3322 4552 melius
3356 4504 3439 4549 est
3468 4507 3695 4561 regnum

2108 4598 2432 4671 przedieare,
2474 4596 2716 4665 aliosque
2758 4607 2787 4647 a
2818 4600 2991 4645 morte
3034 4586 3335 4651 retrahere,
3364 4599 3523 4655 quam
3563 4582 3696 4636 nihil

2105 4692 2379 4762 juvantem
2413 4694 2681 4767 mortuan
2711 4682 2974 4753 sepelire;
3006 4695 3127 4736 cum
3158 4678 3389 4733 maxime
3408 4682 3701 4744 supersunt

2110 4783 2200 4837 alii
2251 4781 2339 4851 qui
2382 4766 2593 4850 possint
2636 4776 2737 4831 hoc
2780 4773 3014 4831 ofﬁcium
3064 4770 3307 4841 implere.
3349 4767 3493 4823 Nihil
3540 4766 3703 4836 igitur

2110 4872 2254 4929 aliud
2286 4872 2409 4927 inde
2437 4870 2710 4931 discimus,
2732 4881 2891 4938 quam
2920 4863 3065 4935 quod
3090 4879 3156 4919 ne
3181 4861 3455 4916 minimum
3482 4856 3701 4929 quidem

2114 4965 2377 5035 temporis
2414 4972 2589 5018 terere
2637 4969 2918 5027 oporteat:
2946 4956 3432 5012 etiamsisexcenta
3463 4951 3567 5006 alia
3614 4965 3706 5005 ur-

2115 5052 2292 5133 geant,
2316 5055 2606 5127 spiritualia
2629 5063 2753 5109 sunt
2780 5066 2997 5121 semper.
3015 5048 3224 5105 caeteris
3248 5046 3330 5101 vel
3353 5044 3584 5100 maxime
3610 5059 3706 5097 ne-

2116 5148 2366 5208 cessariis
2405 5145 2777 5215 anteponenda
2799 5185 2821 5209 ,.
2860 5142 3242 5212 sciendumque
3270 5147 3352 5194 est
3376 5180 3389 5203 ,
3416 5136 3542 5208 quid
3574 5135 3707 5199 vita,

2118 5242 2245 5321 quid
2278 5254 2420 5295 mors
2448 5239 2535 5293 sit.
2563 5236 2706 5291 Multi
2730 5237 2871 5292 enim
2900 5235 3059 5289 etiam
3082 5248 3145 5288 ex
3173 5230 3377 5301 iis,.qui
3412 5228 3593 5283 vivere
3626 5226 3707 5280 vi-

2120 5336 2332 5399 dentur,
2363 5348 2392 5385 a
2438 5329 2661 5385 mortuis
2708 5328 2839 5382 nihil
2868 5325 3143 5391 dill'erunt,
3170 5322 3213 5377 si
3253 5322 3305 5377 in
3350 5320 3583 5390 nequitia
3627 5319 3709 5371 vi-

2120 5438 2277 5491 vant;
2312 5425 2419 5479 imo
2461 5422 2755 5477 deteriores
2797 5420 2958 5475 etiam
3002 5416 3226 5472 mortuis
3267 5421 3410 5468 sunt.
3445 5409 3586 5464 Nam
3626 5410 3712 5480 qui

2123 5528 2350 5574 mortuus
2379 5526 2474 5582 est,
2509 5514 2696 5585 inquit,
2718 5513 3029 5584 justiﬁcatus
3056 5518 3127 5564 est
3152 5525 3184 5563 a
3217 5516 3419 5577 peccato
3448 5502 3628 5574 (Rom.
3658 5503 3711 5555 li.

2124 5610 2180 5682 7)
2205 5628 2220 5674 ;
2253 5609 2340 5665 hic
2362 5617 2540 5663 autem
2562 5606 2811 5677 nequitiae
2840 5604 3023 5660 servit.
3056 5601 3133 5658 Ne
3161 5598 3289 5655 mihi
3311 5596 3542 5665 dixeris,
3563 5592 3717 5645 illum

2144 5770 2147 5773 '
2190 5766 2205 5798 ¹
2242 5763 2456 5827 Qutdam,
2481 5762 2547 5815 ad
2567 5762 2735 5826 fimus.
