3868 6182
180 326 283 384 δίε)

178 456 206 492 a
236 437 517 493 vermibus
544 452 653 492 non
686 435 918 502 eorrodi,
944 450 1047 489 non
1072 435 1122 487 in
1147 433 1417 502 sandapila
1445 433 1647 501 jacere,
1669 446 1773 485 non

178 528 369 582 oculos
410 528 703 590 clausisse,
735 540 906 596 neque.
963 525 1159 579 institis
1202 525 1420 593 ligatum
1463 538 1603 579 esse.
1639 524 1771 577 Nam

176 622 424 691 graviora
462 620 681 691 patitur,
713 634 869 689 quam
917 627 1188 682 mortuus,
1222 632 1329 670 non
1356 616 1625 670 vermibus
1654 631 1778 669 cor-

178 712 495 766 rodentibus
517 754 529 776 ,
561 712 655 766 sed
694 711 820 765 feris
862 708 1265 764 immanioribus
1297 708 1459 761 animi
1498 706 1777 761 aﬂectibus

178 806 354 873 ipsum
379 804 822 875 diseerpentibus.
842 803 897 858 Si
918 812 1095 858 autem
1117 809 1329 872 apertos
1355 800 1546 855 habeat
1566 800 1774 865 oculos,

180 896 281 950 hoc
312 898 442 950 item
471 898 625 967 longe
668 896 819 966 pejus
844 904 948 961 est,
980 909 1138 964 quam
1178 894 1223 947 si
1250 893 1415 948 clausi
1458 901 1656 947 essent.
1684 892 1776 947 Et-

178 989 327 1041 enim
345 989 490 1042 oculi
514 987 706 1041 mortui
731 986 863 1041 nihil
882 986 1002 1039 mali
1026 984 1241 1048 vident;
1270 983 1355 1038 hic
1380 994 1557 1038 autem
1581 983 1778 1053 apertis

178 1080 351 1135 oeulis
392 1080 703 1133 innumeros
746 1078 845 1133 sibi
882 1076 1103 1131 attrahit
1138 1076 1373 1130 morbos.
1420 1074 1511 1130 IlIe
1539 1074 1684 1144 jacet
1722 1074 1776 1129 in

179 1170 459 1239 sandapila
488 1170 553 1223 ad
586 1169 762 1224 omnia
806 1168 1129 1233 immobilis;
1156 1166 1242 1221 bic
1274 1167 1328 1221 in
1355 1167 1612 1236 sepulcro
1635 1181 1779 1222 mor-

180 1263 372 1317 borum
403 1261 551 1315 mille
584 1275 749 1315 onere
773 1260 996 1313 obrutus
1033 1266 1134 1313 est.
1168 1259 1237 1312 At
1261 1272 1365 1311 non
1411 1258 1558 1312 vides
1582 1271 1778 1325 corpus

180 1369 298 1422 ejus
342 1352 660 1423 putridum?
689 1350 754 1404 Et
783 1350 907 1420 quid
953 1349 1089 1404 hoc?
1112 1348 1208 1402 Iiic
1234 1348 1429 1417 quippe
1448 1386 1464 1409 ,
1491 1356 1775 1417 antequam

180 1460 379 1515 corpus
405 1446 525 1513 ejus
555 1452 843 1513 putrescnt,
866 1443 1099 1496 animam
1123 1441 1279 1496 habet
1303 1450 1628 1510 corruptam,
1650 1455 1776 1510 per-

181 1538 374 1603 ditam,
404 1537 597 1592 fmtore
635 1536 865 1605 plurimo
896 1533 1285 1589 labefactatam.
1307 1533 1398 1588 Ille
1436 1533 1650 1603 quidem
1682 1548 1778 1602 per

182 1631 368 1683 decem
392 1630 508 1684 dies
537 1629 705 1693 faetet,
737 1627 825 1681 hic
854 1641 982 1681 vero
1010 1641 1107 1697 per
1134 1634 1297 1680 totam
1336 1626 1497 1679 vitam
1529 1624 1775 1680 faetorem

180 1722 401 1782 emittit.
426 1735 488 1773 os
520 1720 720 1775 habens
748 1719 945 1773 cloacis
962 1709 1447 1787 ipsisimmundius.
1465 1715 1584 1772 Uno
1612 1716 1779 1772 verbo

187 1823 391 1865 tantum
408 1811 477 1865 ab
507 1811 610 1865 hoc
631 1811 719 1866 ille
740 1810 937 1876 differt,
961 1820 1214 1879 quantum
1234 1808 1325 1864 ille
1351 1808 1567 1879 quidem
1588 1823 1778 1864 corru-

187 1905 424 1972 ptionem
449 1913 652 1956 natura:
678 1901 910 1956 debitam
936 1902 1149 1970 patitur,
1175 1901 1259 1954 hic
1277 1915 1406 1955 vero
1426 1915 1546 1955 cum
1570 1898 1656 1954 illa
1680 1914 1778 1968 pu-

187 1996 415 2058 tredine.
437 2011 555 2050 eam
588 1996 746 2049 etiam
770 2010 888 2063 qua:
920 2008 988 2048 ex
1018 1993 1219 2062 perdita
1245 1994 1417 2047 oritur
1439 1992 1546 2047 vita
1572 1992 1671 2047 sibi
1700 2001 1781 2046 at—

191 2089 378 2152 trahit;
404 2097 687 2143 sexcentas
715 2088 813 2143 sibi
844 2086 1083 2157 quotidie
1107 2087 1411 2157 excogitans
1425 2087 1782 2157 corruptionis

186 2179 414 2248 species.
437 2178 543 2233 Sed
567 2179 655 2233 ille
678 2194 816 2248 equo
834 2177 1036 2233 fertur?
1056 2177 1193 2244 Quid
1215 2179 1316 2233 hoc
1337 2180 1458 2233 est?
1478 2177 1607 2232 Nam
1626 2177 1711 2233 hic
1727 2179 1781 2233 in

188 2270 325 2323 lecto
347 2268 653 2333 decumbit;
683 2268 931 2338 quodque
952 2268 1163 2337 gravius
1193 2277 1295 2330 est,
1321 2267 1447 2321 dum
1484 2267 1629 2321 illum
1664 2282 1784 2322 cor-

188 2369 405 2429 ruptum
448 2370 502 2414 et
531 2358 803 2415 {intentem
848 2373 1004 2412 nemo
1038 2358 1203 2423 videt,
1225 2373 1347 2413 cum
1387 2374 1564 2413 arcam
1592 2358 1784 2413 habeat

187 2450 308 2505 velo
337 2459 615 2519 opertam;
665 2450 751 2505 hic
792 2450 975 2504 vivens
1014 2465 1078 2504 ac
1118 2450 1332 2506 ftetidus
1369 2451 1783 2522 circumquaque

187 2550 433 2612 vagatur,
464 2552 727 2595 mortuam
755 2542 985 2595 animam
1012 2542 1062 2595 in
1090 2557 1315 2611 corpore
1338 2542 1489 2612 quasi
1526 2545 1577 2597 in
1604 2544 1783 2613 sepul-

188 2650 280 2689 cro
307 2635 713 2689 circumferens.
742 2636 821 2689 Ac
849 2638 891 2689 si
929 2644 1109 2705 posset
1135 2637 1307 2690 anima
1335 2638 1569 2707 conspici
1605 2638 1701 2692 viri
1730 2638 1781 2692 itt

189 2726 400 2782 deliciis
442 2736 496 2781 et
526 2726 577 2780 in
614 2728 845 2797 nequitia
875 2729 1129 2793 viventis,
1162 2729 1370 2783 videres
1398 2730 1553 2799 longe
1592 2731 1782 2785 melius

189 2832 309 2873 esse
352 2820 405 2873 in
432 2819 678 2888 sepulcro
704 2820 917 2889 ligatum
937 2819 1151 2888 jacere,
1178 2836 1333 2888 quam
1361 2821 1562 2874 catenis
1592 2836 1781 2889 pecca-

191 2923 365 2966 torum
393 2913 725 2981 constringi;
756 2927 819 2967 ac
866 2913 1091 2982 lapidem
1122 2914 1516 2983 superpositum
1560 2913 1776 2981 habere,

190 3022 346 3076 quam
378 3022 543 3077 grave
583 3006 708 3060 illud
734 3007 1155 3062 insensibilitatis
1179 3008 1507 3078 operculum.
1538 3011 1781 3080 Quapro-

193 3108 308 3165 pter
336 3111 460 3149 cnw
479 3098 592 3151 enit
619 3107 675 3152 ut
704 3109 1035 3153 mortuorum
1060 3099 1315 3154 horumce
1331 3101 1638 3171 propinqui,
1656 3116 1784 3172 quo-

192 3190 339 3242 niam
380 3188 458 3241 illi
492 3190 572 3242 sic
608 3188 728 3243 sine
755 3204 920 3245 sensu
941 3188 1150 3260 jacent,
1182 3191 1251 3247 ad
1287 3190 1474 3247 Jesum
1512 3196 1776 3253 accedant

188 3293 284 3348 pro
312 3279 421 3334 illis
446 3322 462 3346 ,
487 3290 544 3335 ut
567 3281 692 3335 olim
720 3282 883 3338 Maria
911 3298 1008 3353 pro
1036 3283 1257 3339 Lazaro.
1291 3285 1512 3341 Etiamsi
1541 3286 1777 3357 fuetidus,

187 3371 399 3426 etiamsi
422 3373 808 3442 quatriduanus
826 3376 918 3442 sit,
942 3391 1010 3430 ne
1039 3376 1330 3447 desperes:
1360 3379 1452 3433 sed
1481 3380 1696 3447 accede;
1724 3392 1781 3437 et

189 3462 421 3530 iapidem
466 3464 613 3533 prius
647 3480 882 3520 remove.
906 3466 1035 3520 Nam
1081 3475 1206 3522 tunc
1235 3469 1439 3524 videbis
1474 3471 1773 3539 jaceutem,

184 3555 335 3623 quasi
368 3555 421 3609 in
448 3555 716 3625 sepulcro,
748 3565 806 3611 et
825 3559 1003 3614 fasciis
1030 3559 1267 3628 ligatum.
1297 3561 1365 3615 Et
1408 3563 1452 3617 si
1500 3565 1690 3632 placet,
1724 3566 1775 3620 in

187 3646 421 3701 medium
461 3649 762 3718 quempiam
806 3665 871 3705 ex
914 3651 1041 3705 viris
1087 3652 1381 3707 illustribus
1427 3655 1773 3713 adducamus.

183 3740 252 3793 At
280 3754 351 3795 ne
372 3741 640 3807 linteatis;
671 3743 831 3797 tacito
859 3745 1053 3814 quippe
1084 3745 1300 3799 nomine
1324 3749 1624 3819 exemplum
1654 3766 1776 3819 pro-

187 3831 385 3892 feram;
422 3831 552 3899 imo,
587 3833 632 3887 si
669 3848 861 3889 nomen
901 3835 1157 3902 dicerem,
1188 3851 1255 3891 uc
1297 3837 1374 3892 sic
1400 3839 1612 3908 quidem
1658 3856 1773 3897 me-

186 3924 439 3979 tuendum
470 3934 633 3980 esset.
663 3926 792 3994 Quis
820 3929 961 3982 enim
991 3944 1239 3999 umquam
1269 3942 1537 3987 mortuum
1564 3933 1772 3990 timuit?

1078 318 1145 376 IN
1180 317 1586 377 ΜΛΤΤΙΙᾸΞΟΜ
1628 309 1858 371 ιιυδιιιι.
1902 313 2135 372 XXVIII.
2177 319 2247 375 aI.
2290 320 2482 378 XXIX.

3357 329 3464 388 350

1882 434 1939 489 Si
1967 433 2092 505 quid
2114 434 2255 488 enim
2286 434 2488 500 fecerit,
2518 443 2760 492 mortuus
2790 444 2962 493 tamen
2990 448 3201 506 manet;
3224 450 3466 497 mortuus

1880 544 2010 583 vero
2036 529 2301 583 viventem
2343 529 2538 584 laedere
2580 528 2727 583 nullo
2756 540 2910 600 pacto
2949 542 3143 601 potest.
3176 532 3462 590 Videamus

1882 621 2061 691 itaque
2082 630 2239 691 caput
2259 620 2377 690 ejus
2407 622 2646 693 ligatum.
2668 622 2800 677 Nam
2826 639 2945 679 cum
2971 625 3161 680 crebro
3181 627 3289 682 sint
3308 629 3464 697 ebrii,

1880 714 2103 784 perinde
2146 724 2304 783 atque
2340 716 2531 769 mortui
2566 716 2745 769 multis
2784 716 3134 772 velaminibus
3171 728 3224 774 et
3263 718 3463 783 fasciis,

1880 807 1959 860 sic
1986 819 2173 860 omnes
2212 805 2433 860 istorum
2456 821 2646 861 sensus
2668 806 3019 862 occluduntur
3037 818 3091 863 et
3128 809 3376 880 ligantur.
3407 810 3466 868 Si

1881 896 2031 950 Iubet
2069 897 2229 950 etiam
2256 911 2446 950 manus
2485 895 2688 963 videre,
2720 896 2837 950 illas
2861 899 3159 967 conspicias
3183 902 3352 954 ventri
3382 902 3465 956 al—

1871 986 2086 1056 ligatas,
2110 996 2165 1040 ut
2191 986 2559 1041 defunctorum
2586 1003 2795 1052 manus,
2813 998 2865 1043 et
2884 988 3110 1055 vinctas,
3132 1007 3235 1045 non
3266 990 3466 1059 fasciis,

1880 1077 1977 1133 sed
2002 1077 2242 1131 avaritiae
2270 1078 2512 1142 vinculis,
2538 1078 2679 1147 quod
2706 1080 2861 1149 longe
2889 1079 3123 1135 deterius
3146 1093 3262 1147 eSt;
3295 1098 3469 1153 neque

1880 1170 2023 1224 enim
2051 1169 2309 1239 permittit
2348 1169 2434 1223 illa
2463 1178 2517 1223 ut
2557 1169 2623 1223 ad
2663 1169 3092 1240 elcemosynam,
3125 1173 3209 1225 vel
3233 1172 3299 1226 ad
3325 1174 3465 1227 aliud

1879 1259 2166 1331 quodpiam
2206 1276 2341 1329 opus
2370 1260 2563 1314 bonum
2605 1261 2993 1327 extendantur;
3031 1262 3124 1317 sed
3172 1263 3470 1320 inutiliores

1880 1350 2045 1405 eflicit
2067 1392 2081 1416 ,
2111 1366 2267 1420 quam
2311 1362 2641 1405 mortuorum
2673 1366 2883 1405 manus.
2914 1350 3077 1406 Visne
3102 1361 3158 1406 ut
3182 1354 3343 1408 etiam
3377 1370 3469 1422 pe-

1880 1444 1979 1500 des
2006 1445 2255 1501 similiter
2280 1445 2491 1499 vinctos
2530 1443 2843 1498 videamus?
2872 1444 2997 1499 Illos
3024 1461 3234 1515 quoque
3262 1446 3469 1517 respice

1879 1537 2025 1591 curis
2057 1536 2375 1590 constrictos
2396 1576 2412 1602 ,
2453 1535 2543 1604 qui
2571 1534 2690 1589 ideo
2717 1550 2823 1589 non
2852 1536 3057 1604 possint
3083 1535 3150 1589 ad
3186 1537 3466 1592 ecclesiam

1883 1628 1979 1684 Dei
2020 1642 2325 1698 properare.
2361 1626 2547 1681 Vidisti
2588 1629 2891 1681 mortuum?
2916 1628 3294 1683 Poliinctorem
3326 1629 3466 1683 vide.

1880 1720 2013 1788 Quis
2055 1720 2242 1774 horum
2291 1719 2577 1789 pollinctor
2610 1721 2731 1773 est?
2762 1718 3011 1773 Diabolus
3048 1719 3137 1788 qui
3187 1718 3468 1789 diligenter

1882 1812 2027 1882 ipsos
2050 1811 2385 1881 constringit,
2417 1824 2517 1865 nec
2544 1810 2671 1864 sinit
2694 1819 2751 1863 ut
2781 1809 2943 1863 homo
2968 1823 3091 1863 vere
3121 1807 3280 1861 homo
3303 1824 3467 1878 appa-

1866 1913 2034 1971 ‘rcat,
2063 1904 2157 1960 sed
2196 1904 2395 1975 lignum
2432 1903 2660 1958 aridum.
2691 1902 2788 1957 Ubi
2815 1901 2959 1957 enim
2996 1917 3096 1956 nec
3136 1902 3325 1955 oeulus
3369 1917 3468 1957 nec

1884 2013 2095 2065 manus,
2127 2012 2229 2053 nec
2259 1997 2443 2067 pedes,
2477 2010 2576 2051 nec
2599 1986 2741 2049 aliud
2772 1994 3073 2063 hujusmodi
3100 2005 3183 2049 est
3202 1994 3470 2064 quomodo

1884 2106 2004 2145 esse
2027 2104 2182 2159 posse
2196 2090 2357 2144 homo
2376 2090 2657 2143 videatur?
2678 2088 2766 2143 Sic
2786 2087 3023 2156 ipsorum
3043 2088 3274 2141 animam
3297 2086 3473 2141 fasciis

1884 2181 2186 2236 devinctam
2216 2181 2531 2249 conspicere
2561 2188 2676 2243 est,
2725 2177 2928 2232 idolum
2959 2178 3127 2246 magis
3154 2190 3313 2245 quam
3355 2177 3471 2230 aui-

1885 2289 2047 2328 mam.
2079 2264 2341 2340 Queniam
2374 2272 2532 2342 igitur
2565 2270 2664 2340 ipsi
2708 2270 2826 2324 sine
2853 2282 3013 2324 sensu
3035 2267 3215 2338 jacent
3252 2267 3471 2333 mortui,

1886 2382 1984 2436 pro
2010 2365 2112 2419 illis
2139 2365 2205 2419 ad
2226 2364 2410 2420 Jesum
2431 2361 2763 2424 accedamus,
2788 2374 3070 2429 precemur
3091 2367 3148 2411 ut
3171 2367 3471 2426 resurgant,

1885 2453 2494 2526 amoveamuslapidem,
2512 2454 2781 2507 solvamus
2811 2449 3022 2505 fascias.
3049 2448 3105 2503 Si
3132 2449 3274 2502 enim
3293 2449 3473 2503 abstu-

1888 2549 2014 2603 leris
2037 2547 2288 2617 lapidetn,
2314 2546 2365 2600 id
2393 2554 2495 2610 est,
2520 2544 2661 2598 illam
2689 2544 2741 2597 in
2764 2541 2917 2595 malis
2940 2554 3193 2595 sensuum
3221 2538 3472 2608 privatio-

1887 2657 2031 2706 nem,
2059 2641 2166 2695 cito
2192 2639 2312 2694 illos
2338 2654 2369 2694 e
2394 2636 2639 2707 sepulcro
2663 2634 2912 2691 eduxeris
2941 2650 2955 2686 :
2984 2632 3210 2688 eductos
3239 2646 3365 2686 vero
3389 2630 3470 2684 fa-

1888 2733 2044 2787 cilius
2071 2747 2100 2784 a
2145 2730 2371 2785 vinculis
2412 2727 2681 2784 liberabis.
2712 2726 2864 2782 Tunc
2904 2734 2956 2780 te
2992 2722 3261 2779 Christum
3305 2737 3473 2791 agno-

1888 2832 2021 2889 seet,
2047 2836 2183 2893 cum.
2211 2819 2538 2883 surrexeris;
2562 2832 2683 2873 cum
2711 2816 2920 2871 solutus
2948 2814 3135 2878 fueris,
3174 2822 3300 2867 tunc
3327 2821 3379 2866 te
3407 2813 3473 2866 ad

1885 2932 2096 2973 ctenam
2140 2931 2288 2970 suam
2326 2912 2559 2970 vocabit.
2584 2912 2852 2980 Quotquot
2887 2908 3046 2978 igitur
3084 2905 3284 2961 Christi
3318 2905 3476 2960 amici

1885 3011 2036 3075 estis,
2068 3015 2326 3079 quotquot
2351 3005 2617 3075 discipuli,
2645 3010 2904 3074 quotquot
2932 3007 3199 3056 mortuum
3222 2998 3475 3069 diligitis,

1885 3100 1953 3157 ad
1991 3100 2173 3157 Jesum
2216 3100 2483 3170 supplices
2520 3095 2756 3152 accedite
2796 3102 2849 3150 et
2892 3091 3202 3164 supplicate.
3252 3089 3476 3146 Etiamsi

1881 3197 2029 3257 enim
2068 3206 2416 3263 summopere
2444 3190 2664 3246 foetidus
2689 3188 2790 3255 sit,
2843 3194 3078 3243 attamen
3123 3199 3229 3240 non
3275 3182 3476 3239 debent

1886 3288 2169 3360 propinqui
2200 3285 2316 3357 ejus
2340 3285 2512 3355 ipsum
2539 3281 2809 3345 deserere,
2838 3278 2933 3334 sed
2961 3285 3107 3333 tanto
3132 3278 3298 3347 magis
3322 3290 3475 3330 acce-

1883 3383 2014 3439 dere
2039 3422 2054 3448 ,
2084 3390 2285 3451 quanto
2325 3376 2493 3447 magis
2524 3372 2750 3444 putredo
2778 3379 2999 3441 augetur
3027 3386 3040 3422 :
3078 3378 3137 3423 ut
3172 3378 3298 3423 tunc
3334 3367 3475 3422 fece-

1885 3485 2008 3529 runt
2035 3470 2218 3526 Lazari
2244 3482 2493 3531 sorores;
2523 3480 2695 3535 neque
2733 3471 2857 3517 ante
2880 3460 3177 3526 discedere,
3199 3467 3471 3529 rogantes,

1870 3574 2164 3636 precantes
2187 3605 2203 3629 ,
2243 3560 2603 3630 supplicantes
2622 3597 2638 3622 ,
2668 3571 2825 3625 quam
2854 3554 3001 3607 illum
3028 3552 3293 3607 viventem
3320 3564 3472 3604 rece-

1885 3659 2137 3730 perimtts.
2166 3656 2297 3711 Nam
2324 3655 2366 3708 si
2395 3654 2471 3708 sic
2500 3666 2589 3706 res
2613 3658 2825 3705 nostras
2849 3656 2904 3702 et
2932 3646 3292 3716 proximorum
3317 3660 3473 3699 cure-

1882 3766 2025 3811 mus,
2063 3747 2289 3802 futuram
2330 3745 2437 3799 cito
2468 3745 2625 3796 vitam
2654 3752 3085 3807 consequemur:
3117 3750 3220 3805 qua
3265 3736 3466 3789 utinam

1881 3856 1980 3896 nos
2009 3840 2107 3894 frui
2135 3838 2424 3906 contingat,
2448 3834 2613 3905 gratia
2644 3843 2697 3886 et
2726 3831 3049 3900 benignitate
3070 3827 3278 3882 Domini
3300 3828 3469 3883 nostri

1879 3933 2006 3991 Jesu
2033 3931 2251 3998 Christi,
2273 3928 2357 3985 cui
2379 3926 2543 3999 gloria
2570 3925 2622 3979 in
2648 3922 2841 3979 saecula
2870 3920 3209 3976 saeculorum.
3241 3920 3433 3974 Amen.

480 4058 3468 4085 ________________________________________________

1257 4140 1603 4203 HOMILIA
1646 4143 1942 4208 XXVIII.
1985 4145 2072 4207 al.
2116 4141 2362 4204 XXIX.

181 4284 306 4340 CAP.
348 4285 403 4339 8.
457 4301 507 4338 ν.
553 4285 641 4339 25.
696 4284 761 4338 Et
805 4284 1099 4339 ascendente
1141 4301 1198 4339 eo
1236 4285 1290 4337 in
1335 4286 1639 4349 itaviculam,
1684 4302 1765 4340 se-

246 4380 391 4445 quuti
419 4390 536 4433 sunt
557 4396 669 4431 cum
690 4379 928 4447 discipuli
954 4378 1085 4446 ejus.
1109 4378 1200 4431 2i.
1232 4376 1297 4429 Et
1325 4395 1436 4430 ecce
1465 4390 1628 4431 motus
1656 4395 1763 4430 ma-

247 4490 379 4542 gnus
407 4475 577 4542 {actus
621 4482 695 4526 est
742 4473 794 4525 in
825 4471 973 4533 mari,
1006 4471 1080 4522 ita
1129 4478 1181 4522 ut
1209 4471 1443 4523 navicula
1487 4471 1766 4540 operiretur

246 4565 483 4631 ﬂuctibus
508 4578 527 4617 :
546 4562 654 4629 ipse
672 4578 785 4615 vero
814 4561 1111 4615 dormiebat.

248 4655 297 4709 ι.
332 4653 497 4707 Nulla
525 4655 655 4707 inter
677 4654 1005 4723 evangelistas
1032 4653 1364 4707 dissonantia.
1388 4682 1456 4691 —
1473 4650 1663 4716 Lucas,
1695 4665 1763 4705 ne

179 4747 294 4816 quis
323 4747 392 4801 ab
423 4747 540 4815 ipso
570 4756 867 4815 temporum
907 4745 1149 4801 ordinem
1202 4745 1472 4814 exigeret,
1523 4744 1601 4797 sic
1645 4744 1757 4797 ait:

180 4834 396 4890 Factum
420 4846 494 4890 est
519 4837 571 4888 in
592 4852 693 4889 una
718 4836 934 4899 dierum,
968 4846 1014 4889 et
1066 4836 1174 4905 ipse
1226 4834 1451 4889 ascendit
1479 4835 1531 4887 in
1561 4833 1761 4886 navicu-

176 4929 298 4994 lam,
330 4938 376 4983 et
398 4929 641 4995 discipuli
662 4930 771 4999 ejus
801 4926 952 4997 (Luc.
982 4928 1035 4982 8.
1058 4927 1175 4997 22).
1209 4927 1417 4982 Marcus
1442 4941 1655 4996 quoque
1683 4927 1760 4979 si-

175 5022 394 5077 militer.
421 5020 519 5075 llic
536 5036 663 5075 vero
708 5035 814 5074 non
838 5020 988 5085 item,
1018 5020 1110 5074 sed
1147 5028 1447 5089 temporum
1472 5014 1759 5087 quamdam

173 5123 354 5168 servat
382 5112 601 5168 seriem.
622 5110 806 5179 Neque
825 5110 971 5164 enim
986 5111 1163 5163 omnia
1184 5124 1373 5164 omnes
1388 5106 1578 5162 eodem
1601 5104 1760 5160 modo

172 5205 485 5260 describunt
516 5222 530 5258 :
564 5201 617 5257 id
646 5202 785 5273 quod
816 5218 845 5255 a
879 5218 965 5257 me
997 5202 1105 5272 jam
1135 5218 1293 5270 supra
1324 5201 1524 5255 dictum
1563 5209 1665 5265 est,
1690 5213 1758 5253 ne

170 5298 288 5367 quis
315 5314 385 5352 ex
413 5295 708 5350 omissione
734 5293 1117 5349 dissonantiam
1164 5294 1301 5348 inter
1342 5294 1485 5362 ipsos
1510 5306 1631 5346 esse
1658 5306 1756 5360 pu-

172 5400 325 5444 taret.
358 5386 555 5443 Turbis
586 5386 766 5457 itaque
797 5385 1110 5456 praemissis,
1148 5384 1440 5454 discipulos
1468 5398 1647 5437 secum
1667 5396 1757 5435 as-

171 5479 397 5548 sumpsit
423 5496 436 5535 :
468 5493 590 5532 nam
619 5476 720 5531 boc
751 5477 824 5531 illi
851 5476 1057 5531 dicunt.
1088 5475 1393 5544 Assumpsit
1425 5483 1602 5528 autem
1650 5487 1755 5526 non

172 5571 361 5625 frustra
385 5613 400 5635 ,
453 5584 553 5624 nec
594 5569 709 5623 sine
734 5583 893 5623 causa
924 5609 938 5633 ,
970 5567 1065 5622 sed
1094 5576 1149 5620 ut
1180 5566 1339 5621 futuri
1368 5564 1607 5619 miraculi
1636 5577 1758 5631 spe-

169 5676 402 5721 ctatores
431 5670 631 5716 essent.
662 5660 1120 5725 Quemadmodum
1166 5659 1311 5714 enim
1347 5657 1608 5725 palaestra:
1638 5669 1754 5707 ma-

168 5762 331 5831 gislcr
357 5755 616 5819 Optimus,
647 5751 715 5809 ad
745 5758 1031 5819 utrumque
1063 5750 1183 5807 illos
1226 5748 1512 5806 exercebat
1539 5787 1555 5809 .
1595 5754 1655 5802 ut
1698 5746 1752 5800 in

1877 4286 2035 4341 malis
2073 4282 2417 4354 imperterriti
2448 4287 2629 4335 essent
2648 4318 2663 4341 ,
2711 4285 2765 4331 et
2795 4276 2847 4329 in
2876 4271 3172 4327 honoribus
3204 4269 3456 4324 modesti.

1874 4378 1953 4433 Ne
1975 4378 2144 4431 altum
2163 4375 2304 4429 enim
2336 4379 2611 4441 saperent,
2642 4367 2805 4437 quod,
2831 4364 3011 4418 missis
3031 4362 3172 4426 aliis,
3205 4360 3357 4429 ipsos
3376 4376 3451 4412 re-

1873 4468 2140 4531 tinuisset,
2189 4471 2560 4534 tempestatem
2612 4457 2889 4530 permittit,
2918 4463 3027 4508 tum
3060 4462 3117 4505 ut
3147 4451 3249 4505 hoc
3274 4450 3457 4504 eflice-

1871 4568 1975 4627 ret,
1997 4569 2107 4613 tum
2131 4566 2188 4612 ttt
2210 4570 2306 4611 eos
2336 4554 2400 4608 ad
2426 4550 2678 4607 ferendas
2698 4548 2907 4602 fortiter
2933 4556 3201 4599 aerumnas
3228 4555 3458 4596 exerce-

1872 4660 1976 4707 ret.
2004 4650 2137 4704 Nam
2164 4660 2352 4716 magna
2379 4643 2595 4714 quidem
2623 4650 2778 4695 erant
2801 4638 2978 4708 priora
3002 4635 3175 4704 signa,
3200 4631 3294 4687 sed
3320 4646 3452 4701 pra:-

1869 4758 1994 4799 sens
2011 4744 2219 4813 signum
2243 4753 2347 4792 non
2370 4749 2588 4807 parvam
2611 4731 2894 4803 quamdam
2916 4724 3354 4784 exercitationem
3372 4720 3455 4775 af-

1869 4833 2075 4889 ferebat
2100 4874 2116 4897 ,
2161 4846 2224 4885 ac
2254 4827 2419 4883 veteri
2450 4825 2660 4880 cuidam
2687 4823 2839 4892 signo
2862 4818 3035 4874 simile
3062 4824 3196 4872 erat.
3226 4813 3452 4880 Ideoque

1867 4924 2014 4979 solos
2055 4938 2236 4977 secum
2266 4918 2484 4974 adducit
2531 4914 2842 4983 discipulos.
2879 4912 3009 4964 Nam
3059 4908 3147 4962 ttbi
3192 4903 3449 4959 tuirat-ula

1868 5014 2187 5077 edebantur,
2239 5012 2488 5081 populum
2512 5004 2887 5063 sinitadesse:
2921 5000 3007 5053 ubi
3055 5012 3181 5053 vero
3213 4994 3449 5064 pericula

1869 5113 1925 5160 et
1952 5114 2190 5160 terrores
2213 5144 2227 5165 ,
2256 5099 2549 5170 discipulos
2570 5136 2585 5162 ,
2619 5095 2851 5150 athletas
2880 5104 3073 5159 nempe
3106 5086 3284 5151 orbis,
3312 5098 3448 5153 quos

1868 5197 2263 5254 exercitaturus
2291 5200 2428 5257 erat,
2473 5189 2619 5243 solos
2646 5199 2828 5241 secum
2872 5179 3115 5236 assumit.
3164 5175 3447 5233 Mattbaeus

1867 5290 2041 5344 solum
2064 5286 2214 5349 dicit,
2244 5285 2416 5353 ipsum
2445 5275 2790 5338 dormivisse,
2823 5273 2993 5328 Lucas
3024 5284 3153 5323 vero
3195 5267 3359 5332 addit,
3390 5265 3445 5323 in

1865 5376 2120 5435 cervicali
2150 5376 2251 5446 (a),
2275 5370 2565 5427 ostendens
2583 5380 2743 5437 quam
2768 5371 2913 5419 esset
2953 5378 2982 5416 a
3016 5360 3152 5415 fastu
3186 5359 3398 5412 alienus
3420 5395 3442 5423 ,

1863 5481 1917 5528 et
1942 5469 2010 5523 ad
2054 5481 2298 5537 magnam
2350 5461 2477 5517 inde
2535 5455 2927 5531 philosophiam
2982 5467 3081 5508 nos
3137 5451 3440 5506 instituens.

1922 5625 1995 5684 (α)
2028 5623 2101 5671 sic
2124 5632 2296 5669 omnes
2328 5618 2445 5684 mliti
2471 5624 2522 5684 et
2559 5612 2864 5684 manuscripti
2900 5609 3119 5684 Codices,
3157 5615 3207 5684 et
3224 5602 3442 5684 ita-legis

1857 5666 2464 5747 Geo—t'gtuis-ﬁiapez‘uutius.
2491 5678 2634 5747 Atqui
2650 5689 2743 5747 non
2767 5666 2928 5747 tite-as.
2942 5671 3032 5723 sed
3054 5678 3235 5720 Marcus
3246 5675 3340 5725 est,
3356 5666 3442 5727 qui

1857 5735 2029 5809 habe‘t’,
2046 5744 2098 5809 4,
2121 5735 2219 5795 ὂΒὶ
2242 5752 2391 5807 super
2410 5735 2615 5793 cervical
2632 5735 2890 5790 dormiens.
2930 5798 2933 5799 ν
