3868 6182
429 315 531 373 35!

414 429 630 485 vaorta
653 425 834 496 itaque
856 429 1177 491 tempestate
1190 434 1313 476 eum
1338 419 1539 475 fureret
1557 431 1727 481 mare,
1752 415 1897 470 illum
1919 430 2012 469 ex-

423 523 595 578 citant
615 520 892 577 dicentes:
918 517 1011 574 25.
1043 513 1262 571 Domine
1280 555 1296 581 ,
1324 514 1465 569 salva
1490 529 1604 579 nos,
1634 510 1870 581 perimus.
1895 506 2012 577 Ipse

430 627 563 669 vero
588 612 709 667 illos
738 609 994 681 primum,
1023 606 1222 663 deinde
1246 619 1397 661 mare
1419 602 1739 672 increpavit.
1770 599 1924 662 Nam,
1951 605 2011 651 ut

431 706 561 770 dixi,
588 700 993 760 exercitationis
1022 714 1184 755 causa
1235 697 1349 755 haec
1370 693 1833 766 permittebantur,
1860 700 1915 746 et
1945 689 2007 744 ti-

424 814 578 869 ειη-ω
596 803 764 853 erant
789 793 1167 857 tentationutn,
1216 805 1337 861 qua:
1363 789 1512 858 ipsos
1544 795 1699 842 erant
1726 785 2009 841 invasurae.

431 890 647 948 Etenim
680 897 866 960 postea
894 901 1038 957 saepe
1068 882 1311 957 permisit
1334 895 1430 938 eos
1455 882 1507 936 in
1533 879 1808 951 graviores
1848 890 2014 943 nego-

434 985 631 1039 tiorum
681 980 942 1051 procellas
981 976 1240 1041 incidere,
1308 976 1364 1026 et
1395 983 1720 1026 succurrere
1770 966 2009 1024 distulit.

422 1073 586 1130 llnde
614 1073 811 1128 Paulus
840 1070 1089 1125 dicebat:
1120 1067 1260 1122 Nolo
1288 1075 1457 1119 autem
1482 1078 1569 1118 vos
1599 1062 1855 1134 ignorare,
1898 1063 2012 1131 fra-

420 1176 549 1233 tres,
580 1163 819 1233 quoniam
848 1160 991 1227 valde
1014 1159 1210 1230 gravati
1252 1171 1426 1211 sumus
1468 1169 1627 1221 supra
1656 1152 1804 1217 vires,
1835 1150 1908 1203 ita
1958 1157 2012 1207 ul

425 1274 523 1313 nos
548 1256 752 1312 taederet
777 1255 929 1309 etiam
957 1252 1120 1307 vivere
1141 1249 1220 1322 (2.
1249 1248 1367 1303 Cor.
1396 1248 1448 1302 i.
1474 1246 1530 1315 8)
1556 1263 1572 1310 ;
1594 1252 1649 1299 et
1677 1252 1880 1313 postea,
1910 1240 2016 1306 Qui

424 1365 496 1403 ea:
514 1346 857 1402 tot‘ntortibus
884 1360 976 1398 nos
1001 1342 1188 1413 eripuit
1217 1338 1378 1411 (Ibid.
1408 1355 1456 1393 ιι,
1490 1338 1601 1407 10).
1648 1335 1720 1393 Ut
1765 1331 2013 1389 ostendat

430 1439 613 1509 igitur,
639 1435 831 1491 fiducia
858 1434 934 1488 uti
959 1442 1231 1501 oportere,
1253 1428 1460 1485 etiamsi
1483 1426 1657 1497 magni
1678 1424 2015 1481 concitentur

427 1532 652 1595 fluctus,
688 1531 968 1599 ipsumque
982 1526 1163 1583 omnia
1194 1524 1397 1579 utiliter
1417 1522 1752 1591 dispensare,
1781 1518 2011 1588 primum

428 1623 576 1691 ipsos
598 1624 857 1692 increpat.
888 1619 1022 1674 Nam
1046 1616 1186 1688 quod
1220 1614 1413 1671 turbati
1439 1612 1656 1679 fuerint,
1681 1610 1734 1666 id
1762 1610 1864 1664 illis
1887 1607 2015 1667 utile

430 1717 553 1783 fuit,
576 1726 635 1769 ut
662 1715 834 1783 majus
858 1727 982 1769 esse
1005 1708 1322 1765 miraculum
1352 1706 1645 1768 videretur,
1677 1712 1732 1760 et
1758 1709 2011 1772 perpetua

423 1817 733 1863 servaretur
758 1805 835 1860 rei
865 1803 1141 1859 memoria.
1172 1798 1397 1869 Quando
1415 1798 1560 1853 enim
1585 1796 2012 1865 inexspectatum

430 1899 703 1969 quidpiam
734 1897 972 1951 futurum
1012 1903 1113 1957 est,
1150 1892 1312 1946 multa
1344 1884 2014 1958 pra‘paranturservandte

427 1991 507 2046 rei
530 1988 802 2043 memoria:
823 1995 1144 2056 opportuna,
1177 1995 1246 2037 ne
1270 1980 1471 2036 editum
1495 1988 1681 2049 postea
1696 1976 2013 2037 miraculum

427 2081 485 2134 in
512 2080 834 2134 oblivionem
866 2076 1066 2131 veniat.
1117 2074 1208 2130 Sic
1248 2073 1461 2143 Moyses
1493 2079 1799 2140 serpentem
1841 2069 2014 2140 primo

429 2169 768 2233 formidavit,
817 2183 916 2223 nec
951 2166 1110 2221 modo
1143 2164 1471 2229 formidavit,
1527 2162 1624 2218 sed
1660 2177 1782 2218 cum
1821 2175 2015 2232 magno

428 2262 593 2317 animi
638 2271 863 2325 terrore,
910 2268 1143 2329 tuncque
1169 2255 1303 2311 vidit
1326 2253 1644 2323 stupendum
1675 2251 1802 2309 illud
1829 2250 2013 2324 prodi-

424 2355 594 2424 ginm.
624 2353 699 2407 lta
722 2359 777 2406 et
798 2346 1069 2419 discipuli,
1111 2361 1235 2402 cum
1260 2345 1372 2415 jam
1404 2343 1474 2399 de
1499 2342 1672 2398 salute
1714 2342 1883 2398 ferme
1914 2341 2014 2411 de-

426 2449 759 2513 sperassent,
795 2449 923 2495 tune
952 2439 1267 2501 liberantur,
1305 2446 1365 2491 ut
1396 2435 1692 2506 periculum
1727 2431 1962 2489 confessi
1993 2470 2011 2498 ,

425 2533 672 2593 miraculi
703 2530 1120 2602 magnitudinem
1160 2527 1483 2583 ediscerent.
1513 2525 1741 2594 Ideoque
1775 2522 2013 2579 dormit:

430 2640 558 2680 nam
585 2625 628 2679 si
659 2623 911 2695 vigilante
936 2621 1027 2676 illo
1057 2619 1109 2677 id
1136 2620 1331 2675 factum
1374 2626 1537 2683 esset,
1563 2616 1647 2672 vel
1669 2631 1774 2671 non
1804 2615 2013 2671 timuis-

426 2724 576 2782 sent,
604 2715 689 2769 vel
729 2728 835 2767 nou
860 2719 1159 2783 rogassent,
1188 2709 1271 2765 vel
1299 2724 1406 2764 non
1438 2718 1718 2779 putassent
1752 2720 1910 2777 posse
1946 2704 2015 2760 il-

423 2808 540 2861 lum
569 2804 620 2861 id
649 2804 885 2860 efficere.
936 2802 1060 2858 Ideo
1084 2802 1301 2867 dormit,
1333 2809 1391 2855 ut
1413 2800 1505 2855 det
1530 2798 1751 2855 timendi
1778 2798 2016 2853 occasio-

424 2912 576 2961 nem,
605 2904 660 2949 et
689 2893 1002 2948 validiorem
1026 2892 1153 2961 ipsis
1185 2891 1529 2961 praesentium
1548 2903 1769 2945 sensum
1794 2887 2011 2943 efﬁciat.

426 2986 612 3055 Neque
665 2985 813 3038 enim.
855 2983 983 3053 quis
1021 2981 1241 3050 perinde
1274 2979 1419 3036 videt
1458 2994 1521 3036 ea
1562 2994 1683 3051 quae
1731 2979 1783 3034 in
1822 2977 2014 3035 alienis

422 3076 753 3148 corporibus
772 3075 925 3140 fiunt,
953 3082 1112 3143 atque
1140 3087 1202 3129 ea
1241 3087 1359 3143 qua:
1402 3073 1458 3126 in
1487 3084 1713 3141 corpore
1738 3084 1854 3124 suo.
1879 3070 2013 3143 Quia

427 3168 590 3239 igitur
636 3182 826 3222 omnes
866 3165 1117 3221 videbant
1156 3163 1418 3220 beneficio
1469 3162 1689 3218 affectos
1740 3161 1924 3228 fuisse,
1957 3177 2016 3227 se

427 3275 557 3315 vero
599 3259 734 3313 nihil
777 3259 1053 3328 accepisse
1102 3254 1347 3311 beneficii
1379 3294 1397 3323 ,
1433 3254 1590 3326 quasi
1617 3253 1793 3326 supini
1819 3268 2012 3333 (mane-

422 3356 556 3410 bant
576 3371 595 3419 ;
617 3367 791 3423 neque
815 3353 959 3407 enim
987 3348 1162 3406 claudi
1186 3358 1359 3413 erant,
1378 3348 1464 3404 vel
1492 3348 1598 3403 alio
1626 3347 1802 3403 affecti
1822 3362 2015 3418 corpo-

423 3450 500 3504 ris
527 3448 693 3503 vitio:
722 3445 1109 3516 oportebatque
1136 3452 1313 3498 tamen
1341 3443 1461 3498 illos
1481 3440 1859 3499 beneficiorum
1889 3455 2014 3497 seu-

423 3555 489 3595 su
519 3538 693 3604 afﬁci;
718 3545 1088 3607 tempestatem
1110 3535 1241 3590 oriri
1269 3533 1539 3599 concedit,
1571 3541 1631 3589 ut
1658 3547 1720 3588 ea
1752 3531 1962 3588 liberati
1990 3571 2008 3600 ,

422 3632 707 3687 clariorem
741 3628 984 3686 beneficii
1012 3642 1230 3683 sensum
1256 3626 1615 3697 perciperent.
1644 3622 1875 3695 Ideoque
1904 3637 2011 3678 non

422 3721 778 3793 praesentibus
809 3718 980 3777 turbis
1010 3716 1062 3772 id
1092 3717 1241 3787 agit,
1275 3731 1344 3773 ne
1371 3725 1429 3771 ut
1453 3714 1679 3777 modicae
1702 3714 1823 3769 fidei
1865 3713 2014 3769 dam-

424 3822 722 3876 narentur;
765 3808 863 3865 sed
908 3809 1055 3864 solos
1080 3807 1352 3874 emendat,
1394 3816 1448 3862 et
1497 3804 1826 3876 increpando
1862 3805 2012 3875 prius

423 3903 622 3960 mentis
651 3902 888 3971 ipsorum
914 3914 1073 3970 quam
1104 3913 1363 3969 aquarum
1390 3904 1763 3967 tempestatem
1813 3893 2009 3973 sedat,

425 3995 618 4051 dicetis
650 4012 662 4047 :
689 3992 780 4047 26.
811 3992 947 4058 Quid
993 3990 1158 4061 timidi
1189 3989 1328 4055 estis,
1362 3989 1575 4043 modica:
1614 3987 1781 4054 ﬁdei?
1825 3987 2013 4043 simul-

425 4104 528 4158 que
560 4085 738 4153 docet,
784 4085 1029 4138 timorem
1067 4097 1172 4136 non
1198 4083 1266 4136 ab
1293 4081 1549 4135 immissis
1580 4079 1962 4135 tcntationibus
1991 4120 2008 4146 ,

423 4179 515 4234 sed
542 4178 610 4233 ab
636 4176 800 4231 animi
832 4174 1142 4229 infirmitate
1191 4173 1340 4228 oriri.
1363 4170 1522 4241 Quod
1548 4172 1593 4226 si
1622 4173 1741 4242 quis
1770 4171 2007 4240 dixerit,

435 4287 540 4326 non
563 4286 629 4325 ex
680 4268 871 4324 timore
899 4266 983 4322 vel
1019 4282 1083 4321 ex
1128 4265 1335 4321 modica
1371 4264 1473 4321 fide
1510 4273 1684 4319 motos
1720 4262 2010 4333 discipulos

427 4365 574 4417 illum
605 4363 868 4417 excitasse
904 4376 919 4415 :
953 4356 1292 4428 respondebo
1335 4356 1463 4411 illud
1510 4356 1748 4411 maxime
1795 4356 2007 4426 signum

420 4470 541 4510 esse
557 4495 572 4519 ,
598 4468 693 4509 eos
712 4468 820 4508 non
847 4458 1232 4522 congruentem
1259 4448 1329 4505 de
1344 4449 1434 4504 illo
1458 4449 1764 4519 opinionem
1795 4447 2012 4504 habuis-

418 4562 505 4604 se.
534 4546 793 4603 Sciebant
816 4545 1038 4614 quidem
1073 4544 1249 4614 ipsum
1268 4541 1702 4613 expergefactum
1728 4542 2009 4612 increpare

420 4652 622 4709 posse;
649 4636 1011 4691 dormientem
1043 4649 1177 4690 vero
1202 4634 1449 4689 nondum.
1471 4634 1746 4704 putabant.
1778 4634 1845 4689 Et
1881 4632 2008 4704 quid

420 4731 639 4785 miraris
682 4729 728 4782 si
761 4743 902 4783 nunc
933 4729 1179 4794 timeant,
1212 4727 1432 4797 quando
1463 4734 1586 4796 post
1630 4728 1801 4781 multa
1845 4728 2007 4782 etiam

418 4823 523 4878 alia
576 4820 833 4875 miracula
890 4819 1213 4874 inﬁrmiores
1256 4817 1432 4873 adhuc
1458 4818 1643 4874 erant?
1672 4818 2011 4889 Quapropter

417 4930 567 4986 sa-pe
620 4914 970 4983 increpantur
996 4953 1011 4977 ,
1051 4918 1109 4965 ut
1146 4909 1359 4981 quando
1400 4908 1531 4964 dicit
1562 4930 1576 4965 :
1602 4909 1782 4963 Adhuc
1831 4919 1879 4963 et
1921 4923 2009 4963 vos

418 5007 737 5078 insipientes
757 5005 875 5060 estis
907 5002 1120 5075 (Matth.
1152 5002 1240 5058 i5.
1273 5001 1405 5071 i6)?
1430 5001 1508 5057 Ne
1544 5002 1720 5071 itaque
1762 5001 2005 5065 mireris,

421 5115 547 5154 eum
575 5096 823 5169 discipuli
866 5105 979 5151 tam
1004 5093 1303 5150 imbecilles
1348 5103 1543 5158 erant,
1575 5092 1619 5147 si
1664 5092 1834 5147 turba:
1876 5090 2008 5145 nihil

424 5205 674 5259 magnum
697 5190 767 5244 de
794 5190 910 5258 ipso
927 5187 1317 5257 opinabantur;
1349 5185 1682 5239 mirabantur
1706 5184 1903 5254 quippe
1927 5182 2009 5238 di-

421 5288 614 5334 centes
638 5297 651 5333 :
677 5279 769 5335 27.
801 5279 982 5346 Qualis
1010 5288 1083 5332 est
1105 5277 1185 5332 hic
1210 5278 1360 5331 homo
1382 5318 1398 5343 ,
1422 5277 1541 5347 quia
1567 5284 1615 5329 et
1641 5292 1780 5329 mare
1801 5285 1848 5329 et
1877 5276 2008 5329 venti

418 5370 661 5427 obediunt
707 5370 791 5424 ei?
819 5368 1067 5425 Christus
1115 5384 1245 5424 vero
1274 5384 1380 5423 non
1410 5368 1675 5436 corripuit
1699 5380 1815 5431 eos,
1864 5365 2007 5435 quod

424 5462 696 5517 hominem
729 5476 852 5516 esse
896 5463 1066 5531 ipsum
1088 5461 1363 5526 dicerent;
1401 5458 1496 5513 sed
1538 5457 1881 5526 exepcctabat
1924 5456 2007 5510 in-

427 5558 582 5613 terim
612 5573 708 5626 per
732 5558 987 5612 miracula
1016 5557 1224 5612 docens
1263 5556 1382 5610 illos
1424 5554 1607 5609 falsam
1632 5553 1772 5609 lianc
1802 5552 2009 5621 opinio-

426 5665 552 5705 nem
572 5665 713 5706 esse.
746 5648 1026 5706 Undcnam
1062 5649 1332 5704 hominem
1376 5647 1524 5703 illum
1566 5662 1688 5703 esse
1710 5643 2009 5717 putabant?

428 5744 503 5802 his
536 5756 755 5816 aspectu
775 5784 791 5812 ,
821 5759 887 5800 ex
926 5758 1122 5798 sonmo
1142 5784 1156 5809 ,
1186 5742 1324 5813 quod
1354 5741 1472 5796 navi
1518 5749 1775 5796 uteretur.
1804 5737 2007 5794 Idcirco

1160 306 1219 364 S.
1259 302 1539 364 JOANNIS
1560 296 2011 361 ρειιίιγδοδτω

2112 297 2412 355 \RClllEP.
2452 298 2986 361 CONSTANTINOP.

3584 304 3682 360 352

2092 412 2175 468 .iu
2199 422 2477 482 stuporem
2506 413 2935 483 conjieiebantur
2958 415 3198 472 dicentes
3229 434 3243 470 :
3274 416 3454 482 Qualis
3477 430 3547 473 est
3568 419 3686 474 hic?

2114 504 2350 561 Somnus
2372 507 2569 577 quippe
2594 508 2926 579 et-quidquid
2971 511 3263 581 apparebat
3311 511 3576 567 hominem
3607 514 3687 569 in-

2116 596 2328 652 dicabat
2356 613 2374 656 :
2402 613 2552 653 mare
2590 608 2649 654 et
2697 608 2847 670 parta
2879 601 3237 672 tranquillitas
3260 601 3426 659 Deum
3455 603 3688 660 declara-

2115 686 2228 745 bal.

2108 840 2109 843 η
2189 782 2247 837 2.
2278 780 2509 839 Christus
2535 792 2590 838 ut
2616 783 2873 853 dominus,
2920 785 3127 858 Moyses
3150 796 3206 844 ut
3228 805 3418 853 servus,
3450 790 3691 845 miracula

2118 877 2409 946 patrabant.
2442 876 2784 950 Evangelist
2810 896 3085 952 numquam
3135 882 3228 937 alii
3272 898 3391 938 ann
3440 883 3557 938 aliis
3598 901 3690 951 pu-

2115 978 2293 1039 gnant.
2307 998 2381 1011 —
2402 969 2733 1041 Quamquam
2758 973 2900 1027 enim
2925 971 3135 1044 Moyses
3149 973 3348 1045 aliquid
3367 974 3544 1030 simile
3568 973 3689 1031 olim

2118 1060 2344 1130 fecerat,
2400 1063 2660 1119 velhinc
2702 1062 2900 1121 ChriSti
2952 1067 3245 1122 eminentia
3292 1066 3690 1136 declarabatur,

2104 1155 2262 1226 quod
2298 1155 2391 1211 ille
2419 1166 2479 1212 ut
2506 1170 2715 1225 servus,
2748 1158 2835 1212 hic
2861 1168 2920 1213 ut
2946 1159 3196 1215 dominus
3226 1161 3485 1215 miracula
3516 1169 3692 1230 patra-

2118 1255 2222 1301 ret.
2253 1246 2368 1301 Non
2408 1250 2551 1303 enim
2582 1250 2789 1320 virgam
2818 1250 3059 1306 extendit
3088 1260 3145 1306 ut
3170 1251 3279 1315 ille,
3308 1267 3483 1322 neque
3507 1268 3692 1308 manus

2118 1337 2379 1409 expandit
2404 1355 2592 1396 versus
2611 1340 2803 1396 ezelum
2828 1384 2844 1409 ,
2873 1357 3048 1414 neque
3098 1344 3406 1414 precatione
3427 1359 3566 1415 opus
3602 1344 3693 1399 ba-

2118 1429 2265 1485 buit:
2295 1429 2392 1486 sed
2436 1441 2496 1486 ut
2526 1447 2621 1502 par
2646 1441 2731 1489 est
2749 1432 3027 1488 dominum
3054 1434 3282 1499 ancillae,
3314 1445 3373 1491 et
3396 1446 3695 1493 creatorem

2129 1522 2349 1592 opificio
2370 1524 2683 1594 praecipere,
2710 1525 2791 1582 sic
2817 1525 2963 1581 illam
2985 1527 3196 1583 sedavit
3212 1537 3265 1584 et
3280 1527 3512 1584 frenavit
3536 1528 3696 1585 verbo

2118 1623 2174 1669 et
2200 1624 2469 1685 prmccpto
2490 1623 2695 1671 tantum
2727 1633 2740 1670 :
2763 1629 2925 1687 atque
2952 1622 3130 1672 omnis
3156 1618 3333 1673 subito
3361 1618 3538 1674 soluta
3567 1627 3695 1673 tem-

2120 1715 2300 1778 pestas
2325 1714 2429 1773 cst,
2458 1722 2561 1763 nec
2582 1708 2859 1779 vestigium
2879 1709 3127 1779 procellre
3151 1710 3368 1765 mansit.
3391 1710 3530 1765 lllud
3558 1709 3695 1764 enim

2106 1796 2412 1854 declaravit
2436 1799 2764 1869 evangelista
2804 1800 2989 1857 dicens
3014 1818 3030 1855 :
3060 1800 3127 1855 Et
3157 1804 3291 1871 facta
3313 1811 3385 1856 est
3411 1801 3697 1872 tranquilli-

2119 1897 2198 1943 tas
2221 1904 2427 1959 magna.
2460 1888 2616 1958 Quod
2654 1890 2723 1945 de
2751 1888 2915 1946 Patre
2943 1881 3108 1962 quasi.
3127 1906 3217 1948 res
3242 1893 3463 1961 grandis
3499 1891 3695 1948 dictum

2119 1982 2327 2046 fuerat,
2357 1982 2409 2036 id
2438 1982 2553 2051 ipse
2596 1984 2849 2051 Operibus
2875 1983 3138 2039 exhibuit.
3165 1984 3302 2050 Quid
3328 1984 3397 2039 de
3418 1985 3582 2039 Patre
3617 1984 3696 2039 di-

2118 2081 2263 2127 ctum
2294 2070 2474 2129 fuerat
2493 2076 2514 2123 ’ί
2543 2072 2689 2128 Dixit
2717 2084 2763 2127 et
2790 2075 2926 2128 stetit
2972 2075 3182 2146 spiritus
3208 2075 3466 2144 procellae.
3518 2076 3609 2131 Sic
3648 2085 3696 2130 et

2100 2163 2225 2219 hoc
2273 2164 2394 2221 loco
2458 2163 2626 2232 dixit,
2688 2163 2757 2219 Et
2801 2169 2939 2236 facta
2976 2173 3049 2220 est
3100 2167 3443 2237 tranquillitas
3496 2183 3695 2237 magna.

2123 2253 2299 2327 (Psal.
2328 2255 2451 2312 106.
2476 2256 2590 2326 25).
2631 2255 2920 2325 Propterea
2961 2256 3129 2312 turba:
3169 2257 3319 2312 illum
3357 2273 3571 2313 summe
3600 2258 3698 2313 mi-

2118 2348 2377 2405 rabantur
2402 2367 2417 2405 :
2447 2364 2568 2420 quae
2602 2364 2710 2404 non
2736 2349 2809 2404 ita
2835 2350 3041 2404 mirata:
3066 2347 3314 2417 fuissent,
3335 2351 3380 2405 si
3409 2350 3625 2406 fecisset
3648 2360 3696 2405 ut

2117 2440 2350 2507 Moyses.
2381 2442 2720 2527 Postquama
2753 2443 2888 2527 mari
2912 2442 3287 2527 discessisset,
3306 2442 3451 2527 aliud
3494 2443 3697 2499 teri-ibi.

2118 2529 2227 2585 lius
2243 2528 2561 2584 miraculum
2576 2524 2938 2596 subéequitur.
2974 2525 3291 2579 histrioniam
3314 2525 3484 2586 enim,
3514 2536 3699 2592 quem-

2115 2620 2407 2677 admodum
2453 2619 2659 2691 fugitivi
2704 2619 2938 2691 improbi
2985 2617 3229 2675 videntes
3274 2618 3584 2687 dominurn,
3618 2615 3699 2675 di-

2115 2713 2342 2770 cebant:
2371 2711 2462 2768 29.
2493 2711 2630 2779 Quid
2664 2710 2808 2765 nobis
2850 2719 2899 2766 et
2926 2710 3036 2778 tibi,
3064 2709 3193 2765 Iesu
3221 2708 3348 2764 Filii
3373 2708 3523 2767 Dei!
3547 2707 3698 2770 Veni-

2111 2806 2181 2861 sti
2206 2804 2305 2858 huc
2347 2812 2465 2858 ante
2504 2813 2700 2874 tempus
2746 2811 2979 2872 torquere
3019 2816 3137 2858 nos.
3181 2801 3312 2868 Quia
3341 2802 3487 2856 enim
3534 2799 3697 2858 ιυΙκΒ

2102 2896 2303 2967 ipsum
2336 2895 2608 2953 hominem
2653 2909 2775 2951 esse
2816 2893 3231 2961 confitebantur,
3276 2901 3546 2951 venerunt
3585 2893 3694 2951 de

2114 3004 2305 3048 mones
2350 2990 2681 3046 divinitatem
2709 2989 2828 3059 ejus
2867 2989 3258 3059 praedicantes:
3286 2997 3342 3043 et
3382 2988 3473 3058 qui
3504 2987 3696 3060 agitato

2117 3094 2407 3156 posteaque
2433 3084 2620 3139 sedato
2646 3083 2780 3138 mari
2818 3097 2927 3138 nou
2961 3081 3260 3149 audierant,
3289 3081 3569 3138 daamonas
3598 3080 3695 3137 hoc

2114 3177 2412 3235 clamantes
2438 3176 2741 3243 audierunt,
2780 3175 2922 3248 quod
2951 3191 3099 3232 mare
3128 3176 3471 3247 tranquillum
3501 3176 3694 3232 factum

2113 3268 2512 3339 prredicaverat.
2546 3267 2745 3323 Deinde
2770 3282 2843 3324 ne
2868 3265 2969 3323 hoc
2997 3283 3093 3338 per
3111 3267 3471 3323 adulationem
3493 3267 3691 3324 dictum

2114 3361 2407 3430 videretur,
2436 3377 2500 3417 ex
2528 3376 2710 3416 rerum
2730 3361 3103 3431 experimento
3124 3362 3361 3417 clamant
3381 3362 3465 3416 his
3491 3360 3693 3418 verbis:

2124 3451 2315 3509 Venisti
2333 3452 2435 3506 huc
2475 3462 2593 3507 ante
2619 3460 2817 3523 tempus
2836 3460 3067 3522 torquere
3092 3468 3207 3507 nos.
3245 3452 3369 3508 Ideo
3395 3453 3552 3523 prius
3588 3453 3692 3507 ini-

2100 3545 2370 3607 micitiam
2396 3544 2654 3613 fatentur,
2682 3560 2751 3601 ne
2774 3554 3023 3616 suSpecta
3050 3561 3239 3602 eorum
3268 3547 3597 3617 supplicatio
3618 3544 3695 3602 vi-

2115 3639 2356 3698 deretur.
2384 3639 2599 3695 Etenim
2624 3639 2969 3695 invisibiliter
2997 3639 3441 3706 verberabantur,
3487 3648 3549 3695 et
3575 3638 3693 3711 plus

2114 3747 2274 3804 quam
2303 3746 2452 3788 mare
2475 3730 2806 3786 fluctuabant
2828 3731 3051 3797 confixi,
3097 3732 3395 3800 combusti,
3418 3740 3586 3804 atque
3628 3746 3692 3788 ex

2103 3828 2251 3886 sola‘
2275 3823 2565 3898 praesentia
2613 3824 2973 3881 intolerabilia
3026 3826 3310 3896 patientes.
3358 3825 3495 3891 Luia
3546 3828 3690 3882 enim

2111 3917 2474 3975 damoniacos
2504 3917 2623 3972 illos
2650 3933 2809 3973 nemo
2832 3916 3028 3974 offerre
3057 3919 3308 3986 audebat,
3355 3919 3605 3976 Christus
3631 3919 3694 3975 il-

2056 4072 2065 4073 7
2112 4008 2196 4064 los
2225 4007 2356 4064 adit.
2390 4009 2455 4064 Et
2479 4008 2758 4065 Matthmus
2787 4010 3005 4080 quidem
3059 4012 3247 4067 scribit
3271 4011 3474 4068 dixisse
3521 4012 3644 4068 illos
3675 4029 3689 4065 :

2122 4098 2315 4155 Venisti
2341 4100 2440 4154 huc
2465 4111 2584 4155 ante
2622 4112 2819 4173 tempus
2850 4111 3081 4171 torquere
3120 4120 3247 4168 nos;
3274 4104 3364 4159 alii
3396 4119 3525 4161 vero
3546 4104 3697 4161 addi-

2110 4193 2325 4258 derunt,
2359 4207 2455 4249 eos
2504 4192 2780 4263 adjurasse
2835 4209 2901 4249 ac
2952 4210 3171 4266 rogasse
3219 4196 3369 4251 illum
3428 4212 3498 4254 ne
3547 4213 3608 4254 se
3642 4198 3693 4253 in

2108 4286 2364 4357 abyssum
2392 4284 2725 4355 conjiceret:
2755 4287 3013 4356 putabant
3036 4289 3179 4344 enim
3220 4288 3330 4361 jam
3363 4291 3567 4348 instare
3595 4290 3695 4348 sibi

2110 4383 2452 4454 supplicium,
2482 4392 2537 4438 et
2563 4384 2822 4439 timebant
2847 4385 2999 4457 quasi
3021 4386 3133 4455 jam
3179 4386 3232 4441 in
3280 4395 3549 4443 tormenta
3595 4386 3696 4444 de-

2111 4474 2279 4529 missi.
2303 4473 2455 4542 Quod
2482 4478 2525 4530 si
2546 4474 2719 4531 Lucas
2739 4475 2890 4549 (Cap.
2908 4477 2964 4547 8)
2986 4492 3149 4533 unum
3172 4488 3376 4534 tantum
3400 4489 3693 4547 memoret,

2097 4566 2201 4622 ‘hic
2228 4576 2409 4623 autem
2435 4567 2592 4635 duos,
2624 4584 2801 4639 neque
2828 4571 2905 4625 sic
2929 4571 3257 4626 dissonantia
3284 4573 3458 4642 aliqua
3488 4572 3694 4628 indica-

2114 4669 2222 4717 tur.
2267 4660 2323 4718 Si
2344 4662 2488 4718 enim
2519 4660 2767 4730 dixisset,
2800 4679 2963 4718 unum
2993 4672 3197 4719 tantum
3222 4663 3405 4731 fuisse,
3440 4680 3541 4722 nec
3569 4666 3693 4722 alte-

2112 4760 2229 4810 rum
2260 4755 2553 4820 exstitisse,
2584 4764 2711 4813 tunc
2732 4754 3001 4811 videretur
3029 4772 3057 4811 a
3087 4756 3338 4811 Mattha-o
3366 4756 3587 4814 differre
3628 4760 3691 4814 ἐ

2108 4861 2231 4902 cum
2256 4862 2383 4902 vero
2404 4846 2493 4902 ille
2534 4863 2720 4913 unum,
2754 4847 2841 4902 hic
2870 4848 3006 4903 duos
3037 4859 3335 4917 memorat,
3364 4865 3471 4906 non
3518 4864 3691 4921 pugna

2113 4939 2230 4994 ι)ωο
2256 4946 2340 4993 est
2362 4980 2378 5006 ,
2429 4937 2527 4994 sed
2556 4937 2855 4996 differentia
2887 4940 3160 4996 narrandi.
3192 4940 3319 4997 Mihi
3367 4942 3511 4997 enim
3542 4941 3691 4997 vide-

2112 5040 2198 5084 tur
2240 5030 2411 5085 Lucas
2437 5031 2702 5086 acriorem
2748 5031 2835 5086 hic
2888 5032 3297 5088 memorandum
3342 5034 3691 5105 immersisse;

2107 5131 2439 5193 quapmpter
2466 5123 2634 5192 magis
2677 5122 2931 5193 tragicam
2978 5123 3238 5180 describit
3286 5127 3645 5181 calamitatem
3678 5167 3692 5190 ,

2110 5212 2252 5283 Quod
2298 5228 2493 5283 nempe
2522 5215 2729 5270 vincula
2754 5224 2810 5270 et
2852 5223 3069 5272 catenas
3095 5218 3430 5289 dirumpens,
3465 5235 3561 5289 per
3595 5219 3690 5273 de-

2111 5315 2315 5358 sertum
2350 5315 2598 5360 erraret:
2628 5304 2838 5362 Marcus
2885 5323 3016 5363 vero
3044 5308 3174 5365 dicit
3222 5310 3398 5381 ipsum
3450 5326 3572 5368 sese
3618 5311 3687 5365 la-

2110 5395 2324 5466 pidibus
2352 5399 2706 5467 pereussisse.
2741 5399 2914 5455 Verba
2956 5411 3134 5458 autem
3174 5418 3361 5458 eorum
3391 5402 3689 5459 immanita-

2112 5497 2220 5545 tem
2273 5489 2773 5562 impudentiamque
2807 5490 3104 5552 declarant.
3167 5495 3364 5553 Venisti
3416 5501 3551 5552 enim
3590 5497 3687 5551 huc

2180 5740 2201 5771 ³
2774 5726 3017 5781 rideretur
3041 5714 3623 5787 utzttha'o’t'oattradicere,
