3868 6182
160 215 259 271 353

157 343 273 387 ante
299 339 505 401 tempus
557 339 786 399 torquere
829 339 956 388 nos,
1010 321 1275 393 inquiunt.
1329 316 1445 373 Non
1486 321 1736 386 poterant

154 430 292 483 enim
323 425 507 482 dicere
527 441 587 481 se
630 438 737 477 non
777 432 1062 491 peccasse;
1093 423 1286 485 rogant
1312 426 1440 466 vero
1483 424 1552 463 ne
1600 416 1730 463 ante

156 531 372 587 tempus
391 533 580 590 prunas
606 516 772 570 luant.
802 511 934 579 Quia
965 509 1107 565 enim
1137 501 1494 575 deprehendit
1518 514 1615 556 eos
1648 498 1735 553 in-

154 611 456 666 tolerabilia
469 620 525 665 et
550 606 731 676 iniqua
764 609 1034 672 operatos,
1062 611 1129 653 ac
1146 605 1419 652 creaturas
1445 607 1570 648 suas
1589 590 1737 646 omni

157 716 375 773 prorsus
432 697 589 753 modo
628 694 1001 753 subvertentes
1033 696 1089 745 et
1130 686 1449 749 cruciantes,
1482 682 1739 753 putabant

159 810 272 850 eum
293 793 365 848 ob
384 790 679 847 facinorum
700 784 1029 841 atrocitatem
1043 796 1152 837 non
1167 784 1595 849 exspectaturum
1616 785 1739 828 esse

158 884 406 958 supplicii
434 893 683 952 tempus:
718 874 916 933 idcirco
944 873 1204 944 rogabant
1230 880 1284 926 et
1314 866 1684 939 supplicabant
1715 881 1730 919 :

159 993 208 1033 t‘t
234 978 326 1049 qui
353 993 423 1033 ne
454 974 646 1030 ferreis
669 969 883 1042 quidem
936 965 1161 1021 vinculis
1187 960 1417 1019 detineri
1464 965 1734 1029 poterant,

160 1073 300 1141 ligati
356 1069 615 1127 veniunt;
658 1066 744 1135 qui
787 1071 999 1117 montes
1042 1056 1451 1128 percurrehant,
1495 1053 1547 1107 in
1587 1066 1738 1105 cam-

160 1140 252 1232 pos
280 1167 517 1223 exeunt;
548 1156 637 1227 qui
665 1155 797 1209 alios
824 1168 852 1206 a
880 1148 1102 1206 transitu
1133 1146 1406 1209 arcebant,
1434 1158 1554 1196 cum
1587 1140 1735 1194 illum

160 1256 291 1308 viam
319 1252 423 1306 sibi
480 1249 851 1303 obstrucntent
882 1242 1157 1304 viderent,
1188 1243 1473 1291 steterunt.
1508 1232 1613 1288 Sed
1643 1246 1739 1285 cur

160 1349 205 1402 in
233 1343 502 1414 sepulcris
550 1341 777 1395 libenter
804 1333 1125 1392 versantur?
1155 1340 1213 1386 ut
1242 1328 1591 1399 perniciosam
1643 1324 1737 1379 do-

158 1441 383 1494 ctrinam
432 1434 722 1490 multorum
768 1428 1037 1485 mentibus
1082 1426 1363 1487 inserant;
1396 1416 1590 1488 nempe
1619 1416 1738 1470 ani-

158 1549 265 1588 mas
296 1538 630 1585 mortuorum
659 1524 933 1579 daemonas
961 1519 1073 1574 fieri
1117 1516 1229 1589 (a);
1272 1513 1415 1585 quod
1443 1527 1512 1567 ne
1542 1510 1741 1579 cogitet

158 1622 425 1694 quispiam
445 1617 605 1673 absit.
637 1614 742 1670 Sed
772 1612 901 1683 quid
944 1610 1114 1673 dicas,
1144 1607 1408 1677 inquiunt,
1434 1603 1503 1658 de
1535 1603 1738 1671 praesti-

154 1692 449 1786 giatoribus
470 1708 674 1773 multis,
701 1705 791 1776 qui
814 1712 1000 1773 captos
1028 1714 1221 1772 pueros
1244 1697 1509 1767 jugulant,
1534 1703 1590 1746 ut
1618 1692 1737 1745 ani-

159 1783 292 1859 mam
326 1811 514 1874 postea
564 1798 664 1855 sibi
714 1796 1103 1851 ministrantem
1149 1790 1415 1845 habeant?
1459 1785 1566 1842 Sed
1599 1783 1739 1839 unde

159 1902 253 1953 hoc
282 1895 495 1966 liquet?
525 1892 656 1947 Nam
703 1888 847 1959 quod
892 1886 1142 1958 juguleut
1163 1924 1180 1951 ,
1212 1883 1313 1937 hoc
1338 1880 1490 1935 multi
1520 1878 1735 1941 dicunt;

156 1991 289 2062 quod
320 1999 502 2045 autem
545 1997 807 2051 caesorum
855 1981 1047 2034 animae
1072 1992 1195 2033 cum
1226 1974 1354 2045 ipsis
1394 1973 1501 2027 sint
1527 2012 1542 2036 ,
1572 1968 1735 2035 unde,

155 2097 353 2153 quaeso,
385 2077 566 2134 nosti?
596 2076 722 2146 Ipsi,
748 2073 1010 2144 inquiunt,
1044 2068 1357 2123 daemoniaci
1383 2064 1485 2120 hoc
1510 2062 1693 2116 dicunt
1721 2077 1734 2114 :

159 2177 260 2246 Ego
306 2188 431 2229 sum
478 2172 653 2226 anima
684 2168 822 2223 illius
866 2164 1179 2235 cujuspiam.
1205 2161 1402 2217 Verum
1452 2157 1567 2212 haec
1598 2157 1738 2210 fraus

154 2278 203 2322 et
231 2266 444 2321 fallacia
490 2262 753 2317 diabolica
803 2268 903 2314 est.
932 2256 1115 2326 Neque
1140 2252 1282 2309 enim
1331 2250 1509 2306 anima
1540 2247 1736 2303 mortui

154 2369 229 2413 est
251 2373 373 2429 quae
405 2357 622 2419 clamat,
656 2352 751 2407 sed
775 2351 990 2405 dmmon
1011 2347 1102 2418 qni
1131 2345 1234 2399 hoc
1261 2342 1478 2398 simulat
1508 2349 1567 2393 ut
1592 2338 1737 2392 audi-

154 2461 289 2504 tores
312 2447 569 2516 decipiat.
599 2443 731 2498 Nam
759 2442 803 2497 si
830 2448 1010 2511 posset
1034 2437 1211 2491 anima
1234 2434 1285 2489 in
1316 2431 1577 2488 daemonis
1605 2430 1735 2484 sub-

152 2543 397 2598 stantiam
430 2538 657 2610 ingredi,
685 2536 856 2591 multo
902 2532 1111 2589 facilius
1142 2531 1195 2584 in
1237 2542 1435 2598 corpus
1463 2539 1620 2581 suum
1651 2524 1736 2577 in-

151 2636 494 2705 grederetur.
525 2631 788 2686 Prazterea
816 2627 937 2697 quis
990 2625 1201 2680 ratione
1231 2619 1487 2692 prmditus
1512 2615 1737 2672 credere

152 2727 314 2796 possit
354 2724 590 2779 animam
646 2720 852 2786 laesam,
896 2731 956 2772 se
994 2715 1204 2771 lmdenti
1240 2710 1482 2768 sociare?
1505 2718 1597 2763 aut
1635 2707 1738 2761 ho-

152 2820 346 2873 minem
378 2829 539 2886 posse
585 2812 692 2867 vim
746 2812 1114 2880 incorpoream
1166 2807 1217 2860 in
1257 2804 1480 2859 alteram
1526 2808 1737 2857 mutare

151 2906 548 2965 substantiam?
574 2906 705 2960 Nam
730 2901 778 2958 si
807 2902 859 2957 in
898 2898 1215 2971 corporibus
1256 2896 1308 2952 id
1338 2894 1453 2951 fieri
1484 2901 1734 2964 nequeat,

154 3020 247 3060 nec
272 3002 542 3075 quispiam
571 2998 738 3069 possit
790 3009 988 3065 corpus
1018 2991 1251 3049 hominis
1293 2989 1345 3044 in
1373 3002 1571 3057 corpus
1598 2984 1735 3040 asini

153 3107 393 3158 mutare;
454 3093 623 3147 multo
676 3090 844 3159 magis
896 3088 951 3141 in
1003 3085 1179 3140 anima
1228 3081 1476 3137 invisibili
1518 3078 1570 3133 id
1619 3076 1738 3132 fieri

154 3190 354 3260 nequit,
383 3201 485 3242 nec
508 3185 627 3257 quis
654 3182 823 3255 possit
856 3181 999 3236 illam
1022 3180 1076 3233 in
1100 3174 1362 3233 dzcniouis
1385 3169 1737 3229 substantiam

158 3290 383 3335 vertere.

218 3373 272 3427 3.
306 3373 507 3425 Anima;-
536 3378 647 3439 post
675 3375 884 3420 mortem
912 3380 1012 3419 non
1042 3362 1124 3417 hic
1152 3368 1354 3415 manent
1374 3400 1390 3426 ,
1421 3357 1508 3413 sed
1550 3357 1602 3409 in
1641 3355 1739 3407 alt-

155 3483 301 3537 quam
328 3464 585 3535 regionem
607 3462 880 3514 ducuntur.
898 3455 1063 3511 Nemo
1086 3465 1157 3509 est
1176 3454 1295 3523 quin
1308 3450 1402 3506 Dei
1429 3449 1741 3520 providentia

158 3564 376 3627 fruatur.
404 3583 478 3594 —
505 3553 689 3622 Itaque
732 3549 1063 3604 anicularum
1102 3545 1370 3601 ebriarum
1421 3542 1536 3596 haec
1576 3539 1741 3594 verba

157 3658 278 3702 sunt
304 3658 357 3701 et
389 3658 678 3715 puerorum
710 3639 977 3696 lerricula.
1010 3636 1194 3706 Neque
1221 3636 1363 3691 enim
1395 3632 1521 3687 licet
1547 3632 1743 3684 animi:

157 3739 319 3795 semel
361 3755 394 3791 a
423 3750 649 3806 corpore
689 3733 942 3802 seiunctae
972 3730 1057 3784 hic
1093 3728 1348 3796 deinceps
1377 3724 1579 3795 vagari.
1608 3721 1740 3775 Nam

158 3833 425 3887 Iutorum
452 3830 638 3883 anima:
656 3829 709 3880 in
739 3841 893 3879 manu
923 3822 1016 3877 Dei
1045 3829 1163 3875 sunt
1193 3819 1347 3891 (Sap.
1372 3818 1426 3871 5.
1464 3815 1551 3885 I);
1590 3813 1637 3870 si
1658 3812 1745 3883 ju-

161 3940 399 3991 storutn,
431 3923 590 3978 etiam
614 3934 828 3991 quoque
860 3932 1148 3988 puerorum
1188 3913 1383 3967 animae
1413 3927 1427 3963 :
1455 3924 1563 3964 non
1597 3907 1743 3989 enim

162 4021 260 4074 illa:
284 4017 441 4072 mala:
465 4024 608 4070 sunt.
633 4014 981 4069 Peccatorum
1007 4018 1184 4062 autem
1206 4006 1398 4059 anima:
1417 4002 1597 4057 statim
1621 4000 1746 4055 hinc

161 4110 518 4164 abducuntur.
564 4105 619 4159 Id
660 4104 832 4175 palam
879 4110 964 4156 est
1005 4114 1071 4153 ex
1116 4096 1319 4152 Lazaro
1359 4102 1415 4149 et
1453 4092 1644 4157 divite;
1691 4098 1747 4147 et

163 4202 284 4255 alibi
322 4197 576 4253 Christus
600 4195 715 4249 ait:
751 4191 916 4247 Hodie
955 4191 1178 4244 animant
1206 4196 1343 4241 tuam
1380 4193 1603 4256 repetent
1641 4198 1673 4236 a
1698 4190 1747 4236 te

164 4293 316 4361 (Luc.
346 4290 433 4345 12.
460 4289 576 4358 20).
608 4286 790 4356 Neque
826 4284 938 4339 fieri
976 4290 1180 4353 potest,
1224 4289 1281 4334 ut
1310 4278 1484 4333 anima
1528 4291 1594 4331 ex
1623 4289 1747 4329 cor-

166 4400 291 4452 pore
308 4396 524 4453 egressa
541 4422 555 4446 ,
586 4379 713 4436 hinc
737 4386 881 4432 erret
905 4385 959 4431 et
980 4382 1232 4444 vagetur;
1255 4384 1430 4440 neque
1450 4367 1502 4423 id
1532 4366 1745 4437 injuria.

166 4478 294 4531 Nam
323 4480 367 4531 si
411 4490 532 4530 cum
582 4474 682 4529 iter
728 4471 949 4526 facimus
990 4470 1041 4523 in
1085 4475 1212 4521 nota
1253 4463 1409 4519 nobis
1433 4470 1487 4516 et
1536 4467 1750 4514 assueta

170 4578 324 4633 terra,
353 4583 475 4622 cum
517 4579 745 4633 corpore
787 4562 964 4617 amicti
1008 4571 1213 4623 sumus,
1251 4569 1372 4610 cum
1413 4551 1751 4622 peregrinam

166 4666 307 4717 viam
345 4663 591 4726 adimus,
620 4658 885 4714 nescimus
928 4670 1031 4726 qua
1080 4652 1309 4708 transire
1341 4656 1601 4716 Oporteat,
1649 4642 1751 4698 nisi

170 4756 355 4809 ducem
384 4754 709 4807 habeamus:
739 4747 1006 4820 quomodo
1026 4746 1200 4799 anima
1218 4758 1283 4797 ex
1300 4753 1525 4809 corpore
1545 4736 1750 4801 avulsa,

173 4847 297 4900 until
333 4845 444 4915 jam
486 4851 759 4897 assuetum
788 4850 841 4894 et
880 4838 1149 4908 cognitum
1192 4833 1423 4895 habens,
1460 4830 1575 4884 sine
1619 4827 1756 4881 duce

168 4946 298 4999 sciet
326 4958 431 5014 quo
458 4942 524 4996 sit
551 4938 827 4995 eundum?
858 4935 1141 5002 Multisque
1163 4928 1282 4985 aliis
1307 4922 1633 4997 argumentis
1655 4920 1755 4976 de-

172 5035 503 5105 prehendere
525 5040 628 5095 est,
660 5044 764 5085 non
797 5042 954 5098 posse
974 5026 1205 5079 animam
1234 5038 1299 5077 ex
1320 5034 1544 5088 corpore
1571 5029 1757 5085 egres-

170 5148 282 5186 sam
312 5131 400 5184 hic
429 5141 669 5183 manere.
727 5124 860 5178 Nam
906 5119 1208 5189 Stephanus
1249 5116 1357 5171 ait:
1394 5112 1609 5183 Suscipe
1647 5111 1757 5177 spi-

172 5234 321 5275 ntum
358 5237 527 5275 meum
558 5217 698 5290 (Act.
728 5217 779 5269 7.
808 5214 938 5285 58);
975 5222 1029 5267 et
1056 5211 1249 5266 Paulus
1268 5249 1282 5273 ,
1315 5206 1537 5261 Dissolvi
1568 5214 1612 5257 et
1641 5217 1757 5256 cum

230 5358 303 5419 (cr)
330 5355 545 5419 Idipsum
563 5352 681 5401 diett
696 5349 1064 5419 Chrysostomus
1086 5353 1221 5394 Hom.
1236 5344 1352 5419 ﬁlde
1375 5350 1560 5417 lauare,
1573 5349 1704 5419 Tom.
1716 5340 1758 5414 l,

172 5404 247 5471 (iii
255 5404 395 5477 .1385,
405 5404 424 5465 Ἰ
432 5419 498 5466 in.
512 5418 563 5473 8,
576 5426 755 5475 nempe
765 5404 1033 5477 secundum
1044 5408 1359 5477 quorumdam
1370 5407 1645 5477 opinionem
1656 5404 1761 5477 ani-

172 5466 270 5533 iis
288 5466 611 5531 morientium
633 5466 876 5524 daimonas
897 5472 1022 5521 fieri.
1049 5466 1141 5520 s'ed
1161 5469 1207 5518 id
1230 5466 1471 5533 ibisolum
1502 5467 1683 5533 dicitur
1697 5466 1763 5515 de

174 5529 393 5603 illaiqui
419 5542 637 5592 violenta
665 5536 1221 5603 giorte_decesseruut:
1259 5530 1477 5603 illudque
1515 5529 1639 5601 forte
1672 5529 1764 5603 hoc

176 5592 444 5656 ctiamloco
463 5592 934 5662 subintelligendum
956 5603 1065 5645 est:
1103 5606 1199 5662 non
1223 5592 1485 5662 verisimile
1511 5592 1641 5641 enim
1664 5598 1760 5651 est,

176 5670 218 5721 id
236 5683 329 5722 eos
343 5672 405 5721 de
422 5664 676 5718 animabus
688 5657 1031 5713 accedentium
1048 5660 1260 5709 omnium
1279 5657 1602 5708 existimasse.

1009 204 1075 262 IN
1112 196 1520 260 MATTIUEUM
1560 191 1792 250 ιῐΟὶιΙῐι.

1836 190 2069 248 xxviii.
2114 196 2162 250 al
2223 173 2389 250 xxv:
3321 202 3424 257 sar.

1849 311 2050 369 Christo
2074 332 2182 370 esse
2204 317 2362 371 multo
2385 317 2564 373 melius
2589 328 2661 374 est
2688 316 2951 393 (Philipp.
2997 323 3050 379 Ι.
3078 324 3193 398 25).
3223 321 3301 381 De
3326 338 3424 396 pa-

1845 407 2074 463 triarcha
2109 425 2320 482 quoque
2358 413 2632 483 Scriptura
2658 413 2786 469 dicit
2816 434 2830 470 :
2866 416 2934 470 Et
2970 420 3236 489 appositus
3260 432 3331 473 est
3359 423 3427 473 ad

1843 509 2012 569 patres
2040 516 2179 569 suos,
2221 513 2481 572 provectus
2507 505 2562 558 in
2588 515 2839 561 senectute
2875 508 3007 562 bona
3045 509 3197 579 (Gen.
3226 511 3317 566 25.
3343 513 3423 581 8).

1841 593 1995 659 Quod
2032 604 2208 649 autem
2255 610 2428 667 neque
2472 608 2810 668 peccatorum
2853 602 3047 658 anima:
3094 605 3302 675 possint
3342 607 3428 660 hic

1844 688 2074 757 versari,
2105 688 2228 744 audi
2254 689 2473 746 divitem
2502 692 2667 747 multa
2697 695 2795 749 hac
2820 694 2889 750 de
2910 711 2968 750 re
2993 706 3291 767 rogantem,
3324 712 3425 753 nec

1844 780 2238 851 impetrantem,
2270 786 2359 855 qui
2393 784 2438 840 si
2481 786 2740 855 potuisset
2768 790 3006 845 venisset
3047 791 3195 859 ipse,
3225 799 3280 845 et
3306 807 3429 861 quae

1844 873 1951 927 illic
1995 874 2184 929 fierent
2225 876 2539 932 nuntiasset.
2589 877 2739 934 Unde
2784 880 2955 949 palam
3002 890 3116 944 est,
3160 876 3287 951 post
3329 882 3425 938 de—

1843 980 2051 1020 cessum
2072 982 2139 1021 ex
2170 966 2267 1023 hac
2295 969 2400 1023 vita
2431 969 2635 1025 animas
2656 970 2708 1025 in
2730 972 3012 1040 quamdam
3036 974 3305 1043 regionem
3327 974 3427 1028 de-

1844 1056 1991 1122 ferri,
2014 1072 2112 1112 nec
2128 1074 2286 1127 posse
2303 1059 2406 1114 huc
2431 1062 2642 1127 reverti,
2672 1062 2765 1116 sed
2790 1062 3079 1117 terribilem
3111 1064 3261 1117 illum
3282 1064 3427 1119 diem

1844 1159 2174 1220 exspectare.
2208 1150 2263 1207 Si
2304 1153 2425 1222 quis
2465 1168 2594 1208 vero
2623 1153 2846 1220 dixerit,
2876 1156 2984 1209 Cur
3025 1156 3073 1208 id
3103 1155 3243 1225 quod
3279 1163 3427 1224 pete-

1842 1246 1970 1301 bant
1997 1247 2268 1303 daemones
2297 1248 2538 1303 Christus
2570 1248 2691 1303 fecit
2710 1290 2724 1313 ,
2750 1263 2870 1303 cum
2899 1248 2951 1303 iu
2991 1264 3271 1319 porcorum
3302 1265 3428 1319 gre-

1842 1355 1961 1411 gem
1995 1341 2138 1410 ipsos
2168 1341 2366 1396 intrare
2392 1342 2666 1411 permisit?
2695 1342 3063 1411 responderim
3096 1358 3215 1412 ego,
3250 1343 3426 1410 ipsum
3483 1313 3494 1325 ’

1844 1448 1948 1486 non
1990 1433 2040 1487 id
2070 1432 2259 1487 fecisse
2288 1433 2340 1487 iu
2382 1434 2604 1502 gratiam
2647 1433 2892 1499 illorum;
2925 1434 3017 1488 sed
3047 1443 3103 1488 ut
3144 1434 3307 1488 multa
3349 1434 3427 1487 sic

1843 1521 2207 1591 dispensaret;
2229 1523 2422 1593 primo,
2446 1523 2734 1579 utdoceret
2761 1539 2855 1579 eos
2884 1525 2972 1594 qui
2999 1540 3028 1579 a
3052 1525 3296 1596 malignis
3323 1525 3423 1578 hu-

1839 1612 2073 1682 jusmodi
2095 1614 2332 1684 tyrannis
2355 1613 2563 1669 liberati
2581 1624 2782 1677 essent,
2805 1625 3057 1684 quantam
3088 1615 3379 1684 perniciem
3405 1616 3422 1645 ί

1843 1705 2096 1761 afferrent
2125 1706 2461 1761 insidiatores
2488 1706 2827 1776 hujusuiodi;
2861 1708 3098 1762 secundo
3119 1749 3134 1773 ,
3165 1719 3223 1762 ut
3249 1709 3426 1763 disce-

1844 1809 1964 1852 rent
2008 1812 2219 1864 omnes,
2262 1797 2535 1852 dmmonas
2577 1814 2643 1851 ne
2673 1798 2886 1867 quidem
2935 1813 3125 1867 porcos
3168 1798 3426 1853 invadere

1845 1903 2024 1958 posse,
2054 1890 2154 1944 nisi
2182 1891 2294 1959 ipse
2325 1891 2656 1960 permiserit;
2691 1891 2850 1945 tertio
2870 1932 2884 1955 ,
2913 1892 3057 1961 ipsos
3096 1891 3339 1961 graviora
3373 1893 3451 1953 in.

1845 1982 2107 2048 homines,
2139 1997 2295 2053 quam
2325 1983 2377 2037 in
2410 1998 2629 2052 porcos,
2667 1992 3066 2053 perpetraturos
3093 1983 3256 2039 fuisse
3279 2025 3292 2047 ,
3323 1985 3427 2039 nisi

1843 2076 1897 2129 in
1945 2075 2247 2129 calamitate
2289 2089 2386 2144 per
2425 2088 2668 2143 magnam
2706 2074 2849 2127 illam
2899 2074 2991 2129 Dei
3039 2075 3425 2143 providentiam

1842 2166 2037 2222 servati
2059 2166 2301 2220 fuissent.
2324 2164 2454 2219 Nam
2478 2166 2617 2234 quod
2640 2166 2808 2235 magis
2827 2180 2923 2220 nos
2944 2180 3101 2235 quam
3131 2167 3281 2222 bruta
3313 2171 3428 2222 ani-

1841 2259 1999 2315 malia
2026 2259 2149 2313 odio
2193 2258 2442 2324 habeant,
2472 2256 2602 2311 nulli
2653 2272 2758 2311 non
2790 2257 3131 2313 manifestum
3173 2270 3275 2314 est.
3325 2238 3427 2315 Ita;

1842 2367 1948 2422 que
1976 2353 2063 2422 qui
2088 2351 2263 2421 porcis
2289 2365 2395 2406 non
2424 2359 2794 2420 pepercerunt,
2822 2360 2877 2404 et
2905 2351 2955 2404 in
2993 2361 3266 2407 momento
3293 2361 3427 2407 tem-

1844 2446 1989 2515 poris
2019 2461 2204 2501 omnes
2251 2445 2682 2515 praecipitarunt,
2711 2442 2879 2498 multo
2926 2444 3095 2515 magis
3124 2443 3428 2499 hominibus

1843 2537 1896 2593 id
1937 2536 2227 2604 fecissent,
2258 2551 2392 2608 quos
2419 2534 2670 2591 tenebant
2708 2535 2759 2589 in
2796 2534 3067 2591 desertum
3098 2518 3428 2591 adducentes

1844 2640 1898 2685 et
1927 2630 2280 2695 abducentes,
2308 2629 2410 2684 nisi
2446 2630 2604 2685 etiam
2651 2628 2703 2683 in
2753 2629 2853 2683 hac
2901 2629 3013 2699 ipsa
3047 2644 3237 2699 magna
3266 2644 3426 2698 quam

1843 2723 2164 2777 exercebant
2192 2721 2495 2792 tyrannide,
2528 2721 2619 2775 Dei
2650 2734 2776 2775 cura
2796 2721 3060 2776 frenasset
3083 2730 3136 2775 et
3156 2722 3425 2776 coercuis—

1843 2824 1946 2881 set,
1974 2830 2041 2870 ne
2071 2813 2450 2883 pet-nieiosiora
2480 2812 2736 2867 facerent.
2770 2811 2898 2866 Inde
2927 2812 3131 2881 liquet,
3158 2812 3426 2867 neminem

1842 2924 1986 2975 esse,
2011 2908 2138 2979 quin
2173 2907 2263 2962 Dei
2292 2905 2623 2976 providentia
2658 2903 2885 2959 fruatur.
2911 2903 3063 2971 Quod
3101 2905 3277 2959 sinon
3312 2922 3428 2960 om-

1843 3016 1940 3056 nes
1972 3016 2076 3055 uno
2102 2999 2400 3070 eodemque
2428 2998 2610 3067 modo,
2642 2998 2744 3052 hoc
2769 3013 2981 3068 quoque
3023 3012 3270 3068 magnum
3302 3012 3428 3068 pro-

1844 3092 2097 3148 videmiae
2125 3106 2295 3162 genus
2322 3099 2423 3146 est.
2469 3090 2600 3145 Nam
2647 3099 2703 3144 ut
2729 3091 2921 3159 cuique
2953 3089 3081 3143 utile
3106 3103 3227 3144 esse
3253 3098 3432 3159 potest

1790 3234 1795 3235 ,
1844 3187 1981 3241 ratio
2008 3185 2353 3255 providentia:
2388 3183 2841 3238 accommodatur.
2885 3181 2965 3237 Ad
2992 3181 3108 3237 hinc
3140 3197 3269 3237 vero
3310 3197 3430 3253 qua:

1844 3280 1984 3335 dicta
2015 3286 2161 3343 sunt,
2193 3278 2334 3331 aliud
2378 3276 2502 3332 inde
2546 3275 2849 3330 discimus:
2890 3274 3032 3345 quod
3077 3274 3281 3330 scilicet
3322 3289 3429 3329 non

1847 3380 2051 3427 tantum
2078 3370 2328 3425 omnibus
2354 3369 2512 3423 simul
2542 3367 2850 3438 provideat,
2880 3365 2973 3420 sed
3006 3366 3166 3421 etiam
3209 3364 3432 3436 singulis

1846 3464 2106 3526 scorsim;
2138 3462 2280 3533 quod
2304 3462 2463 3516 etiam
2486 3458 2762 3528 discipulis
2789 3458 3037 3511 indicavit
3064 3456 3248 3511 dicens
3275 3472 3292 3510 :
3329 3454 3430 3509 Ve-

1845 3562 1939 3616 stri
1967 3558 2143 3629 capilli
2167 3558 2349 3627 capitis
2365 3571 2535 3608 omnes
2556 3552 2804 3607 numerati
2827 3561 2942 3605 sunt
2962 3551 3175 3621 (Matth.
3201 3551 3287 3605 10.
3312 3550 3428 3619 30).

1848 3655 2033 3722 Exque
2071 3648 2417 3705 dasmoniacis
2444 3647 2493 3702 id
2520 3646 2663 3700 clare
2694 3643 2876 3698 videre
2913 3650 3016 3709 est,
3056 3643 3143 3713 qui
3166 3642 3276 3712 jam
3303 3641 3432 3697 olim

1848 3744 2091 3801 suﬂ'ocati
2119 3743 2364 3804 fuissent,
2393 3739 2492 3793 nisi
2520 3752 2729 3792 summe
2757 3746 2977 3791 curante
3008 3735 3117 3789 Deo
3147 3748 3433 3789 servaren-

1851 3847 1957 3893 tur.
1994 3837 2285 3906 Propterea
2324 3830 2567 3903 permisit
2609 3842 2703 3885 eos
2738 3829 2886 3883 abire
2923 3826 2975 3881 in
3004 3840 3217 3897 gregem
3246 3840 3438 3895 porco-

1852 3946 1991 3995 rum,
2023 3941 2079 3984 ut
2107 3928 2195 3998 qui
2219 3926 2492 3995 regionem
2525 3921 2850 3985 incolebant,
2884 3920 3001 3990 ejus
3031 3919 3324 3989 patentiam
3351 3916 3435 3971 dio

1854 4033 2085 4080 scerent.
2112 4022 2212 4077 Ubi
2256 4033 2488 4089 namque
2528 4032 2721 4071 nomen
2764 4016 2932 4084 ipsius
2972 4023 3157 4068 notum
3187 4021 3323 4075 erat,
3362 4011 3436 4066 illi

1853 4132 1960 4171 non
2009 4114 2165 4169 valde
2211 4128 2271 4168 se
2318 4109 2685 4167 ostendebat:
2736 4107 2826 4162 ubi
2880 4121 3008 4161 vero
3052 4118 3211 4160 nemo
3263 4103 3437 4173 ipsum

1857 4216 2098 4270 noverat,
2127 4203 2458 4273 stolidusque
2495 4200 2725 4270 p0pulus
2750 4205 2885 4254 erat.
2913 4197 2982 4251 ibi
3017 4195 3287 4249 miraculis
3326 4208 3441 4247 ma-

1856 4303 1937 4375 gis
1962 4300 2228 4370 fulgebat,
2259 4306 2317 4351 ut
2358 4296 2477 4349 illos
2497 4293 2563 4348 ad
2596 4291 2886 4347 divinitatis
2925 4304 3037 4343 sua:
3075 4287 3436 4357 cognitionem

1858 4395 2213 4469 pertraheret.
2233 4389 2386 4457 Quod
2408 4398 2583 4441 autem
2602 4385 2780 4439 stolidi
2803 4390 2983 4437 essent
3003 4381 3037 4435 ii
3056 4380 3142 4451 qui
3170 4379 3439 4435 civitatem

1859 4490 2004 4546 illam
2036 4484 2362 4547 incolebant,
2391 4498 2452 4536 ex
2483 4480 2547 4534 iis
2572 4494 2689 4549 qua:
2721 4478 2772 4532 in
2798 4476 2901 4531 fine
2927 4484 3073 4545 gesta
3098 4481 3221 4528 sunt
3250 4472 3439 4542 liquet.

1860 4582 1994 4639 Cum
2025 4578 2353 4651 oportuisset
2382 4574 2525 4630 enim
2552 4571 2697 4626 illum
2726 4568 2971 4635 adorare,
2999 4565 3223 4636 ejusque
3253 4574 3445 4634 poten-

1860 4677 1987 4732 tiam
2011 4673 2213 4738 mirari,
2244 4669 2390 4725 illum
2411 4666 2739 4737 repulerunt,
2763 4673 2815 4717 et
2832 4667 3085 4732 rogarunt
3106 4657 3394 4713 abscedere
3415 4671 3445 4711 ει

1863 4769 2059 4824 finibus
2104 4765 2234 4821 suis.
2265 4762 2373 4818 Sed
2419 4777 2513 4815 cur
2557 4759 2828 4813 daemones
2873 4768 3063 4825 porcos
3098 4750 3450 4806 occiderunt?

1863 4864 2089 4933 Semper
2118 4860 2391 4916 daemones
2422 4856 2472 4910 id
2501 4861 2691 4910 curant
2713 4859 2769 4905 ut
2797 4848 3043 4904 homines
3073 4848 3126 4900 in
3158 4857 3445 4899 maerorem

1864 4955 2189 5027 conjiciant,
2221 4962 2539 5019 semperque
2565 4945 2632 5000 de
2672 4944 2880 4998 illorum
2927 4938 3164 5010 pernicie
3194 4935 3444 5007 gaudent.

1866 5025 1981 5103 Hoc
2009 5047 2135 5100 item
2164 5042 2299 5098 Jobo
2323 5039 2567 5095 diabolus
2598 5035 2743 5099 fecit,
2774 5037 2894 5103 quia
2931 5031 2999 5084 ibi
3030 5029 3189 5083 etiam
3226 5025 3276 5081 id
3308 5025 3449 5079 Deus

1867 5135 2115 5210 permisit
2141 5151 2155 5187 :
2178 5147 2364 5188 verum
2395 5144 2567 5199 neque
2597 5127 2669 5181 ibi
2690 5124 2901 5180 diabolo
2922 5118 3331 5187 obtemperavit,
3355 5115 3451 5170 sed

1870 5209 2014 5301 quod
2056 5225 2310 5281 famulum
2341 5237 2496 5276 suum
2536 5218 2698 5274 vellet
2724 5213 3142 5286 Splendidiorem
3185 5209 3449 5273 reddere,

1871 5320 2209 5387 daemonique
2254 5329 2470 5371 omnem
2510 5308 2851 5380 impudentia
2897 5318 3081 5359 ansam
3136 5302 3450 5374 praecidere,

1871 5425 2030 5487 atque
2057 5429 2153 5469 sua
2183 5411 2234 5465 in
2270 5408 2470 5479 justum
2514 5404 2742 5458 facinora
2783 5402 2835 5456 in
2875 5407 3034 5469 caput
3078 5397 3244 5468 ipsius
3282 5406 3455 5450 retor-

1872 5525 2056 5583 quere.
2083 5509 2148 5563 Et
2163 5520 2303 5561 nunc
2325 5517 2535 5575 quoque
2555 5507 2738 5555 contra
2759 5495 2973 5565 accidit,
2993 5507 3155 5565 quam
3183 5490 3467 5547 daemones

1944 5653 1958 5682 '
1996 5648 2106 5703 Alii,
2125 5648 2352 5708 quantum
2376 5637 2569 5689 rabiam
