3868 6182
435 323 706 379 volebant.
732 319 863 375 Nam
882 314 1080 375 Christi
1108 315 1342 386 potentia
1367 312 1565 369 clarius
1595 309 2007 381 praedicabatur,

432 429 499 471 ac
536 411 773 484 nequitia
801 409 1107 466 daemonum
1127 446 1143 472 ,
1172 419 1247 463 ex
1275 418 1380 476 qua
1406 403 1497 459 ille
1539 402 1682 458 eruit
1717 414 1907 456 omnes
1930 397 2023 469 qui

434 508 505 563 ab
521 506 653 580 ipsis
671 503 1072 569 detinebantur,
1089 500 1423 556 manifestius
1438 496 1705 568 apparuit,
1732 504 2024 565 notumque

438 598 560 666 fuit,
594 598 716 654 illos
761 610 831 653 ne
878 594 932 651 in
960 606 1157 667 porcos
1191 591 1406 663 quidem
1438 588 1639 644 habere
1678 594 2023 659 potestatem,

436 692 539 748 nisi
568 687 948 761 id~permiserit
970 685 1341 742 universorum
1366 681 1524 736 Deus.

507 784 563 838 4.
596 781 881 837 Parcarum
923 777 1125 832 diabolo
1154 774 1460 829 traditarum
1494 769 1707 826 historia
1746 768 2026 841 anagogice

372 880 377 885 ’
437 866 741 945 explicatur.
768 870 1054 940 Descriptio
1075 868 1250 924 lascivi
1268 876 1315 920 et
1340 866 1501 920 arari.
1524 895 1595 906 —
1615 864 1671 921 Si
1700 863 1821 934 quis
1845 873 2024 918 autem

441 968 557 1022 lucc
581 965 873 1037 anagogice
896 964 1025 1019 velit
1045 962 1314 1030 accipere,
1347 959 1399 1014 id
1430 959 1614 1027 utique
1644 957 1791 1022 licet,
1817 955 1911 1012 sed
1939 953 2022 1010 hi-

439 1062 606 1117 storia
630 1061 708 1115 sic
737 1060 917 1114 habet.
946 1055 1237 1112 Sciendum
1269 1068 1431 1124 porro
1458 1060 1542 1107 est
1567 1050 1812 1105 homines
1836 1062 2027 1120 porco—

379 1173 382 1176 ’
438 1171 556 1209 rum
599 1153 768 1207 instar
806 1151 1067 1213 viventes,
1098 1146 1434 1203 daemonibus
1473 1157 1595 1200 esse
1622 1150 1778 1213 captu
1818 1140 2024 1196 faciles.

437 1248 539 1316 Qui
580 1254 756 1301 autem
797 1243 912 1299 hare
949 1243 1248 1315 patiuntur,
1277 1239 1521 1294 homines
1549 1253 1671 1294 cum
1711 1236 1852 1301 sint,
1882 1248 2029 1304 saepe

444 1346 671 1410 possunt
700 1338 819 1392 illos
838 1350 1130 1406 superare;
1160 1333 1207 1390 si
1228 1346 1359 1387 vero
1387 1329 1532 1400 porci
1561 1328 1781 1388 omnino
1807 1324 2027 1393 fuerint,

440 1444 546 1484 non
575 1428 735 1484 modo
760 1443 789 1481 a
817 1424 1149 1489 daemonibus
1175 1422 1531 1493 exagitantur,
1558 1418 1654 1474 sed
1677 1418 1838 1473 etiam
1884 1431 2028 1486 pra:-

440 1521 749 1589 cipitantur.
779 1518 1113 1586 lnsuperque
1156 1528 1224 1568 ne
1262 1512 1381 1583 quis
1418 1510 1522 1565 hoc
1548 1524 1662 1564 rem
1703 1521 1824 1563 esse
1853 1505 2029 1562 fictam

440 1621 689 1682 putaret,
717 1609 813 1664 sed
840 1608 1065 1678 quisque
1096 1604 1344 1659 crederet
1379 1600 1658 1657 daemones
1714 1598 1731 1629 ¹
1760 1612 1885 1652 vere
1931 1611 2031 1650 ex-

443 1705 637 1767 ivisse,
669 1717 735 1757 ex
781 1714 1063 1771 porcorum
1111 1706 1284 1752 morte
1319 1694 1372 1749 id
1403 1689 1744 1747 manifestum
1783 1687 2031 1745 efficitur.

443 1797 539 1852 llic
560 1811 690 1852 vero
737 1793 1010 1865 perpende
1051 1791 1168 1862 ejus
1205 1787 1676 1845 mansuetudinem
1720 1799 1846 1839 cum
1876 1792 2032 1854 pote-

440 1899 579 1946 state
607 1889 970 1957 conjunctam.
1004 1884 1140 1957 Cum
1171 1882 1313 1939 enim
1342 1880 1576 1952 regiunis
1603 1878 1793 1935 incolae
1815 1919 1830 1944 ,
1866 1886 1943 1932 tot
1967 1876 2035 1932 ab

444 1998 512 2037 eo
554 1980 791 2051 acceptis
819 1977 1114 2040 beneflciis,
1162 1975 1308 2030 illum
1356 1972 1424 2028 ab
1450 1986 1509 2027 se
1550 1969 1829 2025 discedere
1871 1982 2026 2038 coge-

446 2084 588 2140 rent,
619 2089 727 2128 non
772 2072 988 2135 restitit,
1034 2068 1128 2124 sed
1162 2068 1443 2134 discessit,
1474 2078 1679 2134 eosque
1715 2062 1807 2133 qui
1850 2076 1909 2117 se
1934 2060 2036 2116 do-

445 2167 618 2222 ctrina
645 2165 811 2238 ipsius
838 2162 1083 2234 indignos
1111 2160 1489 2223 declarabant,
1520 2156 1756 2227 reliquit,
1786 2155 2039 2210 doctores

451 2258 734 2327 assignans
755 2256 860 2311 illis
876 2268 993 2321 eos,
1021 2253 1111 2325 qui
1143 2268 1172 2307 a
1201 2250 1536 2307 daemonibus
1563 2247 1773 2302 liberati
1805 2244 2038 2310 fuerant,

448 2367 656 2408 necnon
685 2349 960 2414 subulcos,
991 2361 1023 2402 a
1052 2346 1246 2416 quibus
1273 2355 1625 2414 quaecumque
1650 2348 1799 2411 gesta
1831 2337 2043 2397 fuerant

452 2443 695 2498 ediscere
723 2449 969 2511 poterant
994 2456 1008 2492 :
1040 2436 1301 2493 recedens
1328 2448 1489 2504 porro
1510 2434 1780 2502 ingentem
1812 2428 1944 2500 ipsis
1969 2428 2041 2483 ti-

452 2551 657 2592 morem
686 2534 919 2604 reliquit.
950 2530 1140 2587 Damni
1190 2528 1387 2598 quippe
1417 2523 1727 2597 magnitudo
1768 2522 1845 2578 rei
1874 2529 2042 2593 gesta:

452 2630 648 2684 famam
677 2625 983 2697 evulgabat,
1003 2636 1199 2693 resque
1219 2628 1364 2675 tanta
1382 2617 1617 2689 ipsorum
1643 2613 1853 2670 animos
1873 2614 1893 2644 ²
1913 2626 2041 2684 per-

448 2724 675 2777 culerat.
719 2718 969 2788 Undique
1010 2728 1255 2773 rumores
1301 2710 1698 2772 atterebantur,
1727 2707 1846 2763 hrec
1890 2713 2044 2777 gesta

449 2810 713 2882 stupenda
735 2808 1108 2881 prmdicantes,
1124 2804 1276 2859 abiis
1296 2803 1385 2874 qui
1406 2802 1575 2857 curati
1597 2799 1830 2865 fuerant,
1853 2811 1883 2851 a
1907 2811 2045 2868 prae-

450 2901 684 2973 cipitatis
713 2900 908 2971 porcis,
936 2913 967 2953 a
994 2909 1283 2967 parcorum
1311 2892 1563 2957 dominis,
1591 2907 1620 2945 a
1637 2888 1894 2945 subulcis.
1919 2887 2047 2942 Haec

452 3009 615 3066 porro
633 3008 773 3047 nunc
787 2991 949 3047 etiam
968 2989 1152 3044 videre
1168 2994 1270 3053 est,
1288 2985 1485 3041 multos
1503 2984 1555 3038 in
1571 2980 1830 3052 sepulcris
1846 2979 2048 3034 daemo-

454 3088 810 3156 niacos,quos
832 3082 963 3138 nihil
980 3080 1269 3136 abinsania
1301 3076 1661 3142 eohibet,non
1695 3072 2047 3140 ferrum,nou

453 3191 662 3245 catena,
700 3194 807 3234 non
843 3173 1127 3234 multitudo
1168 3172 1467 3235 hominum,
1514 3183 1620 3222 non
1667 3165 1888 3232 monita,
1935 3180 2043 3220 non

462 3287 660 3337 terror.
690 3287 796 3327 non
826 3270 1017 3335 minte,
1046 3282 1154 3323 non
1183 3265 1309 3338 quid
1349 3262 1544 3319 simile.
1577 3260 1709 3316 Cum
1753 3262 1871 3331 quis
1902 3260 2047 3315 enim

454 3369 689 3425 lascivus
723 3377 1011 3435 corporum
1043 3360 1215 3416 forma
1255 3358 1485 3429 capitur,
1521 3356 1653 3411 nihil
1676 3355 1854 3411 differt
1874 3369 1903 3409 a
1934 3353 2049 3408 dae-

455 3459 706 3521 moniaco
735 3476 749 3511 :
777 3455 873 3511 sed
903 3453 1079 3509 nudus
1105 3461 1164 3506 ut
1191 3450 1280 3505 ille
1311 3451 1761 3517 eireumvagatur,
1804 3446 2049 3500 vestibus

454 3553 671 3625 quidem
702 3548 949 3614 indutus,
979 3543 1076 3601 sed
1102 3557 1231 3599 vero
1258 3542 1456 3596 amictu
1490 3540 1768 3610 spoliatus,
1797 3545 1853 3592 et
1875 3536 2047 3608 gloria

455 3645 558 3700 sibi
584 3641 761 3699 debita
790 3638 1059 3705 nudatus,
1101 3651 1209 3690 non
1254 3633 1669 3705 lapidibusbsese
1711 3630 2044 3701 percutiens,

456 3738 553 3794 sed
583 3735 817 3808 peccatis
838 3731 1015 3803 lapide
1035 3731 1194 3801 longe
1214 3726 1538 3783 durioribus.
1565 3724 1696 3794 Quis
1724 3723 1885 3794 igitur
1910 3723 2052 3777 hunc

459 3829 730 3883 hominem
750 3825 917 3896 ligare
939 3821 1135 3891 poterit
1155 3817 1473 3891 sedat-eque,
1496 3824 1606 3871 tam
1632 3815 1863 3885 turpiter
1887 3828 2050 3884 agen-

460 3930 593 3984 tem,
619 3917 971 3990 petulantem,
995 3926 1287 3982 numquam
1317 3909 1399 3965 sui
1429 3916 1760 3978 compotem,
1784 3907 1879 3965 sed
1910 3922 2053 3962 scm-

460 4028 558 4083 per
592 4010 840 4081 sepulcra
882 4005 1205 4063 adeuntem?
1230 4003 1379 4061 Talia
1410 4003 1607 4074 quippe
1636 4012 1762 4077 sunt
1810 3999 2053 4056 meretri-

460 4120 583 4160 cum
614 4100 907 4158 diversoria
939 4098 1110 4154 multo
1134 4095 1326 4155 faetore
1354 4096 1527 4169 plena,
1550 4095 1717 4155 multa
1746 4092 2052 4164 putredine.

461 4195 599 4265 Quid
621 4193 689 4249 de
716 4206 878 4249 avaro
904 4189 1185 4246 dicamus?
1209 4202 1387 4244 nonne
1407 4195 1463 4243 et
1494 4186 1612 4257 ipse
1641 4187 1764 4242 talis
1791 4184 1909 4241 θειῖ
1933 4183 2053 4254 quis

463 4304 587 4342 eum
614 4285 779 4357 ligare
797 4297 1050 4354 umquam
1070 4279 1301 4352 poterit?
1321 4278 1432 4335 Non
1461 4288 1717 4343 terrores,
1736 4292 1844 4332 non
1869 4276 2051 4343 minae,

466 4394 573 4434 non
612 4377 837 4440 monita,
870 4390 977 4431 non
1008 4372 1232 4432 consilia
1254 4369 1330 4444 (a)
1357 4388 1371 4425 :
1394 4384 1579 4426 verum
1606 4370 1720 4449 haec
1746 4369 1923 4424 omnia
1963 4367 2055 4424 ille

466 4469 677 4524 vincula
722 4468 959 4538 rumpit:
988 4475 1043 4521 et
1069 4465 1114 4522 si
1141 4463 1260 4535 quis
1290 4463 1560 4519 soluturus
1587 4477 1619 4516 a
1647 4462 1875 4518 vinculis
1896 4475 2053 4517 acce-

469 4559 598 4623 dat,
625 4559 836 4627 adjurat
863 4573 987 4613 eum
1016 4572 1084 4613 ne
1126 4556 1396 4619 solvatur,
1426 4554 1719 4610 cruciatum
1764 4554 2054 4619 maximum

469 4651 785 4709 existimans
810 4667 915 4706 non
941 4665 1063 4707 esse
1092 4650 1144 4704 in
1171 4650 1410 4704 cruciatu
1437 4664 1451 4701 :
1478 4663 1585 4718 quo
1614 4647 1741 4717 quid
1772 4646 2055 4702 miserabi-

470 4746 572 4802 lius
590 4743 833 4800 dicatur?
863 4742 954 4798 Ille
982 4756 1213 4811 namque
1237 4740 1469 4807 dtemon,
1487 4739 1587 4794 etsi
1610 4738 1854 4817 homines
1881 4738 2059 4813 despi-

469 4846 639 4901 ceret,
663 4846 718 4891 at
745 4834 941 4891 Christi
978 4833 1149 4904 jussui
1176 4833 1357 4897 cessit,
1387 4841 1441 4887 et
1479 4831 1588 4885 cito
1616 4845 1647 4885 a
1684 4845 1909 4901 corpore
1934 4831 2059 4887 abs-

382 4970 385 4971 ν
467 4931 663 4995 cessit;
696 4928 785 4984 hic
812 4940 939 4983 vero
980 4940 1086 4980 non
1120 4922 1262 4980 cedit
1293 4931 1580 4994 prmeepto.
1608 4921 1737 4976 Nam
1773 4922 1894 4978 licet
1918 4937 2056 4993 quo-

472 5021 604 5077 tidie
631 5018 813 5075 audiat
843 5017 989 5072 illum
1017 5015 1323 5077 dicentem,
1350 5012 1474 5068 Non
1505 5014 1707 5084 potestis
1740 5013 1843 5067 Dea
1872 4996 2058 5071 servire

471 5126 519 5168 et
548 5127 796 5166 mamonae
818 5110 1033 5181 (Matth.
1058 5107 1109 5164 6.
1127 5108 1245 5178 25),
1268 5107 1367 5162 etsi
1389 5105 1687 5177 gehennam
1704 5106 2059 5163 comminetur

474 5216 530 5260 et
549 5204 899 5261 intolerabilia
930 5202 1213 5273 supplicia,
1240 5216 1345 5256 non
1367 5200 1701 5269 obtemperat
1727 5208 1927 5266 tamen,
1950 5216 2057 5256 non

477 5295 619 5364 quod
648 5294 866 5351 Christo
892 5295 964 5350 sit
995 5293 1204 5357 fortior,
1250 5292 1343 5348 sed
1370 5292 1512 5363 quod
1542 5290 1787 5347 Christus
1815 5306 1912 5347 nos
1950 5308 2059 5363 non

476 5374 671 5442 invitus
699 5386 765 5440 ad
793 5386 1219 5457 r‘esipiscentiam
1247 5384 1426 5440 ducat.
1464 5368 1693 5454 Ideoque
1721 5384 1795 5439 illi
1822 5372 1972 5455 quasi
2006 5385 2059 5441 in

540 5547 556 5578 ¹
598 5544 684 5594 Alii
703 5543 895 5608 legunt,
918 5544 1200 5608 (imitantem,

542 5610 562 5639 ¹
596 5605 777 5669 Aliqui,
797 5605 1132 5669 ignorantiam.

545 5670 616 5733 (tt)
646 5665 703 5720 hi
718 5665 880 5721 Graio
903 5668 980 5717 hic
1002 5670 1192 5730 ponitur
1228 5665 1425 5731 signum
1465 5666 1870 5732 httcrrogattouis.

1212 198 1276 257 S.
1313 195 1592 257 JOANNlS
1625 192 2042 252 CllRYSOSTOl

2152 197 2455 262 \RClllliP.
2489 202 3023 267 CUNSTANTINUP.

3588 234 3681 293 356

2132 311 2365 368 desertis
2410 326 2708 385 versantur,
2750 323 2960 379 etiamsi
2990 326 3043 381 in
3082 330 3275 385 mediis
3318 335 3420 391 sint
3465 342 3681 401 urbibus.

2133 404 2434 499 Quisenim
2479 422 2659 467 mente
2686 415 2873 472 valens
2918 421 3085 488 possit
3110 437 3231 479 cum
3274 426 3561 499 huiusmodi
3596 442 3684 496 ho-

2135 495 2368 553 minibus
2394 502 2637 556 versari?
2665 503 2874 561 Mallem
2903 520 3050 566 certe
3072 527 3193 569 cum
3224 495 3485 578 sexcentis
3510 526 3688 585 dzcmo-

2134 589 2305 645 niacis
2332 589 2604 659 habitare,
2634 610 2794 665 quam
2835 614 2956 654 cum
2984 619 3089 656 uno
3121 608 3221 662 hoc
3250 608 3521 671 laborante
3564 636 3691 676 mor-

2134 679 2244 773 bo:
2275 683 2526 754 quodque
2563 687 2638 742 ita
2667 690 2890 758 loquens
2921 709 3026 748 non
3056 698 3298 754 aberrem
3319 745 3335 766 ,
3368 706 3608 773 probatur
3635 721 3725 773 ext

2294 739 2306 752 _
2440 739 2452 754 _
2506 739 2516 740 κ
2566 739 2577 741 -
2612 739 2637 742 η
2667 739 2806 758 -.ν-,κὴ
2830 739 2889 745 --..
2921 739 3025 748 .--›.-
3056 739 3298 754 ...ιι-,ωι-
3319 745 3335 766 ,
3406 739 3606 764 iuuatur
3635 739 3687 767 cx

2135 770 2201 827 iis
2230 789 2350 844 qua:
2376 779 2589 848 utrique
2615 782 2907 849 patiuntur.
2940 786 3003 841 Hi
3033 804 3263 867 namque
3288 739 3406 850 cur:
3430 800 3516 867 qui
3539 817 3593 857 se
3620 739 3721 867 niai

2137 867 2214 923 hil
2244 868 2402 935 laesit,
2433 871 2704 929 inimicum
2743 876 2844 932 sibi
2883 889 3089 947 putant,
3120 860 3412 957 volantque
3447 860 3569 947 cum
3614 862 3714 965 (Ῐηὶε

2140 960 2277 1017 liber
2303 972 2387 1018 est
2434 980 2649 1021 servum
2694 985 2847 1024 suum
2876 986 3016 1037 esse,
3042 976 3180 1030 utin
3224 980 3377 1035 malis
3424 960 3696 1045 innumeris

2134 1047 2460 1142 involvam;
2527 1055 2842 1115 daemoniaci
2922 1079 3049 1119 vero
3108 1069 3243 1123 nihil
3312 1074 3416 1128 tale
3469 1074 3689 1142 faciunt,

2132 1140 2230 1196 sed
2283 1144 2534 1200 morbum
2586 1146 2641 1201 in
2696 1164 2755 1205 se
2804 1152 3041 1209 retinent
3084 1157 3123 1210 ⁸.
3188 1158 3267 1214 Illi
3323 1166 3522 1220 multas
3572 1140 3690 1223 sub;

2134 1243 2351 1291 vertunt
2392 1236 2605 1303 domos,
2638 1237 2799 1308 idque
2826 1252 3109 1311 peragunt,
3145 1254 3202 1299 ut
3228 1261 3421 1300 nomen
3474 1250 3564 1304 Dei
3604 1253 3700 1306 hla-

2136 1326 2481 1397 sphemetur,
2510 1345 2574 1384 ac
2620 1331 2887 1400 pernicies
2915 1344 3041 1387 sunt
3079 1344 3134 1390 et
3160 1336 3306 1391 urbis
3342 1346 3396 1392 et
3434 1340 3573 1396 orbis
3596 1343 3702 1397 uni.

2137 1420 2279 1475 versi
2305 1412 2406 1485 ;'hi
2430 1436 2560 1476 vero
2587 1438 2617 1475 a
2648 1423 2982 1479 dmmonibus
3004 1428 3277 1497 exagitati,
3306 1430 3637 1489 miseratione
3655 1447 3703 1490 et

2140 1511 2394 1584 laerymis
2415 1512 2562 1585 digni
2597 1523 2741 1570 sunt.
2777 1515 2839 1570 lli
2880 1526 3030 1573 certe
3071 1520 3188 1575 sine
3218 1520 3329 1577 ullo
3365 1536 3526 1579 sensu
3553 1527 3701 1581 multa

2140 1600 2337 1659 faciunt
2362 1619 2376 1669 ;
2408 1604 2483 1659 illi
2513 1606 2723 1661 ratione
2750 1607 2958 1678 praediti
2990 1610 3311 1682 impingunt,
3332 1615 3386 1668 in
3414 1617 3600 1672 mediis
3623 1635 3704 1673 ur-

2140 1695 2296 1751 bibus
2322 1696 2735 1765 debacchantes,
2764 1709 2819 1755 et
2840 1717 2979 1755 novo
2998 1703 3229 1772 quodam
3264 1706 3441 1763 furore
3470 1713 3704 1781 correpti.

2140 1785 2277 1854 Quid
2308 1788 2450 1843 enim
2485 1790 2591 1845 tale
2619 1790 2821 1846 faciunt
2846 1793 3160 1850 ἀπαιοηίθεί
3190 1813 3379 1853 omnes
3400 1839 3415 1863 ,
3445 1803 3598 1870 quale
3620 1818 3707 1858 au-

2142 1890 2237 1932 sus
2284 1886 2369 1934 est
2418 1878 2619 1946 Judas,
2676 1892 2973 1939 extremam
3025 1900 3310 1957 aggressus
3357 1891 3708 1962 iniquitatem?

2141 1966 2303 2025 Certe
2328 1985 2519 2026 omnes
2547 1973 2636 2041 qui
2661 1974 2808 2029 illum
2832 1976 3128 2044 imitantur,
3151 1989 3279 2034 sunt
3301 1983 3458 2051 quasi
3484 1984 3606 2040 ferae
3626 1988 3709 2040 im-

2145 2077 2333 2118 manes
2374 2079 2443 2119 ex
2485 2066 2793 2121 carceribus
2831 2069 3048 2139 elapsae,
3097 2072 3345 2129 civitates
3393 2078 3721 2145 perturbant,

2145 2155 2363 2211 nemine
2388 2156 2693 2213 cohibente.
2732 2158 2797 2213 lli
2826 2170 3013 2217 tamen
3048 2152 3275 2219 vinculis
3317 2168 3553 2238 undique
3590 2185 3708 2225 con-

2147 2250 2501 2319 stringuntur,
2525 2252 2700 2321 qualia
2728 2261 2872 2318 sunt,
2902 2254 3141 2323 judicum
3166 2266 3355 2324 terror,
3389 2260 3559 2331 legum
3584 2276 3713 2317 com-

2148 2342 2492 2406 minationes.
2520 2345 2661 2416 vulgi
2688 2347 2995 2416 maledicta,
3027 2360 3079 2404 et
3103 2349 3206 2404 alia
3236 2352 3461 2420 plurima
3488 2372 3503 2421 ;
3536 2356 3615 2410 his
3640 2366 3711 2412 ta-

2149 2450 2273 2489 men
2314 2435 2391 2490 illi
2417 2435 2650 2508 diruptis
2672 2439 2851 2493 omnia
2897 2455 2989 2495 sus
3013 2440 3189 2511 deque
3216 2454 3459 2500 vertunt.
3490 2447 3636 2516 Quod
3673 2451 3712 2503 si

2147 2528 2270 2599 quis
2301 2529 2416 2584 luce
2453 2531 2661 2585 vincula
2702 2531 2965 2601 auferret,
2998 2534 3043 2589 is
3085 2535 3387 2591 daemonem
3415 2539 3533 2593 illos
3571 2554 3714 2595 oecu-

2150 2632 2368 2693 pantem
2395 2623 2540 2679 clare
2568 2636 2951 2695 cognosceret,
2983 2628 3073 2698 qui
3104 2638 3252 2684 certe
3281 2632 3454 2686 multo
3479 2642 3533 2688 et
3558 2634 3718 2689 acrior

2126 2723 2205 2793 et
2230 2714 2460 2770 ferocior
2482 2725 2567 2771 est
2591 2732 2657 2773 eo
2680 2718 2768 2787 qui
2791 2733 2936 2774 nunc
2963 2733 3213 2789 egressus
3235 2732 3504 2780 narratur.

2220 2809 2274 2865 5.
2304 2808 2503 2865 Verum
2531 2811 2654 2881 quia
2696 2810 2751 2866 id
2778 2813 2894 2867 fieri
2921 2814 3128 2884 nequit,
3158 2816 3327 2871 verbo
3357 2825 3537 2874 tamen
3583 2830 3720 2876 tenus

2152 2900 2253 2956 ista
2275 2900 2555 2972 fingamus,
2579 2910 2635 2959 et
2656 2911 2874 2959 catenas
2890 2905 3008 2975 ejus
3033 2920 3222 2961 omnes
3248 2908 3587 2977 auferamus;
3612 2920 3721 2967 tunc

2151 2991 2269 3061 ejus
2299 2991 2537 3049 furorem
2553 2994 2755 3065 liquido
2776 2996 3029 3053 sciemus.
3056 3001 3126 3053 At
3154 2997 3321 3054 feram
3346 3015 3376 3055 a
3400 3002 3553 3057 nobis
3576 3002 3725 3057 nudae

2156 3095 2263 3140 tam
2295 3101 2362 3141 ne
2386 3084 2686 3143 formidetis
2711 3105 2726 3141 :
2757 3088 2810 3143 in
2836 3089 3004 3145 verba
3031 3104 3262 3162 namque
3288 3101 3400 3146 tota
3427 3107 3585 3149 scena
3608 3108 3724 3149 con-

2154 3176 2316 3244 sistit,
2350 3185 2527 3248 ncque'
2556 3178 2608 3233 in
2631 3180 2714 3235 rei
2740 3181 2966 3235 veritate
2997 3179 3237 3252 idipsum
3257 3184 3634 3253 conspicimus.
3654 3185 3720 3240 Sit

2155 3268 2332 3339 itaque
2362 3267 2526 3325 homo
2552 3271 2839 3341 quispiam,
2870 3273 3045 3343 ignem
3070 3274 3139 3328 ab
3160 3274 3330 3330 oculis
3357 3277 3630 3342 emittens,
3653 3278 3725 3333 nio

2152 3376 2270 3432 ger,
2298 3362 2387 3432 qui
2420 3362 2476 3416 in
2503 3363 2990 3434 utroque-lutmero
3012 3366 3277 3423 dracones
3302 3370 3596 3439 pendentes
3617 3372 3723 3427 loco

2157 3456 2497 3512 brachiorum
2512 3456 2708 3513 habeat
2725 3475 2740 3524 ;
2767 3473 2829 3513 os
2844 3459 3038 3515 habeat
3060 3461 3112 3516 in
3129 3475 3237 3532 quo
3255 3477 3353 3533 pro
3366 3463 3616 3521 dentibus
3628 3466 3727 3536 gla-

2155 3550 2227 3605 dii
2248 3551 2355 3605 sint
2372 3550 2539 3617 infixi,
2558 3566 2656 3622 pro
2679 3552 2858 3623 lingua
2878 3552 3001 3609 fons
3014 3556 3160 3610 virus
3180 3569 3562 3629 venenumque
3583 3560 3727 3614 emit-

2157 3653 2276 3699 tens
2296 3661 2310 3709 ;
2334 3653 2522 3699 venter
2534 3644 2650 3715 ejus
2668 3646 2814 3701 omni
2832 3646 3047 3703 fornace
3064 3648 3404 3715 sitvoracior,
3426 3665 3547 3721 qua:
3565 3651 3727 3706 omnia

2158 3738 2353 3808 injecta
2378 3738 2669 3810 deglutiat;
2692 3738 2857 3810 pedes
2871 3741 2969 3796 alis
2988 3741 3231 3798 instructi
3250 3752 3303 3798 et
3322 3742 3537 3799 ﬂamma
3559 3747 3728 3816 quavis

2157 3829 2620 3897 vehementiores;
2644 3832 2821 3887 vultus
2841 3831 2957 3899 ejus
2973 3833 3123 3888 canis
3149 3840 3203 3889 et
3217 3833 3325 3905 lupi
3351 3836 3583 3905 speciem
3615 3835 3729 3892 refe-

2158 3930 2276 3984 rat;
2308 3938 2413 3976 nm
2444 3921 2726 3977 humanam
2749 3938 2932 3978 vocem
2959 3924 3197 3991 emittat,
3230 3925 3324 3981 sed
3359 3927 3492 3997 quid
3510 3927 3735 3992 insuave,

2160 4014 2523 4083 injucundum,
2544 4016 2779 4071 terribile
2804 4033 2815 4068 :
2840 4016 2890 4069 in
2908 4016 3255 4088 manibusque
3272 4017 3516 4074 flammas
3534 4018 3727 4072 habeat.

2160 4106 2434 4163 Horrenda
2476 4105 2654 4163 forsan
2686 4108 2836 4163 vobis
2878 4109 2993 4164 lure
3027 4108 3342 4174 videantur;
3373 4110 3469 4165 sed
3511 4112 3731 4166 nondum

2159 4197 2306 4253 illum
2347 4198 2421 4253 uti
2450 4213 2547 4268 par
2574 4207 2690 4255 erat
2718 4199 3055 4269 depinximus
3087 4216 3102 4253 :
3136 4201 3218 4255 his
3247 4202 3444 4271 quippe
3480 4203 3581 4259 alia
3622 4213 3734 4258 sunt

2158 4290 2421 4347 addenda.
2453 4292 2650 4346 Obvios
2675 4306 2914 4362 quosque
2948 4291 3149 4363 jugulet
3173 4306 3235 4347 ac
3262 4293 3484 4349 devoret
3511 4338 3528 4363 ,
3559 4311 3734 4350 carnes

2161 4384 2378 4440 laceret.
2405 4384 2517 4439 lloc
2541 4392 2784 4439 monstro
2806 4383 3040 4440 deterior
3059 4393 3141 4439 est
3159 4399 3372 4449 avarus,
3399 4387 3552 4457 quasi
3579 4386 3733 4441 infer-

2160 4488 2261 4534 nus
2286 4493 2472 4533 omnes
2504 4476 2723 4544 invadit,
2749 4491 2939 4532 omnes
2956 4478 2977 4506 ‘
3007 4477 3289 4543 devorans,
3321 4482 3621 4535 communis
3645 4480 3733 4535 hu-

2160 4572 2303 4627 mani
2342 4570 2555 4641 generis
2595 4569 2765 4625 hostis
2789 4569 3130 4625 circumiens.
3164 4570 3377 4626 Nullum
3414 4575 3611 4645 quippe
3636 4575 3736 4625 vult

2160 4674 2444 4734 superesse
2472 4661 2740 4717 hominem
2765 4702 2782 4727 ,
2819 4668 2877 4714 ut
2912 4661 3088 4714 omnia
3133 4662 3419 4730 possideat.
3452 4663 3634 4734 Neque
3662 4664 3737 4717 hic

2163 4767 2342 4813 tamen
2368 4754 2505 4810 sistit
2531 4752 2751 4826 gradum
2776 4794 2791 4819 ,
2823 4752 2917 4809 sed
2946 4762 3224 4823 postquam
3252 4768 3440 4809 omnes
3464 4755 3737 4825 cupiditate
3818 4782 3819 4785 η

2161 4862 2257 4904 sua
2289 4846 2550 4918 perdidit,
2583 4854 2739 4901 terrae
2762 4845 3110 4901 substantiam
3138 4847 3285 4916 cupit
3312 4846 3552 4914 abolere,
3584 4848 3736 4902 illaut-

2163 4952 2267 5011 que
2296 4941 2350 4996 in
2374 4954 2563 4995 aurum
2590 4952 2801 4995 versam
2828 4938 3011 4993 videre
3037 4954 3051 4991 :
3082 4954 3253 5008 neque
3281 4948 3487 4993 tantum
3518 4947 3703 4994 terram
3724 4979 3737 5001 ,

2163 5030 2259 5087 sed
2283 5039 2513 5098 montes,
2536 5030 2722 5097 saltus,
2747 5028 2920 5083 fontes
2940 5037 2995 5084 et
3012 5029 3189 5083 omnia
3215 5044 3336 5099 qua:
3356 5028 3455 5084 sub
3474 5037 3740 5098 aspectum

2164 5124 2382 5182 cadunt.
2418 5126 2591 5194 Atque
2616 5131 2676 5179 ut
2701 5122 2951 5189 discatis,
2988 5137 3086 5178 nos
3111 5120 3346 5178 tuendum
3373 5124 3490 5193 ejus
3520 5122 3740 5176 furorem

2166 5225 2340 5273 totum
2365 5214 2819 5271 demonstravisse
2843 5230 2857 5269 :
2890 5229 3049 5269 nemo
3071 5214 3140 5268 sit
3165 5214 3252 5284 qui
3285 5213 3431 5267 illum
3460 5221 3673 5269 accuset
3696 5219 3744 5265 et

2168 5317 2405 5373 terreat;
2434 5306 2528 5363 sed
2550 5305 2678 5364 tolle
2704 5304 3040 5362 formidinem
3070 5307 3268 5376 legum,
3294 5314 3350 5361 et
3375 5305 3578 5360 videbis
3608 5303 3743 5359 illum

2168 5388 2384 5477 arrepto
2403 5402 2580 5474 gladio
2598 5415 2785 5454 omnes
2808 5398 3180 5461 trucidantem,
3206 5396 3404 5452 nemini
3424 5408 3743 5461 parcemem,

2235 5551 2897 5623 [QuidamMssqqliit'ct‘o
2937 5552 3227 5622 tltl’monioci
3278 5552 3398 5604 nihil
3450 5553 3586 5604 aliud
3633 5546 3743 5600 mali

2172 5612 2376 5679 faciunt,
2403 5628 2551 5679 quam
2576 5612 2704 5678 quod
2729 5614 2945 5667 martum
2970 5614 3017 5665 in
3040 5629 3091 5666 se
3115 5612 3345 5667 retineant

2236 5679 2257 5708 ’
2279 5675 2399 5735 Alii,
2415 5675 2599 5727 omnia.
