3868 6182
196 314 294 369 55"!

197 444 300 482 non
329 427 506 481 amico
528 467 545 495 ,
574 442 680 482 non
711 436 968 499 cognato,
1004 443 1110 483 non
1140 429 1287 483 fratri
1306 471 1322 497 ,
1355 446 1460 484 non
1489 433 1646 500 patri.
1677 430 1789 486 lmo

196 533 323 573 vero
358 534 471 574 non
505 535 639 590 opus
666 529 751 576 est
788 520 941 576 nobis
973 520 1059 575 illa
1098 520 1421 592 hypothesi;
1451 522 1788 578 sciscitemur

193 609 259 665 ab
286 625 375 677 eo,
402 626 580 665 annon
611 611 700 665 ille
722 610 1021 682 hujusmodi
1046 626 1134 666 res
1160 612 1212 665 in
1233 610 1555 681 cogitatione
1577 622 1785 679 verset,

192 718 370 758 annon
398 719 589 759 omnes
616 704 795 759 animo
829 704 1077 769 invadat,
1101 719 1279 762 annon
1307 704 1534 759 trucidet
1561 706 1783 772 amicos,

191 806 449 868 cognatos
472 809 527 855 et
554 800 943 870 progenitores.
968 800 1080 855 lmo
1102 814 1229 856 vero
1257 800 1399 856 nulla
1424 801 1785 872 interrogandi

192 889 510 957 necessitas,
537 904 659 945 cum
689 905 847 947 nemo
874 890 1079 946 nesciat
1107 905 1201 947 eos
1224 932 1240 957 ,
1267 891 1359 963 qui
1397 890 1500 947 hoc
1533 899 1787 948 tenentur

190 980 401 1045 morbo,
430 989 761 1036 senectutem
788 981 950 1051 patris
972 982 1052 1037 sui
1075 996 1217 1053 aegre
1245 981 1404 1050 ferre,
1428 990 1483 1038 et
1501 982 1643 1053 quod
1669 982 1787 1040 aliis

192 1070 344 1126 dulce
370 1072 712 1142 Optabileque
739 1084 841 1139 est,
866 1090 1057 1144 nempe
1085 1074 1222 1130 ﬁlios
1249 1075 1467 1142 habere,
1497 1091 1784 1133 onerosum

191 1162 522 1219 existimare.
554 1164 701 1219 Multi
729 1165 871 1220 enim
911 1164 1013 1222 hac
1046 1166 1114 1221 de
1156 1180 1314 1221 causa
1345 1166 1627 1222 orbitatem
1658 1176 1784 1222 sunt

190 1253 394 1324 adepti,
430 1264 782 1327 naturamque
808 1256 1044 1311 sterilem
1074 1256 1460 1323 reddiderunt,
1490 1272 1595 1312 non
1624 1257 1785 1314 modo

190 1355 344 1402 natos
379 1348 689 1405 occidentes
711 1390 727 1417 ,
759 1348 854 1404 sed
878 1349 1037 1404 etiam
1068 1364 1138 1403 ne
1173 1358 1519 1405 nascerentur
1542 1348 1783 1405 efﬁcien-

196 1450 294 1495 tes.
322 1440 403 1496 Ne
430 1442 697 1497 miremini
724 1442 903 1512 itaque
921 1482 935 1507 ,
968 1442 1012 1497 si
1037 1457 1253 1496 avarum
1282 1442 1370 1498 illa
1402 1441 1573 1497 forma
1599 1442 1785 1513 depin-

188 1533 428 1587 xerimus
459 1550 475 1589 :
505 1548 627 1588 nam
670 1533 826 1604 longe
861 1532 1035 1589 adhuc
1060 1533 1292 1589 deterior
1320 1542 1399 1588 cst
1418 1573 1434 1600 ,
1465 1549 1625 1604 quam
1652 1534 1786 1589 dixi-

188 1640 325 1678 mus.
366 1623 477 1680 Sed
514 1624 787 1681 videamus
827 1641 933 1696 que
972 1634 1128 1695 pacto
1156 1640 1277 1681 eum
1316 1625 1384 1681 ab
1412 1626 1513 1681 hoe
1540 1626 1786 1684 daemone

187 1716 421 1772 liberare
447 1716 761 1786 poterimus.
798 1716 1079 1784 Quomodo
1109 1716 1242 1772 liber
1267 1717 1413 1772 erit?
1448 1716 1504 1772 Si
1533 1717 1675 1771 clare
1703 1718 1785 1773 di-

184 1808 375 1864 dicerit
411 1809 690 1864 avaritiam
723 1809 803 1864 vel
846 1807 912 1863 ad
945 1808 1197 1879 pecunias
1227 1808 1613 1877 comparandas
1650 1823 1783 1863 con-

185 1900 405 1954 trariam
446 1914 567 1955 esse
594 1915 611 1955 :
643 1915 765 1954 nam
794 1900 883 1970 qui
914 1913 1073 1969 parva
1105 1900 1295 1953 lucrari
1326 1899 1509 1954 volunt
1529 1941 1545 1966 ,
1574 1915 1786 1970 semper

184 2006 374 2064 magna
408 1993 682 2064 patiuntur
704 1993 897 2048 damna
919 2011 933 2048 :
953 1992 1004 2048 id
1027 1992 1165 2064 quod
1188 1994 1346 2048 etiam
1369 1972 1420 2048 in
1446 1994 1784 2063 proverbium

187 2100 404 2141 versum
446 2097 551 2141 est.
582 2085 727 2140 Multi
758 2095 904 2142 certe
930 2101 1051 2141 cum
1088 2093 1328 2139 mutuum
1358 2100 1550 2157 magno
1581 2086 1785 2144 faenore

183 2176 395 2244 darent,
426 2192 532 2232 non
553 2177 843 2248 exploratis
869 2175 1177 2247 accipientis
1202 2175 1559 2243 facultatibus,
1579 2187 1781 2234 sortem

185 2268 352 2338 ipsam
376 2283 501 2322 cum
529 2268 704 2324 usuris
725 2268 1041 2323 amiserunt.
1061 2266 1291 2321 Rursum
1314 2267 1401 2322 alii
1431 2268 1481 2322 in
1508 2268 1778 2338 periculis,

182 2374 304 2414 cum
334 2360 541 2416 nollent
572 2375 734 2432 pauca
764 2359 1026 2430 proferre,
1049 2359 1214 2414 vitam
1238 2373 1358 2414 cum
1387 2360 1578 2430 opibus
1602 2360 1781 2430 perdi-

182 2452 406 2508 derunt.
440 2453 573 2508 Item
602 2452 694 2507 alii
723 2469 845 2508 cum
872 2451 1159 2522 dignitates
1183 2451 1521 2522 pecuniarias
1541 2494 1555 2517 ,
1586 2453 1669 2506 vel
1702 2453 1780 2508 si-

187 2544 330 2600 milia
357 2543 585 2614 adipisci
619 2550 835 2614 possent
857 2585 872 2609 ,
903 2554 1023 2598 eum
1052 2543 1395 2612 parcimonite
1422 2543 1580 2599 nimis
1601 2543 1783 2600 stude-

182 2644 323 2701 rent,
342 2651 370 2689 a
393 2644 506 2690 toto
523 2634 856 2690 exciderunt.
877 2633 1138 2701 Quoniam
1155 2635 1296 2689 enim
1314 2648 1497 2689 serere
1513 2635 1779 2704 nesciunt,

181 2728 273 2783 sed
305 2737 509 2783 metere
534 2737 740 2782 tantum
769 2727 1018 2791 student,
1047 2741 1075 2779 a
1103 2739 1279 2780 messe
1307 2725 1612 2796 frequenter
1639 2728 1784 2782 exci-

1158 315 1221 371 lN
1262 311 1665 374 ΜΛΤΤΙΙᾹΞΠΜ
1709 315 1937 375 IIOMIL.
1979 316 2173 377 XXIX.
2214 322 2284 376 al.
2331 320 2493 379 XXX.

3389 338 3491 393 353

1897 432 2049 488 dunt.
2084 434 2251 490 Nemo
2289 437 2431 493 enim
2474 454 2686 510 semper
2718 452 2921 501 metere
2950 457 3127 516 potest
3158 492 3169 514 ,
3217 452 3354 507 sicut
3395 470 3492 509 Im:

1898 537 2112 594 semper
2158 527 2371 583 lucrari.
2412 529 2546 598 Quia
2595 534 2755 604 igitur
2799 536 3107 607 impendere
3152 543 3355 608 nolunt,
3391 562 3490 601 nec

1904 616 2095 671 lucrari
2124 619 2299 674 sciant
2320 662 2333 684 ,
2371 621 2464 676 sed
2493 632 2544 677 et
2571 624 2615 679 si
2643 639 2864 681 uxorem
2894 628 3093 685 ducere
3121 644 3365 700 oporteat
3389 677 3403 699 ,
3438 638 3489 691 ir.

1898 705 2042 761 idem
2074 707 2313 763 incidunt
2350 710 2602 767 damnum
2623 756 2638 780 ,
2668 714 2798 771 dum
2825 717 2907 772 vel
2945 720 3157 789 inopem
3202 738 3298 792 pro
3326 725 3491 783 divite

1897 795 2118 865 ducunt,
2149 798 2232 853 vel
2257 801 2301 855 si
2328 800 2549 858 divitem
2580 805 2865 877 accipiant,
2890 818 2943 863 et
2968 810 3057 864 illa
3086 812 3234 869 mille
3253 814 3396 871 vitiis
3423 819 3494 875 sit

1896 886 2119 957 aﬂ‘ecta,
2156 891 2207 945 in
2249 893 2420 963 majus
2460 895 2701 953 incidunt
2744 899 3146 959 detrimentum.
3185 906 3302 963 Non
3345 912 3491 967 enim

1897 981 2190 1051 opulentia,
2219 984 2312 1040 sed
2342 986 2509 1043 virtus
2534 988 2745 1045 divitias
2775 992 2932 1063 parit.
2959 993 3091 1049 Nam
3119 1011 3237 1067 qua:
3261 1013 3325 1054 ex
3353 1000 3495 1056 divi-

1897 1073 1984 1128 tiis
2005 1074 2224 1139 utilitas,
2259 1077 2303 1132 si
2327 1079 2412 1132 illa
2438 1080 2653 1151 prodiga
2680 1082 2748 1137 sit
2768 1093 2823 1138 et
2842 1095 3173 1157 sumptuosa,
3193 1097 3248 1145 et
3267 1092 3311 1147 si
3335 1095 3487 1163 quasi

1896 1174 2088 1221 ventus
2114 1168 2292 1223 omnia
2323 1169 2590 1241 dissipet?
2619 1175 2743 1244 quid
2771 1176 2814 1230 si
2838 1175 3032 1233 lasciva
3059 1182 3148 1247 sit,
3174 1196 3238 1237 ac
3265 1197 3491 1240 sexcen-

1896 1266 1980 1314 tos
2008 1271 2277 1317 amatores
2310 1266 2583 1320 attrahat?
2609 1268 2733 1337 quid
2764 1269 2808 1323 si
2849 1271 3104 1327 ebriosa?
3139 1289 3315 1332 annon
3340 1277 3486 1335 brevi

1893 1353 2175 1425 conjugem
2215 1370 2368 1411 suum
2406 1358 2471 1413 ad
2519 1358 2752 1429 inopiam
2794 1360 3036 1434 rediget?
3072 1365 3188 1421 Non
3226 1367 3278 1423 in
3317 1385 3488 1429 uxore

1893 1443 2132 1501 ducenda
2160 1454 2385 1515 tantum,
2413 1450 2505 1505 sed
2529 1452 2688 1506 etiam
2720 1452 2773 1507 in
2797 1455 3025 1510 emendo
3057 1456 3329 1526 falluntur,
3356 1460 3483 1516 dum

1891 1551 2095 1605 servos,
2127 1553 2232 1594 non
2260 1541 2456 1610 probos
2482 1557 2545 1598 ac
2570 1553 2818 1600 strenuos
2840 1587 2853 1610 ,
2882 1547 2977 1603 sed
3009 1563 3103 1604 eos
3125 1549 3215 1618 qui
3241 1551 3333 1606 vili
3365 1569 3482 1622 pre-

1892 1628 1969 1683 tio
1995 1628 2209 1700 dantur,
2240 1642 2569 1694 comparant.
2614 1636 2738 1693 Htec
2777 1637 2954 1703 itaque
2978 1642 3155 1697 omnia
3184 1645 3479 1706 cogitantes

1895 1721 2155 1791 (nondum
2192 1724 2335 1779 enim
2373 1726 2441 1781 de
2468 1727 2710 1796 gehenna
2737 1738 2790 1784 et
2819 1729 2887 1786 de
2919 1746 3086 1802 regno
3113 1745 3272 1789 verna
3299 1737 3485 1793 audire

1892 1812 2201 1882 potuistis),
2231 1826 2286 1869 et
2311 1815 2628 1873 detrimenta
2660 1820 2711 1874 in
2739 1830 2971 1877 mentem
3002 1835 3344 1892 revocantes,
3367 1844 3488 1899 qua!

1890 1915 2034 1973 saepe
2072 1902 2141 1959 ab
2187 1907 2407 1962 avaritia
2450 1910 2591 1979 passi
2632 1913 2794 1978 estis,
2844 1914 2896 1968 in
2942 1914 3273 1987 fmuoribus,
3305 1921 3388 1975 vel
3432 1922 3485 1976 in

1889 1996 2140 2063 emendo,
2163 1999 2244 2054 vel
2274 2000 2326 2055 in
2351 2000 2591 2058 ducenda
2611 2019 2794 2071 uxore,
2828 2007 2879 2061 in
2911 2011 3244 2079 patrociniis,
3264 2013 3317 2067 in
3341 2014 3485 2069 aliis-

1887 2099 1993 2157 que
2042 2090 2325 2157 omnibus,
2367 2094 2435 2149 ab
2472 2109 2657 2151 amore
2684 2100 3030 2167 pecuniarum
3077 2102 3368 2163 abscedite.
3397 2106 3487 2162 Sic

1875 2178 2030 2234 'enim
2054 2182 2297 2249 poteritis
2319 2192 2374 2239 et
2396 2196 2713 2254 praesentem
2740 2190 2901 2245 vitam
2932 2200 3044 2247 tuto
3073 2195 3364 2266 transigere
3387 2238 3402 2262 ,
3431 2210 3487 2253 tu

1887 2271 2165 2340 paululum
2196 2276 2336 2329 aucti
2368 2290 2648 2334 sermones
2674 2280 2743 2335 de
2771 2281 3106 2352 philosophia
3142 2286 3329 2343 audire
3351 2329 3364 2353 ,
3405 2300 3484 2343 at—

1889 2378 1992 2433 que
2016 2365 2222 2421 acutius
2252 2367 2515 2433 videntes,
2550 2371 2719 2440 ipsum
2746 2372 2965 2442 justitite
2995 2375 3162 2432 solem
3193 2380 3480 2450 respicere,

1892 2456 2259 2528 promissaque
2276 2460 2391 2530 ejus
2412 2465 2667 2534 consequi
2691 2482 2704 2518 :
2728 2480 2953 2536 quorum
2977 2470 3180 2526 utinam
3201 2484 3480 2530 consortes

1888 2551 2055 2605 simus
2080 2566 2291 2620 omnes,
2312 2556 2479 2625 gratia
2506 2552 2559 2611 et
2578 2558 2904 2628 benignitate
2928 2561 3137 2619 Domint
3163 2569 3332 2622 nostri
3353 2568 3480 2624 Iesu

1888 2639 2109 2707 Christi,
2129 2643 2213 2697 cui
2236 2644 2403 2716 gloria
2432 2656 2484 2702 et
2513 2644 2817 2719 imperium,
2841 2651 2894 2707 in
2921 2655 3115 2710 sreeula
3140 2655 3476 2713 saeculorum.

1891 2732 1931 2785 A
1940 2747 2084 2787 men.

1326 2919 1673 2982 HOMILIA
1718 2922 1962 2986 XXIX.
2010 2927 2096 2987 al.
2143 2928 2356 2990 XXX.

181 3044 303 3099 Car.
338 3044 390 3099 9.
416 3060 468 3098 v.
504 3044 556 3098 l.
602 3042 669 3097 Et
699 3042 977 3097 ascendens
1005 3038 1156 3097 Jestts
1184 3041 1237 3096 in
1276 3041 1580 3107 navit‘ulmn,
1612 3054 1773 3097 trans.

248 3138 454 3208 prlavit
472 3180 488 3204 ,
522 3147 567 3191 et
594 3137 721 3191 venit
752 3138 802 3190 in
828 3135 1074 3190 civitatem
1105 3152 1269 3188 suum.
1291 3130 1346 3189 ﬂ.
1378 3132 1442 3188 Et
1468 3152 1580 3190 erce
1600 3136 1779 3203 o/fcre-

247 3232 370 3284 bant
401 3231 800 3303 eiparalyticum
828 3230 878 3283 in
907 3230 1032 3283 lecto
1056 3231 1327 3298 jarcntem.
1350 3228 1415 3282 Et
1440 3229 1611 3285 ridens
1630 3231 1781 3287 Jesns

248 3323 405 3391 ﬁdem
437 3323 661 3384 illorum,
692 3322 819 3373 dixit
849 3321 1129 3391 paralytico
1152 3336 1171 3375 .'
1202 3318 1431 3389 Con/ide,
1461 3322 1535 3388 ﬁli
1557 3361 1572 3386 ,
1604 3323 1776 3375 remil-

248 3424 427 3466 tunlnr
459 3412 546 3466 tibi
575 3423 781 3481 peccata
810 3421 915 3464 tua.

248 3550 271 3600 l
340 3546 619 3615 Paralytici
650 3545 750 3598 duo
774 3544 826 3598 in
856 3542 1167 3613 Evangrliis.
1203 3541 1370 3596 Filius
1396 3542 1638 3611 wqunlem
1676 3542 1779 3598 Pa-

182 3641 242 3691 tri
273 3656 327 3692 se
357 3638 689 3691 demonstrat.
711 3664 785 3676 —-
811 3635 1090 3688 Civitatem
1123 3648 1275 3687 suam
1319 3632 1405 3686 hic
1437 3633 1772 3701 Capernamn

178 3729 412 3796 appellat
444 3744 458 3780 :
486 3742 608 3781 nam
648 3741 768 3796 qua:
804 3725 921 3779 tulit
956 3725 1127 3792 ipsum
1159 3722 1467 3778 Bethlehem
1496 3722 1629 3788 fuit;
1658 3740 1779 3794 qua:

172 3820 450 3884 educavit,
467 3817 719 3885 Nazaret;
738 3834 859 3889 qua:
878 3820 971 3875 diu
993 3821 1384 3879 iuhabitantem
1402 3826 1416 3855 ¹
1434 3821 1645 3886 habuit,
1664 3820 1764 3874 Ca-

179 3922 462 3980 pcruattm.
497 3905 831 3978 Paralyticus
857 3915 1035 3961 autem
1073 3905 1161 3960 hic
1182 3905 1319 3960 alius
1345 3913 1429 3960 est
1457 3904 1616 3982 abeo
1640 3946 1657 3973 ,
1684 3907 1776 3977 qui

178 4008 515 4055 memoratur
539 4012 570 4052 a
593 3996 822 4053 Joanne.
853 3995 950 4051 llle
973 3996 1171 4067 quippe
1207 3996 1260 4050 in
1291 3995 1491 4065 piscina
1516 3996 1728 4067 jacebat
1754 4015 1772 4066 ;

178 4090 263 4149 hic
281 4099 466 4146 autem
493 4090 547 4145 in
575 4088 909 4160 Capernaum
942 4105 957 4143 :
988 4096 1045 4143 et
1070 4087 1159 4144 ille
1178 4087 1390 4158 quidem
1420 4088 1630 4157 triginta
1655 4098 1777 4145 octo

174 4183 331 4237 annis
361 4180 690 4252 paralyticus
727 4179 863 4245 fuit;
892 4180 961 4235 de
991 4178 1094 4234 hoc
1136 4193 1265 4233 vero
1303 4177 1430 4232 nihil
1471 4179 1649 4235 simile
1689 4179 1774 4235 di-

176 4282 318 4327 ctum
338 4281 427 4327 est
449 4289 467 4326 :
495 4272 585 4327 ille
603 4272 777 4327 nullos
798 4270 1047 4338 habebat,
1067 4270 1157 4341 qui
1181 4270 1262 4325 sui
1283 4285 1466 4326 curam
1488 4280 1772 4345 gererent;

176 4366 259 4421 hic
296 4374 489 4422 contra
531 4365 714 4421 habuit
749 4365 840 4435 qui
886 4379 945 4419 se
984 4362 1050 4419 ad
1092 4363 1275 4419 Iesum
1320 4363 1608 4421 deferrent.
1643 4366 1775 4420 Huic

175 4473 335 4528 perm
360 4458 499 4513 dixit
526 4474 543 4515 :
587 4457 727 4521 Fili,
752 4456 1076 4511 remittuntur
1108 4455 1198 4508 tibi
1234 4466 1477 4526 peccata;
1503 4457 1578 4511 illi
1608 4472 1770 4523 vero,

185 4548 268 4604 Vis
295 4566 457 4604 sanus
486 4566 594 4604 esse
619 4547 798 4619 (Joan.
826 4549 879 4604 5.
907 4547 1011 4617 6)?
1037 4546 1191 4601 Illum
1223 4547 1274 4602 in
1297 4548 1519 4605 sabbato
1543 4548 1769 4617 curavit,

176 4637 316 4695 hunc
344 4656 455 4694 non
479 4638 533 4694 in
561 4639 819 4705 sabbato;
847 4638 1080 4709 alioquin
1110 4647 1289 4692 autem
1316 4640 1457 4693 illum
1495 4639 1595 4693 hac
1621 4638 1687 4693 de
1714 4656 1773 4695 re

175 4730 342 4787 Judzei
370 4742 754 4797 aecusassent,
779 4731 867 4801 qui
898 4730 983 4785 hic
1009 4738 1210 4794 tacent,
1239 4730 1346 4784 illic
1372 4746 1497 4783 vero
1525 4731 1727 4786 instant
1752 4774 1766 4798 ,

176 4808 462 4894 ipsumque
508 4833 923 4895 persequuntur.
964 4822 1092 4877 llaec
1135 4837 1238 4878 non
1282 4822 1399 4878 sine
1434 4838 1591 4878 causa
1631 4825 1770 4882 dicta

173 4924 297 4970 sunt
325 4929 357 4968 a
384 4928 474 4970 me
496 4930 512 4978 ;
539 4912 635 4969 sed
662 4929 727 4968 ne
748 4914 869 4984 quis
889 4929 1052 4969 unum
1079 4912 1433 4984 eumdemque
1457 4928 1580 4969 esse
1599 4917 1773 4985 suspi-

172 5022 299 5063 cans
325 5006 682 5078 paralyticum
706 5046 725 5072 ,
753 5006 1139 5061 dissonantiam
1169 5005 1256 5060 hic
1280 5019 1402 5061 esse
1431 5014 1660 5075 putaret.
1690 5006 1768 5061 Tu

174 5115 300 5155 vero
328 5097 638 5170 perpendas
656 5113 817 5168 quam
850 5097 1144 5163 modestus,
1173 5112 1332 5168 quam
1362 5109 1672 5153 mansuetus
1701 5101 1769 5155 sit

177 5191 456 5246 Dominus.
492 5188 624 5245 Nam
655 5200 709 5245 et
736 5199 893 5245 antea
922 5190 1106 5244 turbas
1128 5199 1434 5257 amoverat,
1454 5200 1509 5244 et
1535 5206 1565 5246 a
1594 5190 1769 5246 Gada-

174 5283 317 5337 renis
340 5297 528 5353 pulsus
549 5296 657 5336 non
676 5281 905 5347 obstitit,
933 5282 1029 5337 sed
1050 5281 1289 5350 secessit,
1313 5281 1412 5336 etsi
1432 5298 1536 5338 non
1562 5283 1764 5353 procul.

174 5376 514 5447 Rursumque
534 5416 549 5441 ,
577 5390 696 5429 cum
725 5376 1057 5431 ascendisset
1085 5374 1136 5427 in
1170 5374 1466 5430 nawculam
1484 5417 1499 5441 ,
1522 5377 1764 5446 trajecit,

172 5482 292 5521 cum
323 5476 509 5537 posset
534 5464 699 5536 pedes
729 5467 973 5521 transire.
1001 5463 1186 5535 Neque
1205 5465 1344 5520 enim
1372 5479 1586 5536 semper
1615 5467 1767 5521 mira-

175 5559 297 5615 bilia
338 5568 557 5629 patrare
593 5559 844 5623 volebat,
889 5571 957 5611 ne
999 5556 1314 5611 teconomiac
1354 5571 1463 5610 suae
1505 5558 1764 5613 rationem

180 5652 544 5711 labefactaret.
576 5650 851 5706 Matthaeus
878 5648 1038 5719 igitur
1061 5649 1154 5719 ait,
1178 5648 1465 5704 Attulerunl
1491 5665 1604 5705 eum
1631 5666 1649 5706 :
1677 5652 1765 5707 alii

265 5788 387 5842 ‘Alii
415 5788 784 5853 immutantem,
806 5788 917 5842 sine
944 5788 1050 5841 diu.

1888 3063 2018 3102 vero
2057 3049 2241 3104 dicunt
2281 3068 2481 3121 aegrum
2523 3069 2616 3124 per
2656 3055 2921 3128 diruptnm
2954 3067 3147 3116 tectum
3186 3063 3475 3120 demissum

1886 3137 2049 3195 fuisse
2076 3150 2128 3196 et
2156 3152 2279 3198 ante
2302 3143 2571 3200 Christum
2604 3149 2856 3217 positum,
2889 3149 3019 3206 nihil
3046 3153 3343 3211 dicentibus
3373 3154 3476 3213 ίιιεε

1888 3230 1977 3297 qui
2019 3233 2347 3303 attulerant,
2380 3237 2474 3292 sed
2512 3247 2679 3293 totutn
2723 3241 2823 3310 ipsi
2852 3243 3302 3313 permittentibus.
3348 3248 3476 3303 Nam

1886 3321 2034 3377 initio
2054 3324 2267 3393 quidem
2291 3327 2379 3383 ille
2402 3329 2683 3396 circuibat,
2708 3349 2883 3403 neque
2902 3342 3101 3395 tantam
3128 3338 3197 3393 ab
3219 3320 3479 3397 acceden-
3535 3320 3543 3328 ’

1887 3414 2027 3469 tibus
2054 3418 2354 3485 postulabat
2380 3421 2539 3477 ﬁdem
2568 3442 2582 3478 :
2615 3423 2701 3481 hic
2728 3435 2904 3482 autem
2932 3418 2987 3489 et
3009 3443 3349 3487 accesserunt
3375 3475 3391 3500 ,
3422 3444 3479 3490 et

1884 3504 2017 3561 ﬁdes
2045 3506 2112 3561 ab
2134 3507 2263 3577 ipsis
2288 3512 2539 3582 requisita
2564 3527 2679 3582 est;
2706 3531 2826 3571 nam
2860 3518 3157 3584 ait,Videns
3179 3522 3329 3591 [idem
3361 3525 3477 3579 illa-

1882 3612 2019 3665 rum,
2048 3598 2101 3654 id
2126 3608 2241 3666 est,
2270 3617 2456 3659 eorum
2484 3605 2574 3676 qui
2608 3606 2934 3666 demiserant
2962 3613 3334 3685 paralyticum.
3366 3617 3475 3673 Nc-

1882 3703 1987 3759 que
2017 3692 2160 3747 enim
2192 3694 2385 3765 ubique
2411 3708 2732 3769 :egrotontm
2766 3703 2989 3773 requirit
3021 3704 3182 3765 ﬁdem
3207 3750 3224 3778 ,
3260 3720 3317 3764 ut
3351 3728 3473 3767 cum

1880 3779 2150 3850 desipiunt
2173 3824 2188 3848 ,
2227 3785 2311 3839 vel
2350 3786 2455 3841 alio
2491 3789 2650 3844 modo
2677 3799 2854 3847 mente
2879 3794 3019 3866 capti
3048 3805 3190 3854 sunt.
3226 3798 3322 3855 llic
3348 3817 3476 3856 vero

1881 3871 2066 3940 aegroti
2096 3871 2227 3928 ﬁdes
2247 3885 2362 3930 erat
2389 3893 2612 3949 magna;
2634 3882 2874 3952 alioquin
2899 3886 3044 3941 enim
3076 3904 3180 3943 non
3209 3889 3278 3945 ita
3301 3907 3358 3947 se
3385 3893 3478 3949 de-

1884 3963 2023 4017 mitti
2066 3964 2418 4035 permisisset.
2461 3971 2725 4038 Quoniam
2767 3975 2925 4045 igitur
2956 3986 3154 4035 taut-am
3185 3984 3478 4042 exhibuere

1881 4052 2062 4121 ﬁdem,
2089 4058 2307 4114 exhibet
2326 4069 2379 4115 et
2407 4062 2519 4132 ipse
2541 4065 2832 4134 potentiam
2859 4082 3031 4137 suam,
3056 4085 3175 4125 cum
3203 4075 3348 4128 omni
3378 4092 3471 4147 po-

1880 4153 2073 4202 testatc
2098 4162 2313 4218 peccata
2335 4154 2567 4221 solvens,
2599 4171 2661 4212 ac
2689 4172 2784 4227 per
2811 4160 2989 4216 omnia
3016 4160 3390 4220 demonstrans
3416 4184 3475 4225 se

1880 4235 2025 4293 Patri
2056 4242 2316 4310 mqualem
2344 4260 2482 4299 esse.
2514 4245 2612 4302 Hic
2639 4264 2765 4303 vero
2797 4253 3065 4321 perpende
3094 4271 3110 4310 :
3142 4260 3387 4325 superius
3420 4260 3470 4314 id

1880 4330 2189 4385 ostendebat
2222 4333 2311 4388 ille
2334 4374 2349 4398 ,
2387 4350 2509 4391 cum
2546 4337 2774 4394 docebat
2807 4355 2900 4396 eos
2936 4353 3204 4415 tamquam
3239 4357 3464 4416 potesta-

1879 4430 1986 4475 tem
2019 4422 2253 4489 habens;
2287 4442 2382 4497 per
2407 4427 2701 4498 leprosum,
2727 4447 2847 4486 cum
2880 4433 3034 4502 dixit,
3076 4435 3202 4491 γυιο
3225 4440 3475 4497 mundare

1878 4511 2094 4581 (Matth.
2128 4515 2181 4571 8.
2216 4516 2326 4587 5);
2361 4534 2456 4587 per
2497 4523 2864 4579 centurionem
2890 4566 2904 4590 ,
2944 4542 3064 4581 cum
3104 4529 3314 4589 dicente
3346 4533 3470 4601 illo,

1882 4602 2097 4660 Tantum
2124 4607 2205 4662 dic
2234 4611 2399 4678 verba,
2428 4622 2473 4668 et
2499 4614 2761 4670 sanabitur
2790 4635 2913 4687 puer
2943 4637 3081 4676 meus
3112 4621 3269 4685 (Ibid.
3294 4641 3341 4681 υ.
3372 4628 3405 4683 8
3426 4629 3465 4701 ),

1878 4696 2100 4755 miratus
2126 4708 2227 4763 est,
2251 4701 2529 4773 ipsumque
2554 4705 2672 4777 plus
2703 4724 2860 4778 quam
2892 4726 3078 4768 omnes
3106 4714 3349 4772 laudibus

1880 4790 2031 4856 tulit;
2074 4807 2168 4860 per
2208 4809 2354 4848 mare
2381 4838 2394 4862 ,
2425 4812 2545 4851 cum
2575 4799 2746 4869 ipsum
2774 4804 2938 4857 verbo
2971 4815 3172 4861 tantum
3200 4810 3422 4865 frenavit
3451 4856 3465 4877 ,

1880 4900 1974 4951 per
2003 4884 2311 4953 daemonas,
2344 4891 2557 4959 quando
2597 4892 2768 4963 ipsum
2804 4895 3038 4965 judicem
3079 4898 3199 4954 esSe
3238 4903 3467 4959 conﬁte-

1877 4975 2107 5044 bantur,
2146 4989 2200 5034 ct
2242 4995 2365 5037 cum
2405 4994 2668 5054 potestate
2713 5004 2905 5060 magna
2951 4991 3099 5062 ipsos
3142 4994 3320 5064 ejccit.
3367 4997 3468 5055 llic

1876 5081 2087 5121 rursum
2119 5070 2307 5139 majori
2334 5074 2491 5128 modo
2518 5075 2761 5133 inimicos
2787 5094 2915 5136 suos
2937 5080 3293 5151 teqnalitatem
3323 5088 3464 5147 illam

1875 5157 2118 5213 conﬁteri
2156 5163 2335 5231 cogit,
2368 5172 2421 5218 et
2451 5180 2547 5234 per
2576 5166 2810 5236 ipsorum
2841 5172 3001 5226 verba
3036 5174 3086 5229 in
3116 5178 3464 5247 conSpicuum

1875 5250 2069 5307 reddit.
2110 5252 2227 5322 Ipse
2267 5270 2493 5326 namque
2532 5272 2590 5313 se
2628 5260 2696 5314 ab
2729 5262 3023 5321 ambitione
3059 5268 3292 5324 alienum
3318 5287 3461 5328 com-

1875 5351 2183 5398 monstrans
2216 5344 2358 5416 (nam
2390 5362 2638 5418 magnum
2682 5354 3037 5421 spectantium
3075 5359 3343 5416 theatrum
3372 5364 3460 5417 ad-

1875 5434 2113 5503 erat,qui
2145 5434 2382 5505 ingressu
2411 5438 2685 5506 arcebant,
2719 5440 2840 5497 ideo
2859 5446 3204 5519 parulyticum
3235 5466 3466 5523 superne

1873 5524 2205 5580 demiserunt
2235 5526 2275 5600 ),
2306 5544 2409 5584 non
2453 5533 2630 5586 statim
2669 5533 2735 5589 ad
2780 5551 2973 5608 corpus
3013 5542 3153 5612 quod
3190 5545 3467 5603 videbatur

1875 5616 2171 5671 curandum
2205 5633 2263 5673 se
2288 5621 2535 5687 contulit,
2569 5624 2661 5679 sed
2690 5626 2759 5682 ab
2790 5627 2894 5683 illis
2920 5635 3201 5689 oecasione
3231 5652 3459 5707 stttnp'a,

1874 5708 2014 5776 quod
2049 5724 2153 5761 non
2186 5710 2475 5778 apparebat
2498 5715 2724 5783 primum
2752 5721 2976 5787 curavit,
2997 5739 3184 5795 nempe
3208 5729 3462 5791 au'mam,

1874 5814 1994 5855 cum
2021 5810 2232 5872 peccata
2257 5802 2457 5860 dimisit
2478 5821 2493 5864 :
2517 5807 2567 5863 id
2596 5810 2736 5879 quod
2766 5813 3059 5885 paralytico
3085 5820 3304 5874 salutem
3330 5835 3471 5877 orae-
