3868 6182
414 295 521 356 559

413 413 597 477 behat,
626 403 726 477 Ipsi
750 414 877 457 vero
906 412 1013 454 non
1034 392 1257 451 multum
1282 390 1465 463 gloria:
1489 384 1627 457 apud
1657 384 1774 439 illos
1797 379 1993 436 attulit.

415 502 495 558 Illi
518 499 661 556 enim
692 512 723 552 a
751 493 984 564 nequitia
1010 503 1105 544 sua
1145 485 1394 558 exagitati
1414 522 1429 549 ,
1466 496 1586 537 cum
1618 478 1813 532 vellent
1845 488 1997 526 occa-

412 595 598 652 siones
634 582 984 645 maledicendi
1012 592 1254 649 quaerere
1272 617 1288 642 ,
1315 572 1448 630 illud
1484 570 1636 627 inviti
1661 566 1955 623 effecerunt
1979 600 1998 631 ,

417 694 476 741 ut
503 697 592 740 res
619 680 819 736 clarior
845 674 1117 733 evaderet.
1144 670 1317 740 Saga:
1345 664 1489 721 enim
1514 676 1637 718 cum
1664 666 1828 722 esset,
1857 656 2001 725 ipso-

413 793 535 835 rum
577 772 774 830 invidia
804 779 889 826 est
929 782 1058 823 usus
1094 764 1160 818 ad
1190 762 1397 833 signum
1431 753 1831 814 celebrandum.
1859 750 2000 818 Quoo

414 869 560 925 niam
588 865 743 938 igitur
771 860 1124 918 turbabantur
1145 863 1200 909 et
1226 851 1474 908 dicebant
1498 865 1515 905 :
1546 849 1600 904 5.
1636 846 1735 900 Ilic
1763 842 2001 914 blasphe-

419 970 564 1027 mat;
591 933 702 1027 quis
742 962 900 1028 potest
948 959 1154 1021 peccata
1191 945 1439 999 dimittere
1466 980 1483 1006 ,
1529 938 1628 994 nisi
1674 936 1814 992 solus
1863 933 2000 987 Deus

419 1052 625 1127 (Marc.
647 1050 705 1106 2.
734 1047 844 1119 7)?
873 1044 1145 1101 videamus
1173 1036 1316 1110 quod
1350 1037 1467 1106 ipse
1491 1033 1585 1089 ait.
1622 1031 1761 1086 Num
1796 1027 2004 1099 opinio-

416 1121 542 1201 nem
572 1141 717 1197 illam
746 1136 974 1207 reiecit?
1015 1131 1175 1202 Atqui
1212 1129 1258 1185 si
1298 1142 1404 1182 non
1439 1123 1660 1195 aequalis
1700 1121 1810 1177 Deo
1851 1129 2000 1184 erat,

415 1239 597 1292 dicere
619 1231 801 1288 debuit
823 1225 993 1297 :Quid
1022 1225 1089 1280 de
1112 1236 1198 1278 me
1228 1234 1332 1276 non
1353 1222 1765 1273 consentaneam
1790 1209 2003 1285 opinio?

414 1343 543 1386 neut
570 1323 813 1380 habetis?
840 1316 1026 1374 Procul
1057 1314 1244 1369 absum
1272 1326 1301 1364 a
1332 1317 1477 1364 tanta
1505 1311 1788 1377 potestate.
1803 1301 2003 1357 Verum

415 1419 553 1476 nihil
570 1415 745 1472 simile
763 1412 927 1475 dicit;
951 1410 1058 1463 imo
1080 1419 1206 1461 vero
1223 1403 1368 1458 illam
1389 1399 1694 1471 opinionem
1717 1394 2001 1451 continua-

418 1515 493 1569 vit
514 1521 567 1568 et
593 1507 855 1574 asseruit,
889 1516 994 1558 tam
1027 1515 1183 1567 voce,
1208 1513 1369 1569 quam
1399 1493 1675 1552 miraculo.
1702 1490 1836 1562 Quia
1862 1488 2005 1545 enim

417 1606 486 1663 de
510 1604 690 1675 seipse
717 1600 959 1673 quadam
1001 1594 1241 1668 proferre
1276 1588 1611 1646 auditoribus
1640 1586 2006 1656 importunum

414 1715 537 1757 esse
566 1696 865 1760 videbatur,
900 1707 996 1763 per
1015 1690 1149 1746 alios
1172 1686 1259 1742 illa
1289 1699 1408 1755 quae
1423 1681 1492 1737 ad
1517 1696 1576 1737 se
1600 1687 1845 1750 spectant
1874 1691 2008 1731 con-

416 1786 894 1858 tlrmatzquudque
921 1784 1112 1839 mirum
1134 1778 1252 1843 fuit,
1283 1791 1391 1831 non
1421 1788 1517 1844 per
1545 1770 1748 1827 amicos
1779 1778 2004 1838 tantum,

415 1883 512 1940 sed
529 1882 691 1939 etiam
713 1894 808 1949 per
825 1876 1070 1933 inimicos
1085 1890 1099 1927 :
1115 1869 1255 1942 quod
1277 1884 1342 1924 ex
1360 1865 1633 1937 sapientia:
1645 1865 1762 1933 ejus
1776 1859 2010 1916 culmine

414 1974 678 2049 procedit.
704 1972 805 2028 Per
823 1969 1025 2025 amicos
1045 1964 1280 2037 quidem,
1302 1975 1423 2016 cum
1443 1954 1758 2025 dixit,Volo,
1789 1951 2011 2007 munda-

416 2044 492 2136 re,
512 2069 747 2137 itemque
769 2078 891 2120 cum
916 2061 1025 2127 ait,
1049 2057 1172 2113 Non
1198 2054 1366 2111 iuueni
1393 2061 1583 2107 tantam
1605 2048 1758 2120 [idem
1776 2047 1828 2101 in
1848 2044 2011 2100 Israel

418 2160 631 2232 (Matth.
646 2158 700 2213 8.
716 2155 806 2226 l0)
825 2171 841 2211 :
859 2169 956 2226 per
977 2150 1221 2207 inimicos
1232 2154 1409 2203 autem
1425 2158 1596 2209 nunc;
1618 2139 2012 2198 cumdixissent

417 2229 586 2317 enim,
612 2248 776 2304 Nemo
792 2255 952 2318 potest
970 2243 1219 2298 dimittere
1237 2247 1461 2311 peccata,
1484 2234 1582 2289 nisi
1597 2232 1736 2288 solus
1756 2229 1910 2294 Deus,
1931 2229 2011 2283 in-

418 2336 541 2392 tulit
554 2312 668 2405 lpse
685 2332 769 2390 :6.
786 2312 855 2387 lit
867 2339 1033 2384 autem
1049 2325 1242 2391 sciatis,
1253 2323 1371 2395 quia
1382 2328 1674 2392 potestatem
1686 2314 1829 2370 habet
1847 2312 2011 2368 Filius

415 2427 633 2485 hominis
655 2424 904 2480 dimittere
930 2427 1131 2494 peccata
1146 2432 1298 2488 super
1316 2423 1502 2469 terram
1520 2452 1537 2479 ,
1566 2418 1684 2464 tunc
1707 2407 1835 2461 dixit
1859 2420 2011 2476 para-

417 2524 570 2595 lytico
586 2537 607 2578 :
626 2519 854 2592 Surgam
874 2516 995 2573 tolle
1017 2512 1310 2587 grabbatum
1328 2516 1491 2571 tuum,
1520 2513 1568 2559 et
1588 2501 1713 2557 vade
1730 2503 1783 2557 in
1806 2500 2012 2554 domum

417 2587 577 2671 liram.
591 2587 777 2685 Neque
789 2610 961 2668 solum
977 2608 1082 2673 hic,
1102 2604 1196 2663 sed
1212 2602 1371 2659 etiam
1387 2596 1512 2654 alibi
1524 2611 1644 2652 cum
1656 2593 1894 2650 dicerent
1911 2587 2009 2645 illi:

417 2709 495 2764 De
523 2710 650 2764 bono
675 2722 827 2779 opere
847 2721 949 2759 non
977 2701 1263 2771 lapidamus
1292 2706 1371 2764 te,
1403 2693 1491 2749 sed
1512 2693 1574 2747 de
1600 2685 1910 2761 blasphemia
1927 2724 1945 2751 ,
1962 2690 2011 2739 et

415 2802 534 2871 quia
558 2778 843 2855 Itomocum
865 2801 951 2862 sis,
979 2795 1104 2867 facis
1131 2791 1343 2873 teipsum
1361 2786 1527 2842 Deum
1555 2783 1733 2857 (Joan.
1756 2779 1853 2873 ιο.
1878 2778 2009 2846 35):

416 2908 591 2967 neque
617 2900 742 2947 tunc
771 2889 909 2944 hanc
933 2886 1236 2957 Opinionem
1263 2874 1574 2941 Confutavit,
1597 2873 1693 2931 sed
1713 2872 1855 2929 illam
1879 2884 2012 2924 con-

418 2984 650 3040 ﬁrmavit
672 2981 886 3037 dicens:
908 2978 967 3031 Si
994 2992 1094 3030 non
1124 2973 1257 3046 facio
1286 2983 1440 3039 opera
1470 2965 1640 3020 Patris
1669 2962 1786 3029 mei,
1805 2978 1865 3016 ne
1888 2958 2012 3012 mihi

418 3075 657 3139 credatis;
679 3074 723 3129 si
745 3081 908 3124 autem
933 3068 1084 3137 jacio.
1110 3064 1302 3119 etiamsi
1324 3060 1444 3114 mihi
1468 3074 1567 3112 non
1589 3053 1811 3120 creditis,
1835 3050 2011 3106 saltem

417 3168 654 3241 operibus
673 3164 864 3220 credite
879 3160 933 3235 (1
941 3161 1044 3213 bid.
1074 3160 1165 3215 37.
1192 3158 1306 3226 58).

490 3263 546 3316 2.
578 3258 747 3316 Unius
785 3255 879 3310 Dei
923 3262 992 3309 est
1020 3260 1208 3307 secreta
1232 3248 1399 3304 cordis
1426 3261 1569 3300 nosse
1608 3252 1653 3298 et
1685 3240 2012 3296 reuelare.—

418 3355 517 3412 llie
543 3369 703 3424 porro
726 3345 1025 3404 divinitatis
1057 3358 1170 3399 suae
1210 3338 1351 3395 aliud
1382 3332 1588 3409 signum
1634 3349 1739 3388 non
1789 3342 2008 3401 parvum

419 3448 654 3510 exhibet,
683 3457 888 3499 necnon
915 3454 1027 3495 sua:
1055 3452 1176 3492 cum
1206 3435 1366 3491 Patre
1395 3427 1729 3501 :cqualitatis.
1753 3423 1830 3480 llli
1860 3436 2012 3477 nam-

416 3554 522 3611 que
555 3535 825 3602 dicebant,
874 3539 1094 3604 peccata
1123 3527 1394 3582 dimittere
1417 3522 1576 3577 unius
1603 3520 1695 3575 Dei
1725 3531 1845 3573 esse
1877 3532 1891 3569 :
1925 3514 2011 3569 hic

417 3605 545 3687 vero
565 3644 671 3685 non
699 3625 856 3682 modo
877 3630 1092 3695 peccata
1117 3618 1353 3685 dimittit,
1376 3613 1468 3671 sed
1495 3620 1651 3668 antea
1692 3607 1832 3663 aliud
1853 3605 2010 3677 quid-

419 3724 559 3795 piam
581 3719 817 3785 exhibet,
842 3714 983 3787 quod
999 3713 1155 3769 unius
1174 3711 1274 3765 Dei
1292 3719 1392 3773 est,
1415 3704 1557 3777 quod
1583 3716 1775 3773 nempe
1803 3707 2009 3756 secreta

417 3794 596 3870 cordis
624 3811 842 3868 revelat.
872 3807 1056 3878 Neque
1078 3803 1221 3860 enim
1246 3801 1298 3857 id
1322 3799 1463 3872 quod
1482 3796 1787 3868 cogitabant
1814 3794 1868 3850 in
1899 3807 2011 3847 me-

418 3907 566 3962 dittm
612 3899 1043 3974 protulerunt.’5.
1068 3895 1207 3951 Ecce
1231 3937 1247 3961 ,
1279 3893 1449 3965 inquit
1473 3933 1488 3959 ,
1515 3890 1723 3960 quidam
1747 3888 1810 3942 de
1835 3885 2011 3942 scribis

420 3997 655 4049 dixerunt
684 3994 817 4046 intra
842 4005 936 4044 se:
967 3986 1063 4042 llic
1094 3985 1430 4055 blasphemat.
1461 3982 1513 4037 4.
1556 3980 1620 4035 Et
1660 3979 1819 4034 sciens
1857 3975 2008 4030 Jcsus

418 4087 745 4157 cogitationes
791 4097 985 4146 eorum,
1018 4080 1144 4133 dixit
1173 4093 1195 4132 t
1229 4075 1364 4142 Quid
1393 4090 1479 4129 vos
1505 4071 1734 4144 cogitatis
1774 4068 1911 4123 mala
1956 4067 2010 4122 in

420 4177 654 4234 cordibus
684 4172 896 4229 vestris?
926 4169 1077 4240 Quod
1114 4177 1289 4223 autem
1340 4166 1496 4222 unius
1544 4163 1636 4219 Dei
1684 4162 1754 4216 sit
1802 4166 2007 4215 secreta

421 4284 602 4335 nosse,
638 4267 759 4324 audi
792 4263 1106 4337 prophetam
1137 4260 1400 4315 dicentem
1431 4275 1444 4312 :
1477 4255 1554 4311 Tu
1583 4252 1715 4309 nosti
1743 4252 1899 4307 corda
1927 4266 2012 4305 so-

421 4365 501 4419 lus
528 4362 547 4432 (
565 4361 620 4414 2.
652 4357 832 4414 Paral.
866 4357 916 4412 6.
949 4354 1086 4424 50);
1133 4361 1187 4409 et
1213 4366 1421 4406 rursum
1444 4390 1463 4417 ,
1508 4346 1754 4403 Scrutans
1783 4343 1939 4399 corda
1961 4352 2009 4397 et

420 4473 563 4511 renes
592 4455 728 4510 Deus
759 4449 937 4522 (Psal.
959 4449 1010 4503 7.
1042 4444 1167 4519 lli).
1195 4444 1453 4501 Jcremias
1473 4455 1602 4497 vero
1631 4439 1704 4494 ait
1734 4456 1747 4494 :
1776 4436 2009 4511 Profun-

424 4552 546 4605 dum
587 4565 673 4603 cor
698 4557 771 4602 est
798 4560 902 4615 prae
929 4543 1178 4605 omnibus,
1210 4549 1257 4593 et
1296 4538 1443 4591 homo
1466 4545 1559 4603 est,
1580 4530 1657 4589 'et
1685 4533 1797 4603 quis
1842 4537 2011 4585 noscet

421 4657 536 4696 eum
559 4636 706 4711 (εἶεν.
735 4637 824 4692 l7.
852 4634 954 4704 9)?
976 4643 1051 4701 et,
1082 4631 1246 4685 Homo
1270 4630 1402 4684 videt
1426 4628 1480 4682 in
1500 4626 1650 4699 facie,
1680 4622 1817 4678 Deus
1843 4630 2011 4674 autent

422 4736 474 4787 in
502 4731 654 4786 corde
681 4728 772 4800 (1.
794 4726 922 4797 Reg.
941 4723 1027 4781 l6.
1047 4724 1133 4795 7).
1163 4722 1221 4778 ln
1250 4720 1428 4775 multis
1444 4730 1653 4789 quoque
1683 4714 1803 4769 aliis
1833 4711 2012 4768 videre

421 4833 528 4891 est,
555 4823 719 4878 Deum
751 4832 915 4873 unum
941 4830 1061 4872 esse
1086 4813 1177 4885 qui
1206 4820 1413 4867 mentes
1439 4808 1664 4867 noverit.
1712 4804 2013 4863 Ostendcns

423 4918 606 4986 itaque
629 4928 694 4969 se
715 4912 879 4967 Deum
904 4922 1044 4975 esse,
1086 4903 1344 4975 aqualem
1384 4901 1551 4969 Patri,
1581 4916 1699 4971 qua:
1743 4898 1841 4969 ipsi
1873 4899 1923 4954 in
1955 4913 2015 4953 se

421 5008 746 5081 cogitabant,
763 5018 827 5059 ac
847 5003 1042 5058 timore
1072 4995 1422 5053 multitudinis
1444 4995 1495 5048 in
1522 4992 1751 5048 medium
1775 4988 2014 5062 proferre

423 5115 529 5154 non
559 5097 846 5161 audebant,
876 5094 992 5164 ipse
1029 5088 1290 5146 revelavit
1332 5094 1394 5142 et
1438 5083 1714 5139 manifesta
1746 5080 2010 5149 reddidit,

425 5206 669 5261 magnam
710 5187 796 5242 hic
822 5199 1031 5257 quoque
1057 5182 1219 5238 animi
1248 5181 1520 5235 lenitatem
1549 5176 1854 5231 ostendens.
1880 5172 2011 5228 Nam

428 5283 505 5337 ait
531 5300 547 5337 :
578 5281 713 5349 Quid
741 5280 969 5352 cogitatis
1014 5276 1152 5331 mala
1190 5275 1242 5329 in
1283 5272 1515 5328 cordibus
1540 5269 1753 5325 vestris?
1781 5267 1938 5324 Certe
1968 5267 2013 5321 si

424 5372 689 5446 indignari
714 5371 1015 5443 quempiam
1045 5367 1343 5441 oportebat,
1372 5380 1570 5436 :cgrum
1592 5361 1741 5433 quasi
1770 5360 2013 5415 delusum

425 5481 524 5538 par
551 5465 648 5520 fuit
677 5463 891 5532 indigne
918 5462 1074 5525 terre,
1106 5474 1167 5514 ac
1191 5457 1370 5513 dicere
1398 5474 1412 5510 :
1444 5454 1524 5510 Ad
1550 5453 1691 5509 aliud
1718 5449 2011 5506 sanandum

428 5557 644 5620 venisti,
671 5554 811 5611 aliud
837 5564 889 5609 tu
914 5551 1112 5608 curas?
1135 5552 1400 5606 undenam
1428 5546 1559 5603 mihi
1590 5544 1843 5618 liquidum
1886 5545 2011 5611 erit,

431 5649 648 5703 dimissa
670 5644 799 5701 milti
822 5658 941 5698 esse
956 5641 1208 5712 peccata?
1239 5639 1387 5695 Nunc
1407 5649 1583 5694 autent
1613 5637 1701 5693 ille
1731 5634 1859 5692 nihil
1887 5634 2015 5690 dicit

432 5737 760 5812 huiusmodi,
779 5735 871 5793 sed
892 5736 944 5791 in
959 5733 1195 5790 curantis
1214 5740 1528 5805 potestatem
1557 5747 1615 5788 sc
1633 5731 1792 5788 tradit
1811 5747 1825 5799 ;
1844 5728 1897 5785 hi
1915 5745 2011 5785 au-

1197 276 1255 335 S.
1296 269 1573 333 JOANNlS
1607 256 2086 327 CHRYSOSTOMI
2128 262 2438 321 ARClllEP.
2479 264 3017 329 CONSTANTINOP.

2114 169 2160 222 ο

3570 288 3663 347 360

2108 387 2213 434 tem
2239 381 2473 450 perversi
2503 392 2553 438 et
2581 383 2743 439 invidi
2764 428 2778 453 ,
2802 387 3031 445 aliorum
3062 389 3330 447 beneﬁciis
3354 394 3669 460 insidiantur.

2104 471 2228 529 Ideo
2254 474 2399 546 ipsos
2418 491 2538 531 cum
2565 479 2712 534 omni
2750 488 2927 538 tamen
2957 483 3176 541 lenitate
3215 489 3450 558 corripit.
3476 492 3596 549 Nam
3623 500 3664 553 si

2104 581 2211 621 non
2249 569 2466 626 creditis
2488 611 2505 637 ,
2546 570 2755 644 inquit,
2785 574 2931 631 dicto
2966 578 3174 647 primo,
3200 578 3600 659 jactantiamque
3619 592 3664 647 id

2104 674 2225 716 esse
2252 662 2469 732 putatis,
2492 679 2618 720 ecce
2641 666 2753 739 jam
2775 668 2919 725 aliud
2948 669 3072 728 huic
3099 674 3332 746 adjungo
3360 677 3398 742 ’,
3433 682 3565 749 quod
3589 699 3666 738 se-

2104 759 2247 807 creta
2278 764 2453 808 vestra
2490 757 2755 825 revelem;
2790 759 2858 815 ad
2888 760 3001 819 lucc
3028 764 3243 821 tertium
3269 767 3478 839 adjicio.
3504 773 3669 839 Quod-

2106 857 2227 898 nam
2259 843 2425 901 illud?
2445 846 2594 921 Quod
2620 852 2891 924 paralytici
2912 869 3108 927 corpus
3126 858 3334 915 ﬁrmum
3355 861 3583 919 reddam.
3604 868 3671 923 Ac

2105 934 2320 1003 quando
2349 938 2694 1012 paralyticum
2721 942 3110 1015 alloquebatur,
3142 964 3248 1004 non
3284 950 3427 1007 clare
3456 963 3671 1023 potesta-

2109 1034 2214 1080 tem
2264 1041 2414 1083 suam
2445 1030 2523 1084 sic
2549 1030 2858 1098 declaravit,
2889 1051 2989 1092 nec
3009 1037 3179 1105 dixit,
3206 1040 3423 1099 Dimitte
3448 1045 3535 1100 tibi
3566 1064 3653 1117 pec

2107 1125 2253 1183 cata;
2277 1118 2392 1185 sed,
2428 1119 2762 1179 Dimittuntur
2786 1127 2874 1181 tibi
2901 1141 3123 1200 peccata.
3152 1132 3265 1189 lllis
3289 1145 3464 1193 autem
3494 1154 3676 1210 cogen-

2109 1210 2269 1277 tibus,
2300 1211 2494 1268 clarius
2522 1228 2673 1271 suam
2701 1221 2945 1277 enuntiat
2983 1232 3321 1291 potestatem,
3371 1229 3586 1285 dicens:
3615 1232 3677 1288 llt

2107 1301 2296 1366 sciatis,
2330 1304 2449 1373 quia
2468 1315 2763 1376 potestatem
2808 1311 2954 1367 habet
2994 1312 3163 1371 Filius
3206 1316 3423 1375 hominis
3470 1322 3521 1375 iu
3557 1335 3678 1379 terra

2109 1392 2393 1448 dimittendi
2445 1409 2672 1465 peccata.
2728 1400 2916 1459 Viden’
2942 1415 3199 1476 quantum
3246 1410 3419 1474 abest,
3468 1423 3522 1468 ut
3561 1417 3680 1471 ttulit

2108 1484 2327 1587 atquo-lis
2353 1485 2757 1587 Patri-reputari
2778 1493 2802 1549 ‘i
2823 1493 2939 1551 Non
2968 1497 3111 1553 enim
3138 1498 3308 1555 dixit:
3337 1501 3500 1559 Filius
3518 1504 3678 1562 homi-

2110 1576 2191 1632 nis
2216 1576 2323 1632 alio
2346 1593 2480 1649 opus
2505 1579 2703 1650 habet;
2734 1599 2908 1656 neque
2932 1586 3102 1655 dicit,
3150 1591 3306 1648 Dedit
3349 1593 3424 1649 illi
3466 1608 3682 1666 potesta-

2110 1674 2217 1722 tem
2236 1684 2252 1728 :
2279 1668 2396 1737 sed,
2415 1670 2723 1729 Potestatcm
2744 1676 2910 1733 habet.
2928 1677 3111 1752 Neque
3131 1682 3259 1739 illud
3285 1698 3354 1740 ex
3374 1684 3509 1741 fastu
3528 1688 3645 1744 dicit
3666 1708 3680 1747 :

2109 1758 2214 1817 Sed
2231 1762 2451 1819 utvobis
2471 1768 2839 1837 persuadeam,
2861 1770 3049 1843 inquit,
3071 1789 3160 1830 me
3180 1792 3283 1835 non
3303 1777 3682 1851 blasphemare,

2120 1874 2254 1934 cum
2274 1876 2363 1916 me
2390 1860 2529 1917 facio
2557 1864 2822 1934 aequalem
2851 1863 3020 1921 Deo’.
3044 1864 3254 1938 Ubique
3283 1870 3427 1924 enim
3462 1873 3574 1927 vult
3596 1874 3683 1927 de-

2123 1952 2544 2009 monstrationes
2557 1954 2798 2025 praebere
2812 1956 2988 2012 claras
3002 1958 3382 2031 lirmasque,ut
3399 1977 3521 2018 cum
3535 1964 3682 2020 dicit:

2134 2039 2293 2108 Vade,
2318 2042 2523 2097 ostende
2541 2054 2588 2099 te
2609 2044 2869 2101 sacerdoti
2893 2045 3113 2119 (Matth.
3147 2050 3202 2105 8.
3235 2050 3305 2121 ι)
3329 2071 3342 2107 :
3372 2067 3687 2122 socrumque

2120 2132 2265 2190 Petri
2300 2135 2521 2192 exhibet
2563 2136 2983 2209 ministrantem,
3012 2157 3078 2199 ac
3116 2158 3314 2213 porcos
3370 2147 3683 2217 praecipitari

2122 2225 2454 2328 permittit’.
2491 2226 2585 2286 Sic
2637 2239 2694 2287 et
2734 2247 2914 2300 nunc,
2961 2234 3304 2293 remissionis
3345 2250 3682 2308 peccatorum

2112 2322 2323 2388 signum
2334 2322 2520 2378 statuit
2533 2324 2776 2394 corporis
2792 2326 3153 2386 valetudinem
3171 2347 3186 2397 ;
3209 2331 3528 2388 valetudinis
3547 2347 3685 2399 vero,

2112 2410 2255 2479 quod
2283 2412 2597 2483 grabbatum
2630 2416 2799 2484 tollat,
2827 2433 2897 2475 ne
2921 2428 3201 2491 putaretur
3225 2423 3276 2478 id
3320 2423 3464 2494 quod
3492 2436 3685 2495 gestum

2108 2508 2230 2604 erat
2260 2501 2569 2604 phantasma
2778 2508 2965 2604 l‘ieque
3001 2511 3148 2582 prius
3197 2512 3329 2569 illud
3372 2513 3518 2580 fecit,
3543 2530 3688 2585 quam

2110 2595 2258 2667 ipsos
2284 2595 2686 2669 interrogasset.
2707 2602 2762 2657 5.
2781 2601 2917 2670 Quid
2941 2614 3035 2671 est,
3062 2604 3252 2676 inquit,
3274 2606 3483 2676 facilius
3501 2608 3689 2662 dicere:

2114 2685 2451 2744 Dimittuntur
2491 2692 2582 2747 tibi
2620 2704 2857 2762 peccata,
2886 2713 2957 2753 an
2993 2699 3198 2768 dicere,
3228 2700 3371 2756 Tolle
3407 2700 3691 2773 grabbatum

2114 2790 2278 2848 tuum,
2305 2791 2353 2836 et
2378 2783 2505 2839 uade
2531 2786 2586 2839 in
2607 2788 2814 2843 domum
2839 2792 3017 2846 tuam?
3036 2791 3189 2860 Quod
3214 2802 3395 2850 autem
3421 2796 3569 2857 dicit,
3600 2794 3688 2848 hu-

2109 2872 2340 2942 jusmodi
2369 2885 2453 2932 est
2480 2894 2493 2933 :
2525 2877 2662 2946 Quid
2694 2880 2842 2935 vobis
2865 2881 3073 2938 videtur
3100 2883 3304 2940 facilius
3330 2900 3475 2952 esse,
3511 2900 3693 2956 corpus

2113 2965 2430 3022 dissolutum
2452 2966 2685 3036 firmare,
2708 2979 2799 3027 aut
2815 2973 3005 3029 anima:
3027 2985 3238 3045 peccata
3259 2975 3694 3032 dimitteremur-

2114 3070 2215 3126 pus
2241 3057 2452 3115 ﬁrmare
2473 3069 2636 3117 certe.
2664 3061 2873 3131 Quanto
2892 3066 3033 3121 enim
3059 3067 3233 3122 anima
3257 3070 3595 3140 prazstantior
3620 3079 3694 3125 ert

2114 3162 2371 3219 corpore,
2405 3161 2550 3208 tanto
2580 3168 2792 3225 peccata
2820 3157 3091 3215 dimittere
3133 3160 3303 3231 majus
3340 3171 3424 3217 est
3465 3153 3694 3233 corporis

2112 3243 2388 3299 curatione
2421 3245 2554 3301 :sed
2595 3246 2717 3317 quia
2764 3247 2890 3303 illud
2928 3252 3214 3318 occultum,
3247 3252 3351 3308 hoc
3388 3269 3518 3309 vero
3538 3256 3694 3308 Illalll-

2113 3332 2306 3390 festum
2330 3345 2432 3406 est,
2459 3338 2651 3409 adjicio
2676 3340 2728 3396 id
2750 3342 2889 3410 quod
2919 3344 3095 3399 minus
3123 3354 3225 3410 est,
3244 3347 3339 3401 sed
3367 3348 3622 3419 apertius,
3645 3358 3696 3402 ut

2115 3425 2169 3481 id
2207 3428 2347 3497 quod
2377 3429 2547 3500 majus
2586 3432 2961 3503 occultumque
2988 3444 3071 3490 est
3090 3476 3107 3501 ,
3136 3451 3232 3506 per
3256 3436 3358 3493 hoc
3382 3437 3581 3493 factum
3606 3438 3693 3493 de-

2112 3528 2457 3589 monstretur,
2482 3522 2592 3592 jam
2619 3524 2765 3595 prius
2784 3526 3034 3596 operibus
3051 3528 3294 3583 revelatis
3313 3530 3366 3585 id
3384 3531 3527 3601 quod
3546 3532 3697 3587 Joan-

2114 3626 2212 3667 nes
2253 3612 2480 3683 dixerat,
2512 3615 2612 3681 Qui
2658 3616 2789 3671 tollit
2809 3628 3015 3688 peccata
3039 3621 3216 3674 utendi
3240 3620 3265 3693 -(
3284 3620 3450 3677 Joau.
3494 3626 3547 3679 ί.
3571 3623 3693 3691 291.

2183 3705 2238 3761 ὅ.
2255 3706 2385 3762 Cum
2409 3706 2585 3777 itaque
2602 3706 2754 3777 jussu
2774 3709 2940 3779 ipsius
2955 3712 3293 3777 surrexisset,
3308 3714 3528 3769 domum
3551 3715 3695 3769 illum

2114 3799 2361 3854 remisit:
2389 3798 2475 3855 hic
2515 3808 2727 3856 rursum
2768 3802 3092 3870 ostendens,
3138 3821 3297 3875 quam
3319 3821 3351 3861 a
3386 3806 3531 3862 fastu
3558 3819 3695 3861 esset

2111 3892 2339 3961 alienus,
2361 3908 2583 3966 remque
2603 3895 2744 3949 illam
2769 3896 3082 3966 phantasma
3104 3913 3208 3954 non
3226 3895 3426 3956 fuisse:
3450 3902 3549 3958 bes
3564 3904 3696 3957 enim

2108 3995 2169 4042 et
2189 3989 2357 4044 morbi
2385 3997 2439 4044 et
2457 3990 2701 4045 sanitatis
2723 4000 2886 4047 testes
2908 3991 3142 4049 adhibet.
3164 3994 3279 4065 Ego
3289 3995 3508 4066 quidem
3529 4005 3697 4067 optas-

2112 4090 2248 4142 sem,
2277 4080 2471 4150 inquit,
2502 4095 2599 4151 per
2628 4080 2871 4137 morbum
2912 4092 3056 4138 tuum
3084 4099 3199 4151 eos,
3227 4087 3316 4157 qui
3345 4088 3462 4141 sani
3490 4087 3697 4157 quidem

2112 4172 2380 4240 videntur,
2410 4174 2505 4231 sed
2542 4176 2718 4230 anima
2759 4186 3041 4248 mgrotant,
3074 4193 3267 4235 sanare
3294 4197 3310 4236 :
3333 4184 3458 4251 quia
3498 4196 3623 4237 vero
3652 4181 3696 4234 id

2115 4264 2321 4326 nolunt,
2338 4263 2475 4319 Vade
2500 4267 2551 4320 in
2576 4267 2801 4333 domum,
2830 4276 2885 4323 ut
2926 4284 3019 4325 eos
3048 4271 3137 4340 qui
3177 4271 3247 4327 ibi
3276 4284 3401 4327 sunt
3427 4273 3698 4329 emendes.

2114 4358 2278 4416 Vides
2307 4360 2576 4432 quomodo
2600 4361 2852 4416 ostendat
2874 4377 2935 4418 se
2952 4371 3008 4418 et
3024 4364 3216 4419 animae
3241 4374 3295 4420 et
3323 4366 3566 4437 corporis
3590 4379 3701 4419 esse

2106 4460 2411 4509 creatorem
2427 4455 2450 4507 7
2466 4451 2749 4523 Utriusque
2761 4454 2902 4508 enim
2925 4455 3234 4512 substantiae
3248 4457 3513 4529 paralysin
3534 4465 3698 4519 sanat,

2114 4553 2171 4600 et
2198 4546 2341 4615 quod
2380 4545 2644 4601 occultum
2672 4557 2808 4613 erat,
2836 4562 2905 4602 ex
2934 4562 3002 4604 eo
3041 4549 3185 4619 quod
3216 4549 3558 4606 manifestum
3599 4560 3697 4613 est,

2116 4646 2300 4691 notum
2326 4638 2467 4693 facit.
2496 4641 2741 4694 Attamen
2762 4640 2836 4695 illi
2866 4640 3042 4697 adlmc
3080 4641 3226 4697 humi
3255 4644 3515 4713 repebant
3542 4666 3557 4701 :
3586 4661 3699 4698 nam

2112 4731 2170 4786 8.
2206 4730 2627 4796 Gloriﬁcaveruut
2674 4728 2862 4797 Deum,
2902 4733 3092 4804 inquit,
3137 4736 3225 4805 qui
3250 4735 3389 4789 dedit
3411 4747 3699 4807 potestatem

2117 4822 2268 4876 talem
2301 4822 2620 4887 hominibus;
2644 4823 2771 4893 ipsis
2796 4822 2938 4879 enim
2979 4836 3105 4880 caro
3125 4825 3428 4881 resistebat.
3458 4827 3559 4882 Ille
3584 4842 3703 4882 vero

2118 4928 2223 4968 non
2252 4914 2542 4985 increpavit
2557 4928 2671 4981 eos,
2700 4913 2793 4969 sed
2822 4914 3042 4985 prodest
3067 4924 3243 4971 tamen
3278 4917 3402 4978 illis,
3427 4930 3525 4987 per
3546 4932 3701 4987 opera

2117 5008 2375 5073 excitans,
2401 5012 2694 5077 eorumque
2715 5007 2949 5062 animum
2978 5007 3030 5062 in
3054 5008 3283 5063 sublime
3306 5009 3540 5079 erigens.
3569 5006 3699 5064 lute-

2119 5100 2221 5155 rim
2249 5114 2378 5155 vero
2403 5115 2507 5154 non
2539 5115 2760 5171 parvum
2785 5109 2925 5165 erat,
2969 5100 3109 5171 quod
3157 5102 3397 5156 onmium
3433 5101 3701 5155 hominum

2120 5195 2383 5248 maximus
2411 5193 2716 5259 haberetur,
2738 5192 2987 5264 quodque
3007 5209 3037 5247 a
3064 5193 3175 5248 Deo
3201 5193 3384 5248 venire
3409 5203 3703 5263 putaretur.

2118 5280 2249 5343 Nam
2273 5289 2314 5341 si
2342 5288 2454 5341 tunc
2476 5286 2700 5341 ﬁrmiter
2728 5297 2907 5341 mente
2960 5287 3280 5346 tenuissent.
3306 5286 3522 5355 paulum
3550 5284 3705 5355 proli

2118 5382 2319 5434 cientes
2360 5381 2696 5448 agnovissent
2733 5378 2906 5448 ipsum
2927 5392 3047 5432 esse
3074 5378 3165 5432 Dei
3195 5375 3407 5433 Filium.
3463 5374 3570 5431 Sed
3600 5376 3705 5429 iure

2120 5487 2226 5528 non
2271 5473 2491 5527 lirmiter
2537 5473 2890 5535 retinuerunt,
2923 5471 3151 5542 ideoque
3198 5471 3450 5527 accedere
3479 5482 3586 5525 non
3615 5484 3703 5540 po-

2186 5614 2201 5646 ¹
2239 5613 2333 5662 Alii
2355 5612 2556 5669 habent,
2581 5611 2717 5661 aliud
2739 5610 2929 5671 signum
2952 5607 3065 5660 huic
3083 5607 3312 5673 adjtmgo.

2185 5678 2205 5745 ξ
2361 5674 2550 5737 legunt,
2574 5677 2743 5741 .Patri,
2768 5691 2873 5745 pro,
2901 5676 3019 5728 Deo.

2186 5739 2207 5771 ⁸
2239 5736 2353 5798 Alii,
2376 5737 2679 5801 pt'a't'tjntm‘t
2708 5736 2852 5793 iubet.
