3922 6300
347 255 454 316 οιι

345 389 569 451 τούτους
609 384 840 438 ποιεῖται
879 380 969 434 καὶ
1007 380 1108 451 τῆς
1145 380 1378 449 ὑγιείας.
1414 381 1557 449 Ἐγὼ
1594 382 1692 450 μὲν
1725 382 1835 453 γὰρ
1869 383 2023 435 ἐϐου-

344 472 540 544 λύμην,
577 467 731 539 φησὶ,
777 464 865 518 διὰ
895 463 988 517 τοῦ
1041 461 1134 516 σοῦ
1185 462 1390 528 πάθους
1428 465 1522 517 καὶ
1561 464 1688 527 τοὺς
1733 464 2024 529 δοκοῦντας

346 553 631 623 ὑγιαίνειν,
654 547 940 610 νοσοῦντας
964 546 1019 599 δὲ
1043 547 1145 617 τὴν
1165 546 1421 611 διάνοιαν,
1447 545 1810 618 θεραπεῦσαι’
1836 547 2023 620 ἐπειδὴ

345 638 401 690 δὲ
429 637 489 690 ού
525 635 825 706 βούλονται,
855 631 1011 686 ἄπιθι
1045 630 1248 692 οἴκαδε,
1278 631 1403 692 τοὺς
1436 631 1552 682 ἐκεῖ
1574 629 2020 701 διορθωσόμενος.

357 721 518 789 Ὁρᾷς
561 717 679 778 πῶς
721 715 962 769 δείκνυσι
1002 713 1096 765 καὶ
1124 710 1317 789 ψυχῆς
1346 710 1442 763 καὶ
1477 710 1746 779 σωμάτων
1775 712 1821 743 ⁸³
1861 710 2024 763 αὑτὸν

343 788 472 853 δντα
511 797 881 870 δημιουργόν;
923 795 1222 866 Ἐκατέρας
1260 788 1354 846 οὖν
1393 793 1440 824 ³³
1473 793 1661 856 οὐσίας
1699 792 1798 865 τὴν
1843 793 2023 863 παρά-

343 883 498 938 λυσιν
535 885 703 947 ίᾶται,
735 880 911 934 καὶτὸ
939 878 1142 948 ἀφανὲς
1172 879 1237 930 ἐκ
1261 875 1354 929 τοῦ
1386 875 1622 946 φανεροῦ
1652 875 1808 944 δῆλον
1843 879 2020 929 ποιεῖ’

341 966 618 1036 ἀλλ’ὃμως
635 963 713 1018 ἔτι
734 963 909 1034 χαμαὶ
925 962 1196 1031 σύρονται.
1217 960 1469 1024 Ἰδόντες
1485 958 1589 1031 γάρ
1607 960 1658 1012 οί
1677 958 1844 1027 ὄχλοι
1860 959 2025 1014 ἐθαύ-

339 1064 565 1118 μασαν,
611 1047 709 1100 καί
749 1046 1052 1110 ἐδόξασαν
1084 1043 1131 1075 ’⁸
1168 1042 1274 1096 τὸν
1313 1042 1480 1105 Θεὸν,
1505 1041 1689 1111 φησὶν,
1715 1042 1822 1094 τὸν
1840 1042 2022 1095 δόντα

341 1130 635 1194 ἐξουσίαν
676 1129 958 1194 τοιαύτην
992 1125 1116 1192 τοῖς
1144 1123 1507 1192 ἀνθρὼποις’
1536 1124 1867 1194 προσίστατο
1913 1125 2022 1198 γὰρ

341 1215 526 1277 αὑτοῖς
565 1213 600 1284 ἡ
632 1211 790 1282 σάρξ.
817 1210 988 1273 Αὐτὸς
1011 1210 1068 1262 δὲ
1096 1209 1279 1271 αὑτοῖς
1302 1207 1402 1260 οὑκ
1438 1207 1693 1277 ἐπετίμα,
1721 1208 1856 1261 ἀλλά
1885 1209 2020 1279 πρό-

342 1315 450 1351 εισι
473 1295 562 1350 διά
598 1295 705 1349 τῶν
733 1293 908 1364 ἔργων
942 1293 1170 1364 ἐγείρων
1191 1293 1410 1355 αὐτοὺς,
1447 1291 1542 1345 καί¹
1575 1292 1777 1364 ὑψηλὸν
1803 1294 1865 1347 τὸ
1893 1291 2022 1363 φρό-

340 1396 489 1451 νημα
543 1377 732 1432 ποιῶν.
767 1376 916 1440 Τέως
954 1375 1064 1446 γάρ
1108 1376 1208 1428 οὑκ
1251 1371 1318 1446 ἦν
1370 1376 1564 1446 μικρὸν
1603 1375 1664 1429 τὸ
1705 1376 2021 1447 νομίζεσθαι

341 1463 558 1516 πάντων
587 1460 891 1531 ἀνθρώπων
920 1460 966 1492 ⁸⁸
989 1455 1128 1511 εἶναι
1155 1456 1346 1527 μείζω,
1378 1457 1471 1510 καί
1499 1459 1650 1527 παρά
1675 1457 1808 1512 Θεοῦ
1837 1461 2014 1530 ἥκειν.

340 1545 404 1598 Εἰ
441 1545 551 1614 γὰρ
595 1544 770 1597 ταῦτα
806 1543 990 1604 καλῶς
1029 1541 1368 1596 ἐϐεϐαίωσαν
1406 1541 1536 1613 παρ’
1571 1543 1783 1606 ἑαυτοῖς
1810 1544 1879 1608 ⁸⁸,
1910 1543 2018 1614 ὁδῷ

340 1627 726 1700 προϐαίνοντες
758 1626 1002 1695 ἔγνωσαν
1029 1623 1117 1688 ἂν,
1156 1626 1239 1679 ὅτι
1270 1625 1366 1678 καὶ
1393 1623 1530 1677 Θεοῦ
1571 1623 1701 1687 Υἱὸς
1741 1620 1827 1696 ἦν.
1868 1625 2014 1678 Ἀλλ’

339 1715 400 1765 οὑ
431 1711 694 1781 κατέσχον
736 1711 910 1762 ταῦτα
944 1709 1166 1778 σαφῶςο
1213 1708 1304 1762 διὰ
1342 1707 1502 1761 τοῦτο
1539 1708 1662 1761 οὑδὲ
1695 1708 2017 1780 προσελθεῖν

338 1795 706 1866 ἠδυνήθησαν.
740 1794 966 1862 Ἔλεγον
1011 1793 1121 1864 γάρ
1170 1793 1360 1847 πάλιψ
1407 1789 1597 1859 Οὗτος
1633 1795 1668 1847 ό
1705 1793 2018 1861 ἄνθρωπος

337 1880 450 1932 οὐκ
479 1879 611 1931 ἔστι
652 1875 809 1944 παρὰ
847 1875 956 1930 τοῦ
999 1875 1179 1931 Θεοῦ·
1213 1873 1340 1942 πῶς
1362 1877 1406 1908 ’⁷
1439 1877 1610 1929 ἐστιν
1643 1871 1822 1942 οὗτος
1855 1880 2017 1946 παρὰ

337 1962 445 2030 τοῦ
490 1959 674 2024 Θεοῦ;
719 1961 828 2014 Καὶ
857 1958 1096 2030 συνεχῶς
1134 1959 1273 2013 αὑτά
1325 1959 1606 2030 ἔστρεφον,
1651 1960 1761 2012 τῶν
1801 1961 2018 2017 οἰκείων

342 2043 531 2097 παθῶν
555 2042 730 2097 ταῦτα
751 2041 1177 2113 προϐαλλόμενοι
1201 2041 1662 2111 προκαλύμματα.
1679 2041 1724 2075 ⁸⁸
1748 2043 1812 2095 Ὃ
1835 2042 2018 2098 πολλοὶ

340 2128 434 2182 καὶ
463 2126 557 2180 νῦν
586 2125 822 2190 ποιοῦσι,
850 2127 943 2178 καὶ
967 2125 1058 2178 τὸν
1080 2123 1213 2176 Θεὸν
1243 2123 1523 2187 δοκοῦντες
1553 2124 1808 2191 ἐκδικεῖν,
1837 2126 2014 2179 οἰκεῖα

339 2210 608 2282 πληροῦσι
650 2209 820 2282 πάθη,
853 2208 972 2262 δέον
1010 2207 1125 2277 μετ’
1167 2207 1466 2268 ἐπιεικείας
1497 2205 1711 2259 ἅπαντα
1750 2208 2012 2277 μετιέναι.

341 2295 450 2347 Καὶ
480 2293 588 2365 γάρ
617 2295 646 2347 6
678 2291 785 2345 τῶν
818 2290 954 2345 ὅλων
996 2289 1149 2354 Θεὸς,
1184 2289 1425 2360 σκηπτὸν
1463 2288 1762 2358 δυνάμενος
1799 2289 2016 2358 ἀφιέναι

338 2378 432 2432 ἐπὶ
467 2377 594 2439 τοὺς
625 2372 1077 2446 βλασφημοῦντας
1099 2372 1281 2432 αὑτὸν,
1305 2371 1393 2424 τὸν
1417 2371 1569 2442 ἦλιον
1600 2372 1898 2430 ἀνατέλλει.
1920 2373 2017 2428 καὶ

337 2461 466 2523 τοὺς
497 2459 738 2531 ὄμϐρους
780 2457 994 2528 ἀφίησι,
1048 2456 1143 2510 καὶ
1168 2455 1237 2511 τά
1267 2455 1400 2509 ἀλλα
1448 2455 1626 2510 πάντα
1674 2455 1810 2525 μετά
1859 2455 2018 2524 δαψι-

319 2542 488 2606 ιλείας
540 2542 774 2612 παρέχει
801 2557 816 2573 ο
849 2540 908 2593 ὃν
953 2541 1060 2612 χρὴ
1102 2540 1197 2594 καὶ
1230 2539 1378 2609 ἡμᾶς
1416 2538 1787 2609 μιμουμένους
1838 2555 2018 2608 παρα-

338 2623 545 2687 καλεῖν,
576 2624 884 2694 παραινεῖν,
915 2621 1188 2676 νουθετεῖν
1222 2620 1360 2690 μετά
1389 2619 1714 2689 πραότητος,
1743 2619 1842 2671 οὐκ
1873 2621 2018 2690 ὀργι-

339 2708 621 2779 ζομένους,
654 2706 776 2760 ούδέ
805 2705 1282 2776 ἐκθηριουμένους.
1314 2703 1448 2760 Οὑδὲ
1479 2703 1588 2774 γάρ
1614 2702 1783 2774 βλάϐη
1817 2721 1903 2766 τις
1935 2705 2016 2769 εἰς

336 2793 429 2847 τὸν
455 2792 586 2848 Θεὸν
618 2791 726 2844 ἀπὸ
747 2793 842 2860 τῆς
869 2789 1214 2860 βλασφημίας
1244 2788 1504 2850 ἐκϐαίνει,
1533 2787 1618 2839 ἵνα
1651 2786 1906 2858 θυμωθῇς
1929 2791 1973 2820 ⁸⁸
1998 2805 2012 2816 ·

342 2873 463 2927 ἀλλ’
492 2874 521 2929 6
558 2871 958 2942 βλασφημήσας
987 2871 1149 2934 αὐτὸς
1170 2871 1264 2922 καὶ
1295 2870 1355 2922 τὸ
1375 2868 1593 2940 τραῦμα
1626 2869 1836 2924 ἐλαϐεν.
1870 2871 2013 2923 Οὐκ-

338 2955 436 3012 οῦν
481 2953 770 3020 στέναξον,
822 2953 1092 3024 θρήνησον
1129 2969 1142 2984 ο
1189 2951 1282 3006 καὶ
1333 2953 1441 3021 γὰρ
1468 2949 1718 3020 δακρύων
1761 2951 1911 3016 ἀξιον
1953 2952 2016 3007 τὸ

340 3038 532 3102 πάθος.
555 3037 659 3091 Καὶ
685 3038 776 3091 τὸν
799 3035 1272 3110 τραυματισθέντα
1305 3035 1362 3088 δέ
1401 3034 1550 3087 οὐδὲν
1579 3034 1752 3098 οὕτως
1789 3035 1864 3098 ὡς
1895 3037 2012 3089 ἐπι-

341 3122 517 3176 είκεια
545 3120 880 3192 θεραπεῦσαι
911 3119 1156 3175 δύναται.
1201 3117 1503 3172 Ἐπιείκεια
1532 3117 1641 3188 γάρ
1675 3119 1857 3187 πάσης
1893 3119 2014 3189 βίας

339 3205 703 3274 δυνατωτέρα,
728 3204 870 3274 Ὅρα
916 3202 1050 3272 γοῦν
1094 3201 1212 3265 πῶς
1253 3202 1416 3266 αὑτὸς
1455 3204 1586 3274 ἡμῖν
1614 3205 1643 3256 6
1681 3203 2013 3275 ὑϐρισμένος

340 3289 678 3357 διαλέγεται,
727 3287 824 3343 καὶ
866 3287 960 3341 ἐπὶ
1011 3287 1112 3357 τῆς
1163 3285 1411 3348 Παλαιᾶς
1460 3287 1554 3342 καί
1590 3286 1684 3340 ἐπὶ
1733 3287 1832 3357 τῆς
1862 3287 2011 3360 [546]

344 3373 550 3441 Καινῆς
571 3390 585 3404 ·
616 3373 732 3424 ἐκεῖ
763 3371 859 3442 μὲν
888 3371 1084 3439 λέγων,
1133 3370 1289 3435 Λαός
1315 3387 1457 3439 μου,
1491 3371 1549 3424 τί
1586 3370 1846 3437 ἐποίησὰ
1880 3385 2013 3435 σοι;

340 3455 575 3508 ἐνταῦθα
607 3454 687 3518 δὲ,
711 3454 930 3517 Σαῦλε,
960 3452 1177 3517 Σαῦλε,
1210 3451 1268 3505 τί
1290 3469 1366 3522 με
1395 3451 1655 3520 διώκεις;
1683 3454 1792 3506 Καὶ
1814 3455 1842 3507 6
1871 3452 2016 3508 Παῦ-

1131 253 1189 310 8.
1231 251 1519 311 JOANNIS
1554 251 2048 310 CHRYSOSTOMI
2083 250 2406 309 ARCHIEP.
2447 238 3002 312 CONSTANTINOP;

3687 250 3798 309 ΜΞ

2123 368 2214 432 λος
2239 367 2298 422 δὲ
2335 371 2394 424 ἐν
2419 370 2686 443 πραότητι
2731 369 2940 423 κελεύει
2968 366 3244 422 παιδεύειν
3277 365 3403 431 τοὺς
3438 364 3802 420 ἀντιδιατιθε-

2127 449 2342 521 μένους.
2359 452 2468 506 Kal
2482 453 2558 522 τῷ
2582 454 2800 525 Χριστῷ
2821 453 2879 508 δέ
2904 455 2919 486 ³
2946 453 3110 524 ἡνίκα
3130 451 3439 523 προσῄεσαν
3474 449 3525 503 οἰ
3555 449 3803 520 μαθηταὶ

2123 534 2405 600 ἀξιοῦντες
2433 535 2544 606 πῦρ
2585 537 2889 607 καταϐῆναι
2925 537 2990 588 ἐκ
3025 534 3119 588 τοῦ
3153 533 3382 602 ούρανοῦ
3405 571 3421 596 ,
3464 531 3670 602 σφόδρα
3703 533 3802 584 ἐπ-

2123 617 2382 687 ετίμησεν
2411 619 2594 680 αὐτοῖς
2611 617 2783 687 λέγων
2806 635 2818 648 ·
2855 620 2978 672 οὐκ
3013 617 3212 674 οἴδατε
3246 618 3422 672 ποίου
3454 615 3805 684 πνεύματός

2122 701 2264 754 ἐστε
2304 701 2489 770 ὑμεῖς.
2524 702 2634 755 Καὶ
2670 701 2901 755 ἐνταῦθα
2933 701 2992 754 δὲ
3019 702 3121 754 οὑκ
3160 696 3334 762 εἶπεν,
3357 697 3430 753 Ὦ
3475 700 3666 770 μιαροὶ
3703 697 3807 752 καὶ

2123 783 2320 854 γόητες
2347 784 2533 853 ὑμεῖς·
2570 777 2616 836 ὦ
2656 783 2913 852 βάσκανοι
2942 785 3035 838 καὶ
3071 784 3171 853 τῆς
3211 784 3318 836 τῶν
3333 782 3649 860 ,ἀνθρώπων
3691 794 3806 834 σω-

2122 867 2318 936 τηρίας
2343 865 2557 935 ἐχθροί·
2593 866 2750 930 ἀλλὰ,
2791 868 2850 920 Τί
2879 865 3241 935 ἐνθυμεῖσθε
3269 865 3503 934 πονηρὰ
3552 865 3626 917 ἐν
3665 863 3806 928 ταῖς

2124 949 2391 1017 καρδίαις
2417 947 2622 1017 ὑμῶν;
2653 952 2744 1001 Δεῖ
2765 949 2944 1003 τοίνυν
2980 949 3096 1020 μετ’
3141 948 3440 1011 ἐπιεικείας
3469 947 3717 1018 ἐξαίρειν
3739 947 3807 998 τὸ

2123 1033 2354 1102 νόσημα.
2408 1033 2466 1085 Ὁ
2498 1033 2605 1105 γάρ
2644 1032 2794 1101 φόϐῳ
2853 1033 3144 1103 γενόμενος
3178 1033 3504 1104 ἀνθρωπίνῳ
3542 1029 3802 1102 βελτίων,

2122 1116 2330 1186 ταχέως
2374 1115 2633 1186 ἐπανήξει
2677 1116 2812 1186 πρὸς
2844 1117 2944 1187 τὴν
2975 1115 3239 1186 πονηρίαν
3269 1116 3452 1169 πάλιν.
3497 1113 3600 1167 Διὰ
3635 1111 3808 1166 τοῦτο

2123 1202 2216 1254 καὶ
2241 1200 2311 1254 τὰ
2356 1199 2570 1264 ζιζάνια
2618 1199 2883 1271 ἀφεθῆναι
2919 1198 3172 1252 ἐκέλευσε
3196 1242 3210 1264 ,
3241 1198 3414 1262 διδοὺς
3455 1197 3809 1270 προθεσμίαν

2125 1282 2432 1355 μετανοίας.
2467 1281 2658 1336 Πολλοὶ
2697 1281 2827 1350 γοῦν
2875 1283 3056 1336 αὐτῶν
3108 1283 3454 1352 μετενόησαν,
3492 1282 3589 1334 καὶ
3634 1282 3808 1348 γεγόο

2122 1385 2245 1422 νασι
2271 1366 2570 1433 σπουδαῖοι,
2603 1367 2863 1436 πρότερον
2889 1365 3036 1428 ὄντες
3075 1365 3287 1434 φαῦλοι,
3307 1361 3418 1418 οἷον
3447 1367 3474 1417 6
3504 1361 3749 1425 Παῦλος,
3778 1363 3810 1414 6

2120 1451 2382 1520 τελώνης,
2403 1453 2432 1503 6
2455 1449 2658 1521 λῃστής
2677 1465 2690 1479 °
2723 1450 2816 1502 καὶ
2848 1448 2956 1516 γὰρ
2977 1448 3193 1513 ζιζάνια
3209 1449 3360 1511 ὄντες
3383 1440 3529 1500 οὗτοι
3554 1447 3625 1478 ⁹ο³
3650 1449 3807 1509 σῖτος

2121 1532 2407 1599 γεγόνασιν
2433 1532 2660 1602 ὥριμος.
2706 1531 2829 1584 Ἐπὶ
2865 1531 2963 1602 μὲν
2996 1531 3104 1601 γὰρ
3131 1531 3236 1584 τῶν
3268 1532 3602 1602 σπερμάτων
3638 1529 3810 1582 τοῦτο

2121 1617 2402 1686 ἀμήχανον
2421 1632 2435 1646 ·
2463 1616 2555 1668 ἐπὶ
2587 1614 2644 1668 δὲ
2675 1613 2776 1683 τῆς
2809 1614 3187 1686 προαιρέσεως
3230 1613 3408 1685 ρᾁιόν
3427 1630 3486 1666 τε
3514 1611 3610 1666 καὶ
3642 1610 3812 1665 εὔκο-

2119 1697 2207 1752 λον
2227 1715 2241 1728 ·
2271 1698 2332 1751 οὑ
2361 1698 2470 1768 γὰρ
2509 1695 2724 1767 φύσεως
2752 1697 2900 1768 ὅροις
2929 1695 3070 1767 αῦτη
3105 1696 3332 1759 δέδεται,
3361 1696 3476 1750 ἀλλ’
3507 1694 3811 1767 ἐλευθερία

2119 1785 2492 1856 προαιρέσεως
2533 1785 2842 1856 τετίμηται.
2881 1785 3052 1838 Ὅταν
3088 1784 3265 1838 τοίνυν
3307 1785 3420 1856 ἴδῃς
3461 1782 3660 1854 ἐχθρὸν
3704 1783 3812 1853 τῆς

2118 1873 2396 1945 ἀληθείας,
2423 1873 2780 1944 θεράπευσον,
2811 1873 3164 1944 ἐπιμέλησαι,
3211 1871 3348 1943 πρὸς
3382 1871 3587 1940 ἀρετὴν
3625 1872 3808 1924 ἐπανο

2117 1963 2310 2030 ἀγαγε.
2335 1963 2445 2032 βίον
2468 1960 2908 2032 ἐπιδεικνύμενος
2929 1961 3171 2031 ἄριστον,
3201 1959 3359 2027 λόγον
3382 1959 3768 2030 παρεχόμενος
3786 1962 3811 1990 ⁸

2117 2051 2574 2118 ἀκατάγνωστον,
2620 2049 2952 2118 προστασίαν
3001 2049 3095 2102 καὶ
3136 2046 3461 2119 κηδεμονίαν
3510 2047 3810 2118 παρέχων,

2119 2140 2296 2194 πάντα
2346 2139 2545 2209 τρόπον
2591 2139 2757 2193 κινῶν
2787 2139 3146 2211 διορθώσεως,
3188 2138 3316 2201 τοὺς
3374 2136 3632 2208 ἀρίστους
3689 2135 3807 2188 τῶν

2121 2228 2322 2299 ἰατρῶν
2368 2227 2720 2298 μιμούμενος.
2749 2227 2884 2281 Οὑδέ
2925 2227 3032 2298 γὰρ
3067 2227 3265 2278 ἐκεῖνοι
3299 2223 3420 2278 καθ’
3451 2225 3548 2277 ἐνα
3591 2224 3810 2294 τρόπον

2119 2315 2477 2388 θεραπεύουσι
2515 2316 2696 2386 μόνον,
2733 2315 2848 2369 ἀλλ’
2870 2317 2995 2370 ὅταν
3015 2315 3195 2369 ἴδωσιν
3227 2314 3328 2367 οὑκ
3363 2308 3507 2366 εἵκον
3531 2312 3594 2365 16
3633 2312 3808 2377 ἕλκος

2116 2404 2194 2476 τῷ
2232 2404 2483 2475 προτέρῳ
2513 2403 2813 2475 φαρμάκῳ,
2845 2402 3226 2475 προστιθέασιν
3269 2402 3488 2472 ἕτερον,
3530 2400 3628 2453 καὶ
3681 2401 3810 2470 μετ’

2118 2493 2294 2546 ἐκεῖνο
2326 2491 2485 2544 πάλιν
2509 2490 2670 2544 άλλοο
2718 2493 2812 2544 καὶ
2855 2490 2949 2543 νῦν
2983 2490 3082 2561 μὲν
3121 2490 3403 2560 τέμνουσι,
3444 2486 3538 2541 νῦν
3566 2487 3625 2542 δὲ
3677 2489 3810 2542 ἐπι-

2115 2580 2397 2651 δεσμοῦσι.
2415 2582 2524 2635 Καὶ
2554 2583 2619 2636 σὺ
2647 2582 2825 2636 τοίνυν
2845 2580 3032 2651 ψυχῶν
3069 2580 3250 2652 ἰατρὸς
3279 2580 3592 2650 γενόμενος,
3615 2580 3812 2633 πάντα

2119 2668 2259 2722 κίνει
2295 2668 2588 2739 θεραπείας
2610 2669 2812 2738 τρόπον
2842 2667 2984 2722 κατά
3009 2668 3139 2731 τοὺς
3166 2667 3260 2720 τοῦ
3296 2665 3528 2736 Χριστοῦ
3569 2664 3806 2734 νόμους,

2118 2757 2206 2810 ἵνα
2235 2756 2329 2809 καὶ
2356 2757 2456 2826 τῆς
2481 2754 2679 2810 σαυτοῦ
2715 2756 2994 2828 σωτηρίας
3015 2756 3111 2809 καὶ
3145 2756 3244 2826 τῆς
3289 2756 3490 2826 ἐτέρων
3522 2755 3810 2823 ὠφελείας

2118 2843 2290 2914 λάϐῃς
2322 2843 2530 2914 μισθὸν,
2561 2845 2637 2906 εἰς
2676 2841 2834 2908 δόξαν
2871 2843 3006 2897 Θεοῦ
3047 2845 3225 2898 πάντα
3267 2842 3453 2906 ποιῶν,
3486 2843 3583 2896 καί⁵
3619 2844 3812 2918 ταύτῃ

2119 2931 2214 2983 καὶ
2255 2931 2414 2995 αὑτὸς
2437 2930 2808 3002 δοξαζόμενος.
2859 2931 3005 2998 Τοὺς
3038 2929 3396 2997 δοξάζοντας
3434 2930 3544 2999 γάρ
3579 2948 3659 3000 με
3705 2933 3811 2984 δο-

2120 3017 2306 3082 ξάσω,
2343 3019 2508 3089 φησί’
2558 3019 2657 3073 καὶ
2694 3022 2749 3075 ol
2791 3018 3258 3085 ἐξουθενοῦντές
3279 3035 3356 3087 με
3393 3018 3811 3087 ἐξουθενωθή-

2119 3122 2329 3159 σονται
2349 3107 2391 3159 ³.
2424 3106 2608 3162 Πάντα
2643 3108 2822 3161 τοίνυν
2842 3108 2922 3170 εἰς
2946 3106 3101 3172 δόξαν
3136 3105 3302 3160 αὐτοῦ
3331 3105 3690 3176 πράττωμεν,
3721 3108 3811 3160 ἵνα

2117 3193 2216 3262 τῆς
2251 3193 2528 3264 μακαρίας
2566 3195 2780 3266 ἐκείνης
2812 3193 3156 3264 ἐπιτύχωμεν
3180 3194 3200 3223 ⁸
3227 3192 3459 3263 λήξεως·
3489 3187 3556 3266 ἦς
3587 3193 3811 3261 γένοιτο

2118 3280 2329 3344 πάντας
2367 3283 2516 3352 ἡμᾶς
2560 3284 2868 3353 ἐπιτυχεῖν,
2913 3283 3094 3352 χάριτι
3138 3280 3234 3334 καὶ
3274 3279 3660 3353 φιλανθρωπίᾳ
3707 3282 3809 3338 τοῦ

2109 3367 2325 3439 Κυρίου
2359 3369 2514 3439 ἡμῶν
2551 3369 2724 3440 Ἰησοῦ
2751 3369 3010 3440 Χριστοῦ,
3050 3362 3094 3436 ᾧ
3134 3371 3166 3440 ἡ
3199 3368 3328 3433 δόξα
3364 3367 3458 3422 καί⁸
3489 3367 3550 3421 τὸ
3595 3371 3810 3439 κράτος

2120 3454 2202 3518 εἰς
2226 3455 2352 3518 τοὺς
2378 3456 2582 3520 αἰῶνας
2610 3456 2718 3509 τῶν
2739 3456 2970 3512 αἰώνων.
3008 3457 3205 3527 ’Δμήν.

410 3578 458 3652 _"_
495 3578 744 3649 σώματος
790 3577 851 3652 F_.
925 3577 972 3652 ’ξ
997 3575 1267 3652 οὑνῙῌγ-ᾲρ
1420 3575 1466 3610 ⁸⁸
1506 3575 1745 3652 Ἰδόντες.

2262 3577 2471 3652 ῑό-ξασαν
2504 3579 2614 3650 γάρ
2641 3581 2778 3652 (ρει.
2800 3580 3052 3652 omissis)
3075 3581 3209 3636 Edd.
3279 3582 3328 3614 "
3357 3580 3465 3652 τῶν
3493 3580 3811 3652 ἀνθρώπων

343 3647 480 3703 Ειίιι.
515 3645 655 3717 μίν.
702 3647 851 3717 παρά
885 3645 1148 3717 τοῦΘεόῦ
1177 3645 1249 3700 FQ
1314 3647 1362 3717 '_°
1396 3647 1527 3717 παρ’
1557 3647 1740 3710 αὐτοῖς
1778 3648 1843 3706 Α.
1877 3647 1940 3701 C.
1972 3657 2026 3700 et

343 3787 627 3856 ἀλλά-μετ’
658 3787 952 3856 ἐπιεικείας
980 3785 1251 3856 νουθετεῖν
1279 3786 1345 3839 Α.

2060 3647 2247 3722 βτί-Ι).-
2269 3647 2391 3722 Haec
2422 3647 2737 3722 “(di-spy".
2769 3651 2820 3722 in
2852 3649 2988 3704 Mur.
3025 3651 3167 3722 Βιιῐι.
3231 3652 3276 3683 ’⁷
3312 3651 3452 3722 πῶς]
3486 3653 3581 3704 καὶ
3598 3647 3807 3717 πάλιν,

344 3718 461 3780 πῶς
491 3713 556 3771 Ᾰ.
582 3713 890 3771 ιίιοιιειιίιιιη
923 3716 1062 3779 πῶς.
1100 3757 1114 3769 .
1155 3757 1169 3771 .
1213 3713 1346 3768 Θεοῦ
1395 3713 1502 3769 nui]
1537 3717 1666 3786 legit
1690 3717 1752 3771 (Ζ.
1829 3717 1877 3750 ’⁸
1909 3713 2195 3772 ΗΘΙΚΟΝ.
2223 3719 2346 3771 Ὅτι
2374 3721 2498 3781 τοὺς
2536 3720 2935 3788 σφαλλομένους
2973 3723 3052 3783 εἰς
3085 3721 3214 3774 Θεὸν
3246 3722 3306 3774 οὑ
3336 3713 3416 3774 δεῖ

344 3787 627 3856 ἀλλά-μετ’
658 3787 952 3856 ἐπιεικείας
980 3785 1251 3856 νουθετεῖν
1279 3786 1345 3839 Α.
1442 3786 1487 3817 ⁹’
1511 3785 1736 3856 θυμωθῇ
1779 3786 1840 3839 F.
1883 3786 2036 3840 Arm.
2144 3789 2159 3819 ‘
2197 3788 2276 3856 τῷ
2314 3790 2533 3856 Χριστῷ
2567 3789 2645 3856 δὲ]
2709 3790 2800 3843 Sic
2848 3789 3000 3844 codd.
3055 3799 3108 3844 et
3154 3793 3306 3844 Arm.
3356 3792 3416 3844 αὖ

348 3850 616 3929 ³⁸³ὀὑτοιῖ
643 3855 813 3919 οὑτως
850 3855 984 3909 Edd.
1061 3855 1083 3886 ³⁵
1114 3856 1525 3925 προτεινόμενος
1556 3850 1622 3911 Ᾱ.
1651 3850 1746 3908 τὸν
1774 3856 1930 3924 λόγον
1959 3874 2091 3928 παρ.
2120 3850 2258 3914 Εάάξ
2333 3850 2716 3924 ⁵ἰίξουδενῘΑ.
2750 3860 2811 3914 D.
2839 3860 2921 3915 bis
2951 3860 3012 3914 C.
3088 3861 3108 3889 '
3127 3861 3446 3932 ἀξιωθῶμεν
3470 3850 3534 3915 Ᾰ.

2144 3722 2195 3772 Ἴ.
2223 3722 2346 3771 Ὀτι
2374 3722 2498 3781 τοὺς
2536 3722 2935 3792 σφαλλομένους
2973 3723 3052 3783 εἰς
3085 3722 3214 3774 Θεὸν
3246 3722 3306 3774 οὑ
3336 3722 3416 3774 δεῖ
3493 3723 3567 3774 ετ’
3599 3722 3805 3793 ὀργῆς,

2144 3788 2276 3860 [τῷ
2314 3790 2533 3860 Χριστῷ
2567 3789 2645 3860 δὲ]
2709 3790 2800 3843 Sic
2848 3789 3000 3844 codd.
3055 3799 3108 3844 et
3154 3793 3306 3844 Arm.
3356 3740 3518 3854 αὐτῗς
3560 3791 3621 3844 δὲ
3656 3794 3801 3850 liud.

1820 4021 1967 4094 [δι-ι]
2008 4025 2252 4080 OMIAIA
2289 4027 2367 4079 Λα.

348 4118 454 4175 Καὶ
491 4115 770 4184 παράγων
797 4117 829 4168 ὁ
863 4114 1102 4180 Ἰησοῦς
1131 4113 1378 4176 ἐκεῖθεν,
1401 4110 1562 4168 εἷδεν
1583 4114 1898 4182 ἄνθρωπον
1920 4116 2018 4168 ἐπὶ

417 4188 483 4240 τὸ
514 4185 798 4255 τελώνιον
825 4184 1183 4254 καθήμενον,
1211 4184 1514 4238 Ματθιιῖον
1530 4187 1893 4255 λεγόμενον·
1918 4187 2018 4241 καὶ

415 4258 578 4328 ,λέγει
616 4254 806 4320 αὐτῷ·
839 4275 857 4306 ι
895 4256 1226 4309 Ἀκολούθει
1243 4271 1367 4324 μοι.
1403 4273 1422 4306 ι

422 4371 490 4418 α’.
517 4363 756 4432 Ποιήσας
776 4360 884 4434 γὰρ
907 4361 927 4393 ⁷
950 4360 1012 4414 τὸ
1033 4359 1218 4432 θαῦμα
1237 4359 1337 4415 οὐκ
1366 4358 1676 4431 ἐπέμεινεν,
1707 4360 1795 4416 ῖνα
1822 4359 1896 4431 μὴ
1930 4359 2020 4414 τὸν

347 4450 509 4520 ζῇλον
545 4445 720 4518 ἐξάψῃ
762 4445 924 4502 πλέον
968 4443 1277 4516 ὁρώμενοςο
1327 4442 1462 4498 ἀλλά
1509 4443 1792 4515 χαρίζεται
1836 4444 2021 4507 αὑτοῖς

327 4528 668 4601 ¹ἀναχωρῶν,
696 4527 790 4582 καὶ
828 4528 890 4581 16
929 4527 1100 4592 πάθος
1147 4525 1656 4599 παραμυθούμενος.
1693 4525 1864 4579 Τοῦτο
1909 4527 1972 4598 δὴ
1998 4528 2020 4558 ⁸

347 4611 443 4668 καὶ
481 4613 642 4681 ἡμεῖς
689 4609 954 4681 ποιῶμεν,
1005 4610 1079 4682 μὴ
1117 4609 1281 4680 ὁμόσε
1316 4608 1618 4682 χωροῦντες
1659 4612 1773 4672 τοῖς
1805 4610 2022 4663 ἐπιϐου-

347 4692 618 4757 λεύουσιν,
667 4691 806 4745 ἀλλά
840 4691 1296 4764 παραμυθώμεθα
1325 4691 1504 4747 αὐτῶν
1545 4691 1608 4744 τὸ
1649 4691 1834 4756 ἕλκος,
1887 4692 2022 4749 ἐνδι-

345 4776 528 4838 δόντες
551 4773 647 4833 καὶ
666 4773 935 4844 χαλῶντες
960 4774 1139 4828 αὐτῶν
1162 4774 1254 4828 τὸν
1276 4774 1449 4830 τόνον.
1482 4773 1642 4829 Ἀλλά
1665 4775 1808 4838 τίνος
1837 4774 2022 4829 ἐνεκεν

348 4857 408 4913 οὑ
448 4856 586 4929 μετά
615 4856 824 4928 Πέτρου
863 4857 956 4913 καὶ
987 4857 1234 4911 Ἰωάννου
1259 4857 1480 4911 καὶτῶν
1503 4857 1678 4913 ἄλλων
1712 4857 1870 4912 αὑτὸν
1895 4859 2024 4912 ἐκά-

348 4943 531 5008 λεσεν;
563 4942 774 5012 Ὠσπερ
801 4942 918 4996 ἐκεῖ
942 4941 1063 4996 τότε
1099 4940 1450 5012 παρεγένετο,
1482 4942 1572 4994 ὅτε
1623 4941 1738 5011 ᾔδει
1765 4942 1891 5004 τοὺς
1927 4943 2022 4995 ἀν-

349 5024 602 5096 θρώπους
640 5023 1103 5095 πεισθησομένους
1123 5039 1138 5054 ·
1168 5022 1310 5077 οὕτω
1355 5023 1451 5077 καὶ
1479 5024 1570 5076 τὸν
1599 5021 1873 5077 Ματθαῖον
1900 5023 2023 5076 τότε

347 5108 634 5174 ἐκάλεσεν,
687 5109 776 5161 ὅτε
822 5108 1089 5176 ἠπίστατο
1137 5107 1348 5171 εῖξοντα
1368 5107 1410 5162 ³.
1459 5105 1558 5159 Διά
1603 5105 1668 5177 δὴ
1717 5105 1875 5160 τοῦτο
1931 5107 2024 5160 καὶ

347 5189 559 5243 Παῦλον
593 5189 730 5259 μετά
763 5189 858 5262 τὴν
891 5191 1187 5245 ἀνάστασιν
1213 5189 1484 5260 ἡλίευσεν.
1527 5189 1584 5240 '0
1621 5187 1728 5259 γὰρ
1760 5187 1857 5252 τὰς
1890 5206 2024 5260 καρ-

348 5270 465 5332 δίας
489 5272 878 5341 ἐπιστάμενος,
918 5275 1013 5326 καὶ
1053 5273 1122 5326 τά
1153 5273 1444 5344 ἀπόρρητα
1483 5272 1583 5342 τῆς
1633 5273 1863 5326 ἐκάστου
1909 5272 2024 5325 δια-

349 5349 498 5413 νοίας
547 5351 727 5416 εἰδὼς,
761 5354 877 5424 ᾔδει
921 5355 1012 5408 καὶ
1056 5356 1186 5408 πότε
1220 5354 1442 5426 ἔμελλεν
1486 5355 1714 5418 ἕκαστος
1754 5355 1957 5408 τούτων
1978 5356 2020 5388 ‘°

349 5431 774 5488 ὑπακούσεσθαι.
799 5437 894 5490 Διά
921 5435 1078 5490 τοῦτο
1100 5439 1197 5492 οὑκ
1225 5441 1282 5492 ἐν
1306 5439 1608 5512 προοιμίοις
1629 5438 1789 5491 αὑτὸν
1813 5440 2016 5507 ἐκάλει,

347 5516 436 5572 ὅτε
468 5516 826 5589 σκληρότερον
876 5519 956 5572 ἐτι
989 5521 1240 5583 διέκειτο,
1285 5521 1422 5576 ἀλλά
1469 5521 1607 5592 μετά
1643 5520 1712 5574 τά
1752 5522 1795 5552 ⁸³
1849 5523 2017 5594 μυρία

346 5598 623 5670 θαύματα,
659 5601 753 5654 καὶ
782 5602 880 5673 τὴν
924 5603 1121 5673 πολλὴν
1155 5605 1282 5677 περὶ
1325 5605 1490 5659 αὑτοῦ
1537 5605 1745 5676 φήμην,
1779 5606 1868 5659 ὅτε
1924 5607 2016 5660 καί

419 5729 576 5810 ’ἡγὰρ
609 5747 716 5810 οιιι.
863 5733 1126 5810 ἐπέμενεν
1173 5735 1339 5810 Ειιίιί.Δ
1385 5736 1407 5768 ⁸
1435 5736 1492 5790 δὲ
1619 5737 1678 5790 F.
1712 5738 1777 5810 __’
1811 5737 1968 5801 εῐξονι

1741 5738 1777 5810 _’
1811 5735 2043 5806 εῖξοντα]
2076 5735 2168 5810 εἰς
2199 5735 2297 5806 Ep.
2322 5746 2384 5810 _cl
2425 5735 2604 5810 Verss.
2657 5737 2852 5810 ἄξοντα
2883 5739 2951 5794 A.
2983 5739 3184 5810 ἥξοντα
3219 5740 3275 5793 Β.

1231 5808 1272 5838 "
1308 5806 1396 5861 Sic
1434 5809 1595 5861 codd.
1627 5818 1681 5860 cl
1712 5807 1896 5863 Vorss.
1931 5807 2227 5860 ἀποστόλου
2261 5808 2393 5861 ΙιὶιΙιΙ.

1947 5881 1986 5909 ""
2017 5880 2111 5948 μὲν
2139 5895 2247 5933 om.
2276 5881 2334 5930 Α.
2376 5879 2434 5934 ι’.

348 5799 416 5861 Λ.
441 5799 557 5856 (ἰοί
654 5804 694 5834 ¹¹
725 5803 791 5857 τὰ
821 5820 927 5857 om.
963 5799 1019 5858 Β.
1055 5803 1113 5858 F.

350 5870 400 5912 ³⁸
439 5872 816 5944 καταλήξαντα
856 5875 989 5932 ΕΜ.
1074 5877 1115 5910 ⁸⁸
1148 5878 1333 5947 ἐκείνῃ
1372 5876 1431 5930 D.
1478 5879 1698 5933 ἐκεῖ.ιυν
1733 5879 1864 5933 liud.

2121 4118 2554 4192 ἐπιτηδειότερον
2604 4120 2718 4192 ᾔδει
2769 4120 2908 4191 πρὸς
2959 4121 3058 4192 τὴν
3112 4120 3360 4195 ὑπακοὴν
3406 4125 3804 4197 γεγενημένον.

2125 4201 2306 4266 Ἀξιον
2351 4201 2407 4254 δέ
2444 4204 2537 4256 καὶ
2568 4204 2662 4257 τοῦ
2705 4204 3092 4274 εὐαγγελιστοῦ
3119 4205 3161 4236 ¹¹
3197 4205 3473 4276 θαυμάσαι
3513 4209 3611 4280 τὴν
3641 4210 3796 4278 φιλο-

2122 4284 2346 4351 σοφίαν,
2389 4285 2505 4349 πῶς
2544 4288 2644 4342 ούκ
2695 4287 3107 4360 ἀποκρύπτεται
3141 4288 3306 4343 αὑτοῦ
3361 4290 3450 4344 τὸν
3483 4293 3806 4363 ἔμπροσθεν

2122 4365 2256 4436 βίον,
2288 4365 2424 4421 ἀλλά
2457 4368 2551 4422 καὶ
2591 4368 2651 4422 τὸ
2681 4369 2852 4440 ὄνομα
2882 4370 3084 4441 τίθησι,
3114 4372 3222 4424 τῶν
3257 4371 3430 4426 ἄλλων
3469 4373 3805 4444 κρυψάντων

2121 4449 2282 4503 αὑτὸν
2311 4450 2355 4483 ¹⁸
2389 4451 2730 4524 προσηγορίᾳ
2771 4452 2954 4524 ἐτέρᾳ.
2986 4453 3143 4516 Τίνος
3175 4452 3232 4506 δὲ
3275 4453 3459 4507 ἐνεκεν
3502 4449 3680 4519 εἶπεν,
3718 4457 3807 4510 ὅτι

2133 4532 2256 4585 Ἐπὶ
2279 4531 2346 4588 τὸ
2372 4534 2657 4590 τελώνιον
2683 4539 3025 4605 καθήμενον
3039 4553 3059 4602 ;
3101 4537 3323 4600 Δεικνῦς
3346 4537 3440 4590 τοῦ
3469 4537 3803 4605 καλέσαντος

2119 4614 2218 4686 τὴν
2259 4617 2504 4688 δύναμιν,
2557 4620 2639 4673 ὅτι
2672 4620 2731 4673 ού
2777 4620 3015 4690 λήξαντα
3053 4619 3133 4685 ¹⁸,
3173 4619 3292 4673 ούδέ
3333 4622 3648 4676 ἀποστάντα
3695 4625 3806 4694 τῆς

2123 4705 2365 4774 πονηρᾶς
2403 4703 2609 4774 ταύτης
2644 4704 2952 4774 καπηλείας
2974 4744 2988 4768 ,
3026 4703 3140 4757 ἀλλ’
3173 4704 3239 4758 ἐκ
3277 4704 3454 4773 μέσων
3497 4705 3662 4758 αὑτὸν
3703 4708 3805 4761 ἀν-

2123 4782 2327 4838 έσπασε
2353 4786 2459 4840 τῶν
2481 4788 2667 4841 κακῶν
2683 4804 2696 4817 ⁸
2717 4787 2970 4858 καθάπερ
2993 4782 3086 4842 οὖν
3113 4788 3207 4840 καὶ
3235 4786 3326 4840 τὸν
3357 4788 3628 4857 μακάριον
3650 4788 3798 4841 Παῦ⁸

2122 4865 2212 4919 λον
2253 4870 2574 4940 μαινόμενον
2615 4870 2709 4923 καὶ
2759 4870 3038 4923 λυττῶντα
3072 4871 3166 4923 καί
3219 4868 3333 4938 πῦρ
3384 4868 3613 4936 ἀφιέντα
3669 4884 3806 4937 μετ-

2123 4947 2347 5020 έστησεν
2365 4967 2380 4982 °
2406 4953 2540 5022 ὅπερ
2564 4948 2657 5006 οὖν
2690 4953 2784 5005 καὶ
2811 4952 2973 5016 αὑτὸς
3001 4953 3200 5022 δεῖγμα
3230 4950 3547 5021 ποιούμενος
3574 4953 3676 5022 τῆς
3703 4950 3801 5004 τοῦ

2125 5035 2450 5098 καλέσαντος
2479 5034 2784 5104 δυνάμεως,
2822 5036 2955 5106 φησὶ
2993 5035 3291 5100 Γαλάταιςο
3328 5035 3657 5089 Ἠκούσατε
3683 5035 3803 5104 τὴν

2123 5119 2277 5188 ἐμὴν
2309 5117 2701 5186 ἀναστροφήν
2726 5134 2872 5172 ποτε
2911 5118 2981 5171 ἐν
3017 5117 3096 5184 τῷ
3130 5117 3493 5188 Ἰουδαϊσμῷ,
3533 5117 3623 5170 ὅτι
3665 5122 3802 5175 καθ’

2123 5201 2469 5270 ὑπερϐολὴν
2502 5200 2753 5255 ἐδίωκον
2786 5201 2902 5271 τὴν
2938 5202 3302 5269 Ἐκκλησίαν
3339 5201 3440 5255 τοῦ
3483 5200 3634 5254 Θεοῦ
3655 5219 3667 5231 ·
3705 5204 3803 5256 καὶ

2123 5284 2250 5346 τοὺς
2282 5273 2464 5347 ἀλιέας
2506 5285 2562 5337 δὲ
2612 5285 2670 5337 ἐν
2694 5284 2902 5355 βμέσοις
2945 5287 3054 5349 τοῖς
3099 5285 3279 5353 ἔργοις
3321 5283 3477 5346 ὄντας
3515 5283 3800 5338 ἐκάλεσεν.

2138 5365 2277 5418 Ἀλλ’
2303 5366 2478 5419 ἐκεῖνο
2497 5367 2540 5398 ¹⁸
2567 5365 2664 5436 μὲν
2687 5366 2850 5438 τέχνη
2881 5383 2965 5429 τις
2992 5361 3059 5437 ἦν
3093 5367 3152 5418 οὑ
3177 5364 3570 5435 διαϐεϐλημένη
3603 5366 3706 5434 μὲν
3732 5368 3797 5426 ⁸⁸,

2125 5449 2428 5520 ἀνθρώπιον
2461 5450 2517 5504 δὲ
2563 5451 2948 5524 ἀγροικότερον
2978 5451 3356 5522 διακειμένων,
3398 5452 3490 5504 καὶ
3521 5449 3797 5519 ἀμίκτων,

2125 5529 2221 5583 καὶ
2261 5528 2395 5583 πολὺ
2422 5530 2482 5582 τὸ
2527 5529 2724 5597 ἀφελὲς
2760 5529 3112 5600 κεκτημένων
3136 5549 3149 5563 ·
3177 5531 3336 5584 τοῦτο
3363 5530 3418 5582 δὲ
3458 5528 3801 5600 ἐπιτήδευμα

2123 5609 2504 5679 ἀναισχυντίας
2551 5609 2720 5680 γέμον
2761 5606 2828 5681 ἦν
2861 5610 2901 5641 ¹⁷
2951 5609 3046 5663 καὶ
3084 5611 3434 5680 ἰταμότητος,
3471 5607 3566 5662 καὶ
3604 5606 3799 5677 κέρδος

3378 5739 3420 5771 ³ο
3447 5737 3652 5790 τούτων
3679 5750 3795 5790 nm.

2503 5809 2766 5882 ¹³ηαῲτὺν]
2830 5810 2921 5882 Sic
2956 5806 3024 5882 BL
3063 5813 3124 5866 υ.
3163 5813 3221 5866 Ε.
3278 5809 3372 5882 Ep.
3414 5813 3592 5865 caeleri
3635 5806 3794 5864 αὑτό.

2541 5880 2581 5909 ¹⁷
2608 5876 2676 5946 ἦν
2707 5876 2816 5936 oin.
2853 5880 2916 5936 A.
2946 5881 3008 5936 Γ.
