3868 6182
122 2088 123 2091 η
210 2045 267 2092 et
301 2038 355 2092 in
396 2037 564 2092 veteri
596 2046 651 2092 et
689 2036 741 2092 in
782 2050 922 2090 nova
958 2036 1073 2105 lege
1121 2033 1369 2104 loquatur
1411 2048 1425 2086 :

201 274 293 329 Mil

202 398 413 445 tuerunt
434 389 527 460 (α).
561 389 789 445 Rursum
818 388 957 443 enim
977 385 1223 440 dieebaut
1252 402 1264 437 :
1298 381 1394 435 llic
1421 382 1569 459 horno
1591 396 1689 433 nou
1712 387 1782 431 cst

202 500 228 532 η
254 481 559 550 ΗεοΗοηιι
610 487 661 536 9.
705 481 841 549 lli);
875 491 947 543 et,
1008 476 1273 545 Quomodo
1320 475 1400 528 hic
1442 490 1473 526 a
1520 471 1625 526 Deo
1666 470 1785 525 est?

201 572 428 640 lla-eque
470 573 772 642 fieqneuter
815 571 1113 634 versabant,
1166 567 1251 622 illa
1276 566 1526 621 vitiorum
1568 577 1785 618 suorum

202 665 430 734 tegmina
452 665 806 720 obtendentes
838 682 849 715 ε
881 661 1021 733 quod
1037 660 1195 716 etiam
1223 673 1367 715 nunc
1384 656 1533 711 multi
1563 654 1785 721 faciunt,

202 772 283 826 qut
312 756 440 810 dum
477 757 639 810 Deum
673 755 943 810 vindicare
966 753 1235 814 videntur,
1266 749 1378 806 suis
1413 746 1688 817 indulgent
1711 742 1791 798 af-

202 847 447 914 fectibus,
506 863 627 902 cum
674 854 945 917 oporteret
985 846 1163 901 omnia
1208 858 1329 898 cum
1388 836 1792 895 mansuetudine

204 947 456 994 tractare.
490 938 697 994 Etenim
749 938 1115 993 universorum
1159 934 1317 999 Deus,
1355 930 1445 1003 qui
1489 930 1686 984 fulmen
1717 926 1793 979 vi-

206 1031 358 1085 brare
382 1039 556 1099 potest
577 1030 628 1084 itt
660 1043 755 1084 eos
799 1028 890 1099 qui
920 1027 1094 1099 ipsum
1124 1023 1471 1095 blasphemiis
1502 1021 1789 1089 impetuut,

202 1121 373 1176 solem
399 1135 553 1176 suum
584 1120 712 1175 oriri
761 1128 932 1186 curat,
986 1118 1184 1173 imbres
1237 1115 1469 1178 emittit,
1498 1120 1797 1175 caste-raque

204 1212 384 1267 omnia
412 1211 630 1282 largiter
656 1209 959 1281 suppeditat
992 1225 1005 1261 :
1036 1223 1193 1279 quem
1218 1204 1415 1260 imitari
1439 1216 1536 1258 nos
1562 1207 1792 1270 Oportet,

203 1302 395 1375 rogare
419 1318 629 1374 nempe,
660 1317 899 1366 monere,
923 1300 1200 1355 instituere
1216 1312 1337 1353 cum
1364 1290 1793 1357 mansuetudine,

208 1414 311 1453 non
340 1397 523 1464 irasci,
566 1411 669 1452 nec
699 1395 933 1452 efferari.
960 1393 1145 1463 Neque
1172 1390 1313 1455 enim
1357 1404 1423 1444 ex
1470 1383 1797 1456 blasphemia

206 1488 330 1558 quid
359 1489 666 1544 uocumenti
694 1486 761 1542 ad
785 1487 950 1541 Deum
979 1483 1203 1550 accedit,
1236 1488 1296 1537 ut
1323 1488 1378 1535 tu
1406 1477 1796 1541 excandescas;

207 1580 300 1635 sed
328 1580 421 1651 qui
448 1579 839 1652 blasphemavit
866 1579 982 1649 ipse
1004 1579 1196 1632 vulnus
1225 1573 1451 1644 accepit.
1491 1570 1674 1641 Itaque
1719 1571 1800 1623 itt-

208 1672 461 1743 gemisce,
490 1673 786 1744 lacrymare
816 1689 827 1723 :
868 1669 1123 1743 lacrymis
1167 1668 1312 1724 enim
1348 1667 1563 1738 dignum
1592 1671 1675 1719 est
1698 1662 1801 1717 hoc

208 1764 415 1828 vitium,
444 1764 529 1819 cui
550 1762 787 1818 curando
819 1761 1022 1817 nullum
1062 1757 1465 1815 mansuetudine
1493 1756 1683 1810 melius
1711 1769 1800 1809 re-

210 1855 464 1912 medium.
492 1853 842 1911 Mansuetudo
862 1853 1057 1925 quippe
1083 1851 1227 1908 omni
1256 1850 1505 1906 violentia
1534 1848 1803 1919 potentior

210 1954 312 2002 est.
333 1944 652 2018 Vide-igitur
676 1943 946 2016 quomodo
980 1945 1027 1999 is
1052 1943 1187 2014 ipse,
1211 1942 1300 2012 qui
1322 1940 1515 2011 injuria
1544 1938 1797 2005 afﬁcitur,

1473 2029 1542 2086 ibi
1587 2028 1801 2100 quidem

212 2131 397 2188 dicens
428 2147 442 2184 :
468 2130 667 2201 Popule
695 2146 854 2193 meus,
894 2129 1017 2199 quid
1037 2126 1133 2198 feci
1174 2126 1263 2181 tibi
1298 2122 1495 2197 (Mich.
1525 2123 1578 2179 6.
1603 2124 1637 2179 3
1656 2121 1722 2195 )‘l
1750 2122 1801 2177 in

219 2237 354 2279 nova
384 2233 588 2288 autem,
612 2221 791 2285 Saule,
812 2219 1129 2291 Saule,quid
1156 2234 1233 2273 me
1257 2218 1565 2290 persequeris
1585 2216 1719 2289 (Act.
1747 2215 1803 2271 9.

216 2315 319 2386 ψ
346 2314 545 2370 Paulus
570 2314 695 2370 item
722 2313 874 2383 jubet
898 2310 1232 2368 adversarios
1252 2324 1372 2365 cum
1394 2307 1805 2364 mansuetudine

216 2408 489 2477 corripere
526 2406 616 2478 (2.
650 2404 779 2463 Tim.
829 2406 884 2459 2.
940 2402 1069 2476 9-4).
1118 2402 1236 2474 lpse
1280 2416 1491 2474 quoque
1540 2400 1802 2466 Christus,

217 2500 429 2569 quando
451 2508 796 2555 accesserunt
840 2496 1104 2567 discipuli,
1155 2504 1403 2566 rogantes
1434 2502 1493 2548 ut
1540 2494 1713 2564 ignem
1739 2492 1807 2549 de

216 2592 348 2647 carlo
370 2592 666 2655 emitteret,
720 2589 1066 2646 vehementer
1107 2586 1402 2656 increpavit
1450 2599 1546 2642 eos
1586 2586 1804 2656 dicens,

219 2680 440 2736 Nescitis
463 2684 615 2753 cujus
631 2681 838 2753 spiritus
860 2681 978 2736 estis
992 2696 1078 2735 vos
1103 2677 1252 2750 (Luc.
1279 2676 1332 2733 9.
1355 2676 1480 2747 54).
1506 2675 1602 2732 Hic
1628 2684 1806 2731 autem

218 2788 320 2828 non
351 2774 479 2830 dicit
504 2774 637 2844 ipse,
667 2773 713 2830 Ο
736 2773 1047 2830 exsecrandi
1088 2782 1143 2830 et
1187 2767 1599 2843 prmStigiatores
1622 2768 1699 2825 !‘o
1728 2768 1809 2823 in-

216 2866 317 2921 vidi
345 2874 401 2921 et
452 2866 727 2920 hominum
758 2865 947 2922 salutis
998 2866 1231 2922 inimici!
1278 2867 1393 2935 sed,
1420 2869 1555 2937 Quid
1583 2868 1810 2940 cogitatis

277 2979 349 3053 (ᾳ)
385 2979 648 3053 inertem,
663 2988 734 3053 sui
752 2996 859 3030 τοῦτο
874 2989 959 3053 ossi
974 2994 1181 3053 κρωιλοιτν
1202 2990 1447 3053 {Sevi-030m,
1475 2996 1588 3046 quae
1608 2984 1680 3033 sic
1697 2998 1810 3053 con-

223 3041 834 3107 vertidebentttdeoquo
878 3041 1078 3093 ulterius
1116 3041 1358 3106 progredi
1381 3041 1472 3093 non
1493 3041 1763 3107 potuerunt
1790 3057 1810 3097 :

220 3103 399 3212 :ctlieet
424 3111 818 3215 mntjﬂlttet'uut
862 3118 925 3155 eo
952 3108 1182 3168 progredi
1205 3103 1608 3157 "ut‘divinitatetu
1633 3107 1811 3159 Christi

249 3180 523 3216 gnoseereu

248 3203 277 3227 ο

1152 268 1217 322 IN
1259 261 1659 320 MATTIUEUM
1702 256 1931 314 llOIlllL.
1975 258 2143 314 XXX.
2184 259 2256 314 al.
2299 259 2492 317 XXXI.

1889 377 2025 427 mnia
2053 375 2375 430 in'cordibus
2396 376 2568 429 vestris
2591 375 2608 445 (
2632 376 2819 429 Matth.
2853 377 2940 431 15.
2967 374 3110 447 50)?
3135 375 3358 446 Oportet
3381 380 3477 449 igi-

1890 474 1975 521 tur
1996 484 2113 522 cum
2144 466 2550 524 mansuetudine
2591 468 2836 523 morbum
2879 484 3175 526 removere.
3203 469 3335 526 Nam
3388 473 3478 543 qui

1891 574 1956 614 ex
1985 560 2214 615 humano
2243 562 2431 618 timore
2458 562 2645 618 melior
2668 562 2915 627 efficitur,
2940 565 3045 617 cito
3066 563 3129 618 ad
3164 566 3479 635 pravitatem

3372 258 3474 314 51):.)

1894 650 2107 705 redibit.
2138 651 2374 722 Ideoque
2398 653 2600 707 zizania
2631 654 2862 724 relinqui
2886 654 3063 722 jussit,
3108 658 3240 708 dans
3273 666 3431 726 lelltpl
3453 672 3483 713 s

1909 739 1973 793 ad
2002 740 2395 809 pmnitentiam.
2427 739 2578 793 Multi
2612 755 2848 809 namque
2870 741 3087 796 illorum
3110 744 3484 812 paenitentiam

1909 840 2219 900 egerunt,et
2247 831 2399 901 probi
2426 832 2554 887 facti
2595 841 2742 896 sunt,
2770 833 2860 903 qui
2884 834 3122 903 perversi
3140 834 3291 904 prius
3307 846 3483 905 erant,

1895 926 2344 996 quemadmodum
2367 924 2580 989 Paulus,
2606 925 2913 995 publicanus
2938 968 2953 992 ,
2986 928 3120 984 latro
3150 946 3165 985 :
3193 944 3315 985 nam
3342 940 3488 1001 post.

1898 1034 2058 1087 quam
2102 1017 2303 1072 zizania
2362 1017 2592 1083 fuerant,
2640 1018 2695 1073 in
2744 1019 2975 1074 triticum
3004 1028 3269 1077 maturum
3299 1024 3487 1079 mutati

1900 1121 2043 1167 Sttltl.
2075 1109 2132 1166 ln
2161 1110 2454 1166 seminibus
2481 1118 2628 1166 certe
2655 1110 2707 1166 id
2739 1111 2852 1165 fieri
2881 1114 3102 1183 nequit;
3136 1113 3187 1169 in
3215 1120 3489 1188 proposito

1901 1214 1955 1256 et
1984 1202 2256 1257 voluntate
2285 1201 2336 1257 id
2379 1210 2523 1257 certe
2577 1202 2728 1258 facile
2774 1212 2856 1258 est
2887 1225 2901 1260 :
2932 1220 3037 1258 non
3098 1208 3239 1260 enim
3285 1218 3492 1264 natura:

1904 1294 2146 1349 terminis
2166 1295 2277 1365 ipsa
2310 1293 2575 1364 alligatur,
2607 1294 2700 1349 sed
2732 1294 2976 1351 libertate
3001 1297 3206 1353 arbitrii
3231 1297 3493 1353 honorata

1900 1380 2023 1442 fuit.
2070 1386 2203 1442 Cum
2245 1402 2373 1458 ergo
2410 1387 2606 1443 videris
2634 1389 2873 1444 veritatis
2902 1388 3108 1444 hostem
3131 1431 3145 1454 ,
3175 1391 3490 1461 obsequium

1905 1481 1979 1536 illi
2014 1482 2212 1552 prwbe,
2256 1496 2438 1536 curam
2491 1481 2629 1538 illius
2677 1481 2835 1549 habe,
2884 1481 2951 1537 ad
3002 1484 3250 1541 virtutem
3308 1487 3490 1554 reduc,

1904 1578 2205 1646 exetnplum
2233 1575 2353 1630 vitae
2380 1575 2637 1645 optimum
2673 1576 2932 1645 praebens,
2958 1592 3206 1632 sermone
3234 1587 3388 1634 utens
3416 1580 3501 1634 in-

1905 1667 2137 1736 eulpato,
2170 1667 2523 1737 patrocinium
2554 1667 2651 1736 ipsi
2685 1676 2740 1722 et
2785 1683 2966 1723 curam
3018 1668 3355 1739 impendens,
3382 1687 3495 1725 mo-

1905 1760 2031 1815 dum
2059 1775 2272 1815 omnem
2303 1758 2691 1814 emendationis
2706 1759 3019 1827 admovens,
3041 1761 3298 1817 imitando
3323 1764 3496 1818 medi-

1906 1870 1999 1909 cos
2028 1855 2278 1924 optimos,
2309 1854 2398 1925 qui
2429 1868 2533 1907 non
2589 1868 2693 1907 una
2722 1862 2924 1908 tantum
2968 1853 3249 1910 medicinae
3293 1858 3498 1914 ratione

1907 1956 2147 2010 utuntur,
2196 1945 2292 2000 sed
2336 1960 2457 1999 cum
2497 1944 2678 1999 vident
2705 1944 2856 1999 ulcus
2885 1944 3046 2015 prieri
3076 1946 3367 2016 pharmace
3394 1964 3497 2004 non

1907 2037 2122 2104 cedere,
2169 2035 2314 2090 aliud
2354 2034 2633 2106 adjiciunt,
2682 2045 2737 2091 et
2782 2043 2905 2106 post
2928 2034 3058 2091 illud
3085 2053 3294 2092 rursum
3318 2038 3499 2104 aliud;

1908 2140 1963 2185 et
1990 2144 2132 2185 nunc
2156 2136 2361 2193 secant,
2393 2142 2536 2183 nunc
2560 2126 2798 2198 alligant.
2831 2126 2902 2182 Et
2927 2137 2981 2182 tu
3004 2127 3181 2200 itaque
3202 2130 3499 2186 animarum

1911 2223 2149 2279 medicus
2173 2221 2433 2289 effectus,
2461 2221 2604 2276 omni
2636 2220 2804 2277 utaris
2829 2221 3050 2277 curandi
3076 2222 3284 2280 ratione
3312 2239 3502 2279 secun-

1910 2315 2035 2370 dum
2060 2312 2261 2370 Christi
2288 2312 2467 2383 leges,
2495 2320 2554 2375 ut
2583 2320 2637 2367 et
2662 2311 2977 2367 salutarium
3027 2326 3253 2384 operum
3289 2324 3500 2369 tuorum

1911 2415 1965 2461 et
1988 2406 2214 2460 aliorum
2265 2414 2429 2474 partu:
2458 2403 2647 2458 salutis
2687 2402 2990 2460 mercedem
3026 2406 3276 2474 accipias,
3309 2406 3373 2459 ad
3410 2407 3501 2463 Dei

1910 2498 2131 2570 gloriam
2151 2497 2327 2553 omnia
2347 2496 2563 2562 faciens,
2595 2506 2650 2551 et
2678 2495 2800 2551 inde
2823 2496 2913 2551 tibi
2932 2497 3153 2567 gloriam
3175 2499 3465 2552 concilians
3487 2517 3501 2555 :

1913 2607 2033 2646 nam
2056 2590 2150 2658 ait,
2178 2586 2532 2658 Gloriﬁrautes
2560 2605 2641 2642 me
2665 2587 2979 2660 glori/icabo,
3001 2597 3045 2641 et
3072 2588 3158 2653 qui
3184 2600 3502 2643 contemnunt

1912 2700 2009 2746 me,
2033 2691 2411 2737 contemnemur
2439 2679 2457 2751 (
2484 2682 2531 2734 l.
2567 2679 2693 2750 Reg.
2726 2678 2780 2731 Ξ.
2814 2680 2935 2751 '50).
2969 2680 3157 2762 Omnia
3184 2679 3384 2750 itaque
3435 2680 3500 2736 ad

1912 2776 2027 2845 ejus
2053 2774 2274 2845 gloriam
2304 2774 2581 2840 faciamus,
2609 2771 2906 2828 utrbeatam
2952 2773 3094 2828 illam
3126 2784 3327 2830 sortem
3369 2790 3502 2830 cou-

1913 2880 2204 2937 Sequamur
2234 2882 2249 2921 :
2280 2880 2440 2937 quam
2470 2864 2672 2919 utinam
2706 2878 2896 2920 omnes
2928 2864 3308 2935 adipiscamur,
3337 2868 3502 2936 gratia

1913 2968 1969 3015 et
2021 2958 2344 3027 benignitate
2376 2955 2585 3011 Domini
2616 2956 2782 3010 nostri
2814 2955 2936 3011 Jesu
2972 2956 3189 3019 Christi,
3216 2957 3299 3011 cui
3340 2959 3504 3029 gloria

1915 3060 1969 3108 et
1999 3050 2387 3121 imperium,in
2432 3050 2625 3104 saicula
2656 3050 2995 3105 smculorum.
3028 3052 3220 3106 Amen.
3246 3104 3247 3107 η

1336 3349 1685 3432 HOMILIA
1756 3369 1971 3433 xxx.
1990 3368 2075 3431 al.
2106 3368 2349 3430 xxxr.

223 3492 347 3549 ϐυ».
370 3492 424 3547 9.
451 3508 503 3546 v.
536 3492 590 3546 9.
618 3490 815 3546 Etcum
845 3491 1075 3546 transiret
1098 3491 1216 3545 inde
1234 3490 1404 3556 Jesus,
1422 3492 1544 3545 uidit
1564 3491 1815 3546 hominem

290 3587 550 3641 sedentem
569 3590 624 3639 in
653 3586 858 3649 telonio,
886 3583 1187 3639 Hau/neum
1213 3588 1435 3639 nomine.
1477 3584 1545 3640 Et
1586 3586 1660 3640 ait
1683 3585 1761 3640 illi
1794 3601 1814 3639 :

294 3680 517 3749 Sequere
533 3695 632 3733 me.
663 3677 733 3733 Et
752 3694 962 3750 surgens
976 3688 1214 3750 sequutus
1238 3688 1307 3734 est
1326 3695 1459 3732 eum.

300 3773 344 3828 Ιι.
385 3771 657 3837 Quomodo
687 3788 779 3825 nos
805 3786 977 3841 gerere
1003 3770 1268 3824 debeamus
1307 3786 1437 3839 erga.
1472 3769 1812 3824 insidiatores.

228 3864 457 3919 .‘Jatthei
483 3865 676 3918 vacatio
703 3872 749 3917 et
769 3864 1031 3917 virtus.-—
1049 3860 1274 3917 Peracto
1301 3861 1582 3927 miraculo,
1610 3876 1713 3915 non
1741 3861 1814 3916 ibi

226 3960 442 4017 mansit,
472 3972 541 4011 ne
566 3956 659 4011 illo
684 3964 946 4025 praesente
986 3953 1181 4009 invidia
1229 3952 1399 4023 magis
1446 3952 1689 4018 arderet;
1719 3953 1814 4008 sed

226 4048 278 4101 in
308 4046 534 4119 gratiam
563 4047 799 4116 ipsorum
829 4045 1073 4111 recessit,
1106 4054 1164 4099 ut
1184 4044 1402 4099 morbus
1428 4044 1522 4099 ille
1545 4044 1815 4115 mitigare-

226 4149 330 4195 tur.
359 4140 493 4195 lllud
522 4154 735 4210 quoque
761 4153 860 4194 nos
909 4138 1185 4204 faciamus,
1217 4151 1325 4190 non
1356 4136 1513 4191 simul
1538 4144 1813 4191 versantes

225 4250 346 4289 cum
376 4233 772 4298 insidiantibus,
821 4231 919 4288 sed
963 4246 1148 4287 eorum
1196 4228 1359 4285 ulceri
1409 4228 1811 4299 indulgeamus,

225 4325 481 4381 cedentes
508 4334 563 4379 et
590 4324 989 4380 contentionem
1033 4323 1281 4377 vitantes.
1306 4321 1411 4376 Sed
1436 4336 1531 4374 cur
1556 4336 1660 4375 non
1690 4334 1811 4374 cum

226 4416 418 4481 Petro.
463 4415 672 4471 Joanne
723 4424 779 4471 ct
824 4415 943 4470 aliis
992 4414 1202 4469 vocavit
1224 4414 1389 4469 eum?
1426 4412 1495 4469 Ut
1534 4422 1659 4467 tunc
1688 4412 1814 4468 illuc

226 4510 405 4574 venit,
454 4523 576 4563 eum
628 4508 793 4562 sciret
844 4506 1093 4562 homines
1145 4505 1609 4577 obtemperaturos
1650 4518 1808 4559 esse:

226 4600 305 4653 sic
354 4609 483 4653 tunc
530 4597 834 4653 Mattlncnm
881 4596 1113 4662 vocavit,
1165 4610 1285 4650 eum
1314 4604 1662 4665 sequuturum
1689 4608 1813 4649 eum

226 4707 349 4746 esse
398 4699 642 4746 neverat.
699 4690 1003 4760 Proliterea.
1032 4689 1193 4744 etiam
1234 4688 1457 4743 Paulum
1484 4696 1603 4757 post
1636 4702 1816 4742 resur-

228 4786 525 4841 rectionem
556 4785 791 4855 piscatus
830 4790 931 4838 est.
965 4781 1097 4837 Nam
1132 4780 1223 4851 qui
1254 4780 1412 4836 corda
1442 4779 1609 4843 novit,
1640 4787 1695 4834 et
1719 4793 1812 4834 oc-

226 4879 380 4933 culta
421 4876 679 4932 mentium
724 4875 996 4945 perspicit,
1048 4874 1257 4930 sciebat
1300 4872 1635 4941 quandonam
1665 4871 1813 4940 quis.

225 4987 332 5041 que
358 4984 545 5025 eorum
585 4969 976 5038 obsequuturus
1026 4977 1189 5023 esset.
1241 4965 1473 5035 Ideoque
1516 4979 1621 5018 non
1665 4964 1816 5019 initio

226 5061 440 5116 vocavit
486 5062 633 5114 illum
656 5099 673 5126 ,
717 5074 839 5114 cum
866 5058 1041 5127 adhuc
1081 5056 1301 5112 duriore
1330 5066 1472 5112 esset
1496 5056 1694 5122 animo,
1720 5055 1815 5111 sed

230 5163 350 5224 post
378 5161 630 5207 sexcenta
663 5149 919 5205 miracula
941 5190 955 5214 ,
987 5164 1107 5203 cum
1154 5149 1290 5202 fama
1334 5163 1428 5203 sua
1481 5147 1817 5217 percrebuis-

227 5258 331 5309 set,
363 5243 579 5316 quando
606 5244 751 5297 illum
778 5248 1014 5297 noverat
1031 5239 1099 5295 ad
1125 5240 1599 5310 obteinperandum
1640 5242 1817 5309 aptio-

230 5354 345 5392 rem
373 5351 516 5392 esse.
558 5334 677 5390 Non
701 5334 801 5388 abs
826 5348 886 5388 re
911 5341 1099 5388 autem.
1133 5330 1296 5387 fuerit
1321 5330 1549 5401 apostoli
1579 5330 1817 5400 philoso-

228 5430 411 5501 phiam
447 5429 466 5459 ι
496 5427 708 5490 mirari,
740 5425 1159 5495 quianteactam
1189 5423 1352 5477 vitam
1378 5436 1483 5476 non
1510 5419 1815 5487 occultavit,

294 5563 309 5593 ¹
345 5557 488 5627 savil.
516 5565 567 5607 et
591 5556 775 5627 Morel.,
801 5554 1086 5627 sapientiam
1108 5568 1129 5616 ;
1164 5554 1423 5627 sed__vox,_
1446 5550 1817 5627 pliilosoplrt‘iam,

226 5628 291 5674 liii
328 5622 514 5671 melius
534 5614 777 5688 quadrare
800 5614 1030 5688 videtur:
1058 5614 1166 5688 nam
1193 5614 1490 5688 |‘»lti_losopltia_
1521 5614 1821 5688 apud‘Cl-iry-

224 5697 498 5737 sustentant
527 5677 631 5744 pro,
674 5683 861 5742 uirtute,
889 5677 1123 5731 modestia
1159 5677 1221 5744 et
1256 5677 1539 5734 humilitate,
1555 5677 1817 5744 accipitur.

230 5753 261 5800 ll
274 5768 311 5799 ιι·
333 5762 479 5809 ιυιτυ
496 5740 765 5795 Μυιιιιιιτυιιι
789 5740 965 5805 laedat,
985 5744 1066 5807 qui
1093 5741 1375 5807 publicanus
1392 5754 1498 5791 etun
1518 5744 1671 5802 esset,
1691 5740 1823 5789 ideo-

1925 3491 2019 3547 sed
2051 3498 2108 3546 et
2137 3506 2330 3546 nomen
2354 3506 2507 3546 suum
2529 3491 2726 3561 posuit,
2754 3491 2895 3562 quod
2925 3493 3015 3547 alii
3049 3494 3099 3548 in
3130 3494 3270 3551 aliud
3314 3510 3506 3552 nomen

1924 3582 2178 3639 mutando
2202 3584 2562 3638 occultavere.
2595 3584 2701 3638 Cur
2731 3599 2889 3653 porro
2932 3583 3065 3640 dixit
3107 3586 3279 3657 ipsum
3306 3588 3509 3645 sedisse

1924 3676 1979 3730 in
2006 3675 2241 3731 telonio?
2274 3675 2526 3732 Vocantis
2552 3675 2663 3731 vim
2693 3675 2982 3732 ostendens
3003 3719 3018 3743 ,
3051 3678 3192 3749 quod
3222 3695 3343 3735 eum
3373 3696 3509 3735 non-

1922 3767 2049 3822 dum
2081 3766 2376 3823 destitisset
2402 3776 2457 3823 et
2486 3767 2733 3838 improbo
2764 3768 2962 3822 telonio
2989 3768 3239 3837 hmreret,
3284 3785 3349 3826 ex
3396 3789 3510 3828 mc-

1922 3862 2024 3915 diis
2064 3862 2235 3932 ipsum
2291 3861 2447 3915 malis
2495 3861 2805 3916 extraxerit.
2857 3861 3316 3928 Quemadmodum
3366 3867 3509 3921 enim

1924 3954 2135 4008 beatum
2189 3954 2411 4008 Paulum
2444 3953 2707 4009 furentem
2736 3962 2787 4008 et
2813 3954 2965 4010 rabie
2997 3955 3256 4025 percitum
3290 3971 3512 4012 conver-

1923 4047 1979 4101 tit
2009 4064 2021 4099 :
2050 4045 2100 4100 id
2126 4046 2267 4116 quod
2299 4049 2412 4116 ipse
2440 4045 2685 4102 vocantis
2723 4045 2971 4101 virtutem
3025 4045 3400 4104 demonstrans
3436 4049 3514 4104 ait

1921 4138 1987 4192 ad
2030 4137 2246 4194 Galatas
2296 4139 2540 4194 scribens
2570 4157 2582 4193 :
2609 4138 2835 4211 Audistis
2888 4142 3313 4196 conversationem
3350 4159 3513 4197 meam

1920 4227 2194 4298 aliquando
2215 4228 2268 4281 in
2295 4228 2585 4294 Judaismo,
2616 4228 2734 4298 quia
2774 4244 2929 4300 supra
2954 4229 3159 4283 modum
3184 4232 3513 4301 persequebar

1923 4319 2204 4375 Ecclesiam
2235 4319 2329 4373 Dei
2360 4318 2510 4392 (Gal.
2545 4320 2600 4379 l.
2640 4320 2744 4392 15)
2775 4320 2891 4375 :sic
2917 4327 2969 4376 et
2991 4321 3285 4390 piscatores
3310 4322 3363 4376 in
3393 4338 3511 4377 nie-

1921 4413 2024 4466 diis
2040 4412 2294 4482 operibus
2322 4411 2532 4467 vocavit
2556 4429 2569 4465 :
2598 4410 2691 4467 sed
2735 4412 2811 4466 illi
2841 4420 3010 4467 artem
3055 4413 3374 4468 exercebant
3403 4430 3510 4469 non

1923 4505 2329 4575 vituperabilem
2358 4505 2595 4575 quidem,
2628 4504 2721 4559 sed
2752 4520 2873 4575 quae
2896 4514 3013 4560 erat
3060 4505 3334 4560 hominum
3358 4522 3511 4579 agre-

1920 4602 2109 4665 stium,
2160 4614 2265 4653 non
2311 4598 2659 4663 urbanorum,
2706 4607 2867 4668 atque
2909 4598 3128 4653 omnino
3148 4599 3509 4669 simplicium;

1924 4694 2037 4747 haec
2068 4700 2243 4746 autem
2273 4690 2513 4746 Inerandi
2543 4690 2701 4757 ratio,
2730 4689 3055 4761 impudentia
3084 4691 3235 4760 plena
3262 4700 3397 4758 erat,
3444 4707 3510 4747 ac

1924 4786 2213 4857 petulantia
2236 4826 2250 4850 ,
2284 4796 2522 4856 quaestus
2549 4784 2762 4856 iniquus
2785 4792 2840 4839 et
2868 4792 3166 4839 mercatura
3194 4782 3467 4838 illiberalis
3493 4801 3507 4837 :

1923 4889 2156 4935 attamen
2204 4878 2335 4933 nihil
2365 4878 2555 4933 horum
2586 4877 2798 4934 erubuit
2833 4878 2878 4933 is
2899 4879 2988 4948 qui
3018 4879 3243 4932 vocavit.
3269 4877 3378 4933 Nec
3408 4894 3513 4932 nn-

1924 4990 2063 5039 rum,
2093 4973 2137 5027 si
2160 4972 2502 5044 publicanum
2530 4987 2636 5026 non
2658 4972 2958 5034 erubescat,
2985 4969 3198 5042 quando
3220 4984 3317 5024 nec
3342 4985 3515 5024 mere-

1924 5067 2108 5123 tricem
2130 5081 2323 5122 vocare
2346 5080 2449 5121 non
2479 5064 2639 5120 modo
2667 5079 2773 5117 non
2814 5062 3044 5127 erubuit,
3074 5062 3165 5116 sed
3196 5060 3359 5128 pedes
3387 5077 3516 5117 suos

1923 5161 2177 5225 osculari,
2228 5161 2583 5232 lacrymisqne
2628 5158 2802 5227 rigare
2846 5155 3108 5226 permisit.
3154 5154 3364 5209 Etenim
3394 5154 3516 5210 ideo

1924 5254 2090 5320 venit,
2124 5268 2228 5307 non
2272 5261 2329 5305 ttt
2368 5265 2562 5320 corpus
2592 5255 2807 5303 curaret
2849 5246 3055 5311 solum,
3084 5245 3179 5301 sed
3220 5254 3281 5301 ut
3321 5246 3516 5300 anima:

1926 5345 2129 5403 morbis
2158 5343 2480 5400 mederetur.
2504 5341 2658 5409 Quod
2691 5341 2853 5396 etiam
2903 5338 3199 5412 paralytico
3220 5338 3468 5412 praestitit
3499 5356 3516 5394 :

2049 5548 2176 5598 male
2202 5545 2388 5595 audiret
2410 5543 2534 5605 apud
2574 5541 2782 5605 Judteos,
2822 5553 3170 5605 nomensuum
3209 5546 3372 5591 tamen
3415 5552 3513 5588 non

1926 5603 2261 5663 decultaverit,
2302 5606 2390 5656 sed
2410 5603 2525 5655 sese
2556 5604 2815 5654 Matthzeuu
2864 5603 3206 5666 appellaverit,
3243 5615 3408 5666 neque
3434 5615 3517 5649 uo-

1927 5689 2042 5725 men
2055 5686 2196 5722 suum
2216 5668 2634 5730 mutaverit,un
2654 5673 2810 5717 tamet
2841 5664 3063 5717 fecerunt
3081 5664 3158 5717 alii
3178 5664 3535 5729 evangelistam.

1928 5737 2012 5801 qui
2035 5738 2193 5799 ipsum
2214 5734 2325 5784 Levi
2350 5729 2673 5794 appellarunt.
3218 5752 3219 5755 η
