  <div class='ocr_page' id='page_1' title='image "/cluster/home/n/w/nwhite01/storage/ocr_20150623/57-58/hvd.32044012465811/291.png"; bbox 0 0 3868 6182; ppageno 0'>
   <div class='ocr_carea' id='block_1_1' title="bbox 342 148 446 203">
    <p class='ocr_par' dir='ltr' id='par_1_1' title="bbox 342 148 446 203">
     <span class='ocr_line' id='line_1_1' title="bbox 342 148 446 203; baseline 0 0"><span class='ocrx_word' id='word_1_1' title='bbox 342 148 446 203; x_wconf 75' lang='grc' dir='ltr'>5ϋό</span> 
     </span>
    </p>
   </div>
   <div class='ocr_carea' id='block_1_2' title="bbox 335 249 1930 330">
    <p class='ocr_par' dir='ltr' id='par_1_2' title="bbox 335 249 1930 330">
     <span class='ocr_line' id='line_1_2' title="bbox 335 249 1930 330; baseline -0.01 -14"><span class='ocrx_word' id='word_1_2' title='bbox 335 273 388 317; x_wconf 85' lang='lat' dir='ltr'><strong>et</strong></span> <span class='ocrx_word' id='word_1_3' title='bbox 417 262 696 330; x_wconf 81' lang='lat' dir='ltr'><strong>postquam</strong></span> <span class='ocrx_word' id='word_1_4' title='bbox 722 256 868 314; x_wconf 90' lang='lat' dir='ltr'><strong>clare</strong></span> <span class='ocrx_word' id='word_1_5' title='bbox 891 254 1219 321; x_wconf 74' lang='lat' dir='ltr'><strong>ostenderat,</strong></span> <span class='ocrx_word' id='word_1_6' title='bbox 1250 268 1310 309; x_wconf 90' lang='lat' dir='ltr'><strong>se</strong></span> <span class='ocrx_word' id='word_1_7' title='bbox 1336 267 1492 324; x_wconf 80' lang='lat' dir='ltr'><strong>posse</strong></span> <span class='ocrx_word' id='word_1_8' title='bbox 1517 261 1729 325; x_wconf 86' lang='lat' dir='ltr'><strong>peccata</strong></span> <span class='ocrx_word' id='word_1_9' title='bbox 1752 249 1930 305; x_wconf 88' lang='lat' dir='ltr'><strong>dimit-</strong></span> 
     </span>
    </p>
   </div>
   <div class='ocr_carea' id='block_1_3' title="bbox 266 336 1931 422">
    <p class='ocr_par' dir='ltr' id='par_1_3' title="bbox 266 336 1931 422">
     <span class='ocr_line' id='line_1_3' title="bbox 266 336 1931 422; baseline -0.005 -15"><span class='ocrx_word' id='word_1_10' title='bbox 266 336 277 345; x_wconf 67' lang='grc'><em>’</em></span> <span class='ocrx_word' id='word_1_11' title='bbox 336 362 468 418; x_wconf 89' lang='lat' dir='ltr'><strong>tere,</strong></span> <span class='ocrx_word' id='word_1_12' title='bbox 502 351 572 407; x_wconf 87' lang='lat' dir='ltr'><strong>ad</strong></span> <span class='ocrx_word' id='word_1_13' title='bbox 598 350 741 413; x_wconf 86' lang='lat' dir='ltr'><strong>hunc</strong></span> <span class='ocrx_word' id='word_1_14' title='bbox 762 360 949 422; x_wconf 89' lang='lat' dir='ltr'><strong>postea</strong></span> <span class='ocrx_word' id='word_1_15' title='bbox 979 348 1227 413; x_wconf 87' lang='lat' dir='ltr'><strong>accessit,</strong></span> <span class='ocrx_word' id='word_1_16' title='bbox 1258 357 1315 402; x_wconf 90' lang='lat' dir='ltr'><strong>ut</strong></span> <span class='ocrx_word' id='word_1_17' title='bbox 1354 363 1460 401; x_wconf 86' lang='lat' dir='ltr'><strong>nun</strong></span> <span class='ocrx_word' id='word_1_18' title='bbox 1480 345 1827 401; x_wconf 75' lang='lat' dir='ltr'><strong>turbarentur</strong></span> <span class='ocrx_word' id='word_1_19' title='bbox 1853 344 1931 399; x_wconf 84' lang='lat' dir='ltr'><strong>vi-</strong></span> 
     </span>
    </p>
   </div>
   <div class='ocr_carea' id='block_1_4' title="bbox 337 437 1931 515">
    <p class='ocr_par' dir='ltr' id='par_1_4' title="bbox 337 437 1931 515">
     <span class='ocr_line' id='line_1_4' title="bbox 337 437 1931 515; baseline -0.004 -16"><span class='ocrx_word' id='word_1_20' title='bbox 337 445 529 501; x_wconf 91' lang='lat' dir='ltr'><strong>dentes</strong></span> <span class='ocrx_word' id='word_1_21' title='bbox 558 443 897 515; x_wconf 82' lang='lat' dir='ltr'><strong>publicanum</strong></span> <span class='ocrx_word' id='word_1_22' title='bbox 928 442 982 498; x_wconf 94' lang='lat' dir='ltr'><strong>in</strong></span> <span class='ocrx_word' id='word_1_23' title='bbox 1009 440 1396 513; x_wconf 90' lang='lat' dir='ltr'><strong>discipulorum</strong></span> <span class='ocrx_word' id='word_1_24' title='bbox 1434 440 1659 495; x_wconf 91' lang='lat' dir='ltr'><strong>chorum</strong></span> <span class='ocrx_word' id='word_1_25' title='bbox 1680 437 1931 494; x_wconf 83' lang='lat' dir='ltr'><strong>adscribi.</strong></span> 
     </span>
    </p>
   </div>
   <div class='ocr_carea' id='block_1_5' title="bbox 336 531 1930 607">
    <p class='ocr_par' dir='ltr' id='par_1_5' title="bbox 336 531 1930 607">
     <span class='ocr_line' id='line_1_5' title="bbox 336 531 1930 607; baseline -0.004 -16"><span class='ocrx_word' id='word_1_26' title='bbox 336 534 471 592; x_wconf 80' lang='lat' dir='ltr'><strong>Nam</strong></span> <span class='ocrx_word' id='word_1_27' title='bbox 498 536 587 606; x_wconf 88' lang='lat' dir='ltr'><strong>qui</strong></span> <span class='ocrx_word' id='word_1_28' title='bbox 618 543 793 607; x_wconf 89' lang='lat' dir='ltr'><strong>potest</strong></span> <span class='ocrx_word' id='word_1_29' title='bbox 840 543 1055 605; x_wconf 89' lang='lat' dir='ltr'><strong>peccata</strong></span> <span class='ocrx_word' id='word_1_30' title='bbox 1098 533 1276 591; x_wconf 86' lang='lat' dir='ltr'><strong>omnia</strong></span> <span class='ocrx_word' id='word_1_31' title='bbox 1316 533 1546 600; x_wconf 89' lang='lat' dir='ltr'><strong>solvere,</strong></span> <span class='ocrx_word' id='word_1_32' title='bbox 1577 531 1705 603; x_wconf 91' lang='lat' dir='ltr'><strong>quid</strong></span> <span class='ocrx_word' id='word_1_33' title='bbox 1735 531 1930 586; x_wconf 89' lang='lat' dir='ltr'><strong>mirum</strong></span> 
     </span>
    </p>
   </div>
   <div class='ocr_carea' id='block_1_6' title="bbox 336 622 1934 700">
    <p class='ocr_par' dir='ltr' id='par_1_6' title="bbox 336 622 1934 700">
     <span class='ocr_line' id='line_1_6' title="bbox 336 622 1934 700; baseline -0.003 -18"><span class='ocrx_word' id='word_1_34' title='bbox 336 629 381 682; x_wconf 89' lang='lat' dir='ltr'><strong>si</strong></span> <span class='ocrx_word' id='word_1_35' title='bbox 403 638 459 684; x_wconf 87' lang='lat' dir='ltr'><strong>et</strong></span> <span class='ocrx_word' id='word_1_36' title='bbox 502 628 644 682; x_wconf 90' lang='lat' dir='ltr'><strong>hunc</strong></span> <span class='ocrx_word' id='word_1_37' title='bbox 668 627 968 700; x_wconf 80' lang='lat' dir='ltr'><strong>apostolum</strong></span> <span class='ocrx_word' id='word_1_38' title='bbox 999 625 1197 682; x_wconf 80' lang='lat' dir='ltr'><strong>faciat?</strong></span> <span class='ocrx_word' id='word_1_39' title='bbox 1223 624 1330 681; x_wconf 88' lang='lat' dir='ltr'><strong>Sed</strong></span> <span class='ocrx_word' id='word_1_40' title='bbox 1360 632 1417 680; x_wconf 94' lang='lat' dir='ltr'><strong>ut</strong></span> <span class='ocrx_word' id='word_1_41' title='bbox 1438 623 1671 680; x_wconf 88' lang='lat' dir='ltr'><strong>didicisti</strong></span> <span class='ocrx_word' id='word_1_42' title='bbox 1695 622 1934 678; x_wconf 86' lang='lat' dir='ltr'><strong>vocantis</strong></span> 
     </span>
    </p>
   </div>
   <div class='ocr_carea' id='block_1_7' title="bbox 340 712 1934 789">
    <p class='ocr_par' dir='ltr' id='par_1_7' title="bbox 340 712 1934 789">
     <span class='ocr_line' id='line_1_7' title="bbox 340 712 1934 789; baseline -0.005 -16"><span class='ocrx_word' id='word_1_43' title='bbox 340 727 678 789; x_wconf 87' lang='lat' dir='ltr'><strong>potestatem,</strong></span> <span class='ocrx_word' id='word_1_44' title='bbox 715 718 794 774; x_wconf 91' lang='lat' dir='ltr'><strong>sic</strong></span> <span class='ocrx_word' id='word_1_45' title='bbox 819 718 967 773; x_wconf 88' lang='lat' dir='ltr'><strong>disce</strong></span> <span class='ocrx_word' id='word_1_46' title='bbox 984 717 1158 773; x_wconf 87' lang='lat' dir='ltr'><strong>vocati</strong></span> <span class='ocrx_word' id='word_1_47' title='bbox 1185 715 1568 774; x_wconf 86' lang='lat' dir='ltr'><strong>obedientiam.</strong></span> <span class='ocrx_word' id='word_1_48' title='bbox 1589 712 1770 783; x_wconf 83' lang='lat' dir='ltr'><strong>Neque</strong></span> <span class='ocrx_word' id='word_1_49' title='bbox 1790 712 1934 768; x_wconf 92' lang='lat' dir='ltr'><strong>enim</strong></span> 
     </span>
    </p>
   </div>
   <div class='ocr_carea' id='block_1_8' title="bbox 338 805 1935 883">
    <p class='ocr_par' dir='ltr' id='par_1_8' title="bbox 338 805 1935 883">
     <span class='ocr_line' id='line_1_8' title="bbox 338 805 1935 883; baseline -0.003 -16"><span class='ocrx_word' id='word_1_50' title='bbox 338 811 670 883; x_wconf 80' lang='lat' dir='ltr'><strong>repugnavit,</strong></span> <span class='ocrx_word' id='word_1_51' title='bbox 699 826 872 883; x_wconf 87' lang='lat' dir='ltr'><strong>neque</strong></span> <span class='ocrx_word' id='word_1_52' title='bbox 896 810 1143 866; x_wconf 84' lang='lat' dir='ltr'><strong>dubitans</strong></span> <span class='ocrx_word' id='word_1_53' title='bbox 1163 809 1329 864; x_wconf 78' lang='lat' dir='ltr'><strong>dixit:</strong></span> <span class='ocrx_word' id='word_1_54' title='bbox 1358 807 1495 877; x_wconf 88' lang='lat' dir='ltr'><strong>Quid</strong></span> <span class='ocrx_word' id='word_1_55' title='bbox 1526 805 1629 862; x_wconf 91' lang='lat' dir='ltr'><strong>hoc</strong></span> <span class='ocrx_word' id='word_1_56' title='bbox 1649 806 1775 861; x_wconf 87' lang='lat' dir='ltr'><strong>est?</strong></span> <span class='ocrx_word' id='word_1_57' title='bbox 1805 821 1935 862; x_wconf 87' lang='lat' dir='ltr'><strong>num</strong></span> 
     </span>
    </p>
   </div>
   <div class='ocr_carea' id='block_1_9' title="bbox 344 896 1933 972">
    <p class='ocr_par' dir='ltr' id='par_1_9' title="bbox 344 896 1933 972">
     <span class='ocr_line' id='line_1_9' title="bbox 344 896 1933 972; baseline -0.005 -13"><span class='ocrx_word' id='word_1_58' title='bbox 344 920 431 959; x_wconf 90' lang='lat' dir='ltr'><strong>me</strong></span> <span class='ocrx_word' id='word_1_59' title='bbox 473 902 743 960; x_wconf 85' lang='lat' dir='ltr'><strong>hominem</strong></span> <span class='ocrx_word' id='word_1_60' title='bbox 786 899 1095 972; x_wconf 88' lang='lat' dir='ltr'><strong>hujusmodi</strong></span> <span class='ocrx_word' id='word_1_61' title='bbox 1154 898 1524 956; x_wconf 83' lang='lat' dir='ltr'><strong>fraudulenter</strong></span> <span class='ocrx_word' id='word_1_62' title='bbox 1567 897 1764 953; x_wconf 87' lang='lat' dir='ltr'><strong>vocat?</strong></span> <span class='ocrx_word' id='word_1_63' title='bbox 1800 896 1933 952; x_wconf 87' lang='lat' dir='ltr'><strong>Nam</strong></span> 
     </span>
    </p>
   </div>
   <div class='ocr_carea' id='block_1_10' title="bbox 342 989 1934 1068">
    <p class='ocr_par' dir='ltr' id='par_1_10' title="bbox 342 989 1934 1068">
     <span class='ocr_line' id='line_1_10' title="bbox 342 989 1934 1068; baseline -0.005 -14"><span class='ocrx_word' id='word_1_64' title='bbox 342 1007 489 1054; x_wconf 90' lang='lat' dir='ltr'><strong>certe</strong></span> <span class='ocrx_word' id='word_1_65' title='bbox 529 997 899 1068; x_wconf 86' lang='lat' dir='ltr'><strong>intempestiva</strong></span> <span class='ocrx_word' id='word_1_66' title='bbox 939 994 1128 1051; x_wconf 80' lang='lat' dir='ltr'><strong>fuisset</strong></span> <span class='ocrx_word' id='word_1_67' title='bbox 1164 991 1468 1065; x_wconf 85' lang='lat' dir='ltr'><strong>hujusmodi</strong></span> <span class='ocrx_word' id='word_1_68' title='bbox 1502 991 1795 1049; x_wconf 84' lang='lat' dir='ltr'><strong>humilitas.</strong></span> <span class='ocrx_word' id='word_1_69' title='bbox 1826 989 1934 1047; x_wconf 90' lang='lat' dir='ltr'><strong>Sed</strong></span> 
     </span>
    </p>
   </div>
   <div class='ocr_carea' id='block_1_11' title="bbox 340 1084 1932 1160">
    <p class='ocr_par' dir='ltr' id='par_1_11' title="bbox 340 1084 1932 1160">
     <span class='ocr_line' id='line_1_11' title="bbox 340 1084 1932 1160; baseline -0.006 -13"><span class='ocrx_word' id='word_1_70' title='bbox 340 1092 522 1147; x_wconf 85' lang='lat' dir='ltr'><strong>statim</strong></span> <span class='ocrx_word' id='word_1_71' title='bbox 550 1090 784 1147; x_wconf 90' lang='lat' dir='ltr'><strong>obedivit</strong></span> <span class='ocrx_word' id='word_1_72' title='bbox 814 1108 828 1145; x_wconf 87' lang='lat'><strong>:</strong></span> <span class='ocrx_word' id='word_1_73' title='bbox 863 1104 1037 1160; x_wconf 91' lang='lat' dir='ltr'><strong>neque</strong></span> <span class='ocrx_word' id='word_1_74' title='bbox 1066 1088 1217 1158; x_wconf 85' lang='lat' dir='ltr'><strong>petiit</strong></span> <span class='ocrx_word' id='word_1_75' title='bbox 1245 1085 1536 1142; x_wconf 90' lang='lat' dir='ltr'><strong>utdomum</strong></span> <span class='ocrx_word' id='word_1_76' title='bbox 1581 1085 1660 1141; x_wconf 91' lang='lat' dir='ltr'><strong>ire</strong></span> <span class='ocrx_word' id='word_1_77' title='bbox 1710 1084 1932 1151; x_wconf 87' lang='lat' dir='ltr'><strong>liceret,</strong></span> 
     </span>
    </p>
   </div>
   <div class='ocr_carea' id='block_1_12' title="bbox 339 1174 1931 1249">
    <p class='ocr_par' dir='ltr' id='par_1_12' title="bbox 339 1174 1931 1249">
     <span class='ocr_line' id='line_1_12' title="bbox 339 1174 1931 1249; baseline -0.006 -10"><span class='ocrx_word' id='word_1_78' title='bbox 339 1195 397 1239; x_wconf 90' lang='lat' dir='ltr'><strong>ut</strong></span> <span class='ocrx_word' id='word_1_79' title='bbox 443 1199 555 1240; x_wconf 90' lang='lat' dir='ltr'><strong>rem</strong></span> <span class='ocrx_word' id='word_1_80' title='bbox 601 1198 723 1241; x_wconf 90' lang='lat' dir='ltr'><strong>cum</strong></span> <span class='ocrx_word' id='word_1_81' title='bbox 795 1181 909 1238; x_wconf 89' lang='lat' dir='ltr'><strong>suis</strong></span> <span class='ocrx_word' id='word_1_82' title='bbox 963 1178 1421 1246; x_wconf 86' lang='lat' dir='ltr'><strong>communicaret,</strong></span> <span class='ocrx_word' id='word_1_83' title='bbox 1477 1174 1931 1249; x_wconf 86' lang='lat' dir='ltr'><strong>quemadmodum</strong></span> 
     </span>
    </p>
   </div>
   <div class='ocr_carea' id='block_1_13' title="bbox 337 1267 1937 1349">
    <p class='ocr_par' dir='ltr' id='par_1_13' title="bbox 337 1267 1937 1349">
     <span class='ocr_line' id='line_1_13' title="bbox 337 1267 1937 1349; baseline -0.007 -16"><span class='ocrx_word' id='word_1_84' title='bbox 337 1278 499 1334; x_wconf 89' lang='lat' dir='ltr'><strong>etiam</strong></span> <span class='ocrx_word' id='word_1_85' title='bbox 520 1276 814 1349; x_wconf 89' lang='lat' dir='ltr'><strong>piscatores</strong></span> <span class='ocrx_word' id='word_1_86' title='bbox 841 1273 1081 1331; x_wconf 81' lang='lat' dir='ltr'><strong>fecerunt</strong></span> <span class='ocrx_word' id='word_1_87' title='bbox 1112 1289 1126 1326; x_wconf 88' lang='lat'><strong>:</strong></span> <span class='ocrx_word' id='word_1_88' title='bbox 1162 1280 1219 1326; x_wconf 91' lang='lat' dir='ltr'><strong>ut</strong></span> <span class='ocrx_word' id='word_1_89' title='bbox 1257 1271 1401 1327; x_wconf 87' lang='lat' dir='ltr'><strong>enim</strong></span> <span class='ocrx_word' id='word_1_90' title='bbox 1426 1270 1501 1327; x_wconf 90' lang='lat' dir='ltr'><strong>illi</strong></span> <span class='ocrx_word' id='word_1_91' title='bbox 1527 1271 1687 1337; x_wconf 82' lang='lat' dir='ltr'><strong>retia,</strong></span> <span class='ocrx_word' id='word_1_92' title='bbox 1719 1267 1937 1324; x_wconf 87' lang='lat' dir='ltr'><strong>navicu-</strong></span> 
     </span>
    </p>
   </div>
   <div class='ocr_carea' id='block_1_14' title="bbox 342 1359 1938 1440">
    <p class='ocr_par' dir='ltr' id='par_1_14' title="bbox 342 1359 1938 1440">
     <span class='ocr_line' id='line_1_14' title="bbox 342 1359 1938 1440; baseline -0.008 -14"><span class='ocrx_word' id='word_1_93' title='bbox 342 1369 471 1435; x_wconf 88' lang='lat' dir='ltr'><strong>lam,</strong></span> <span class='ocrx_word' id='word_1_94' title='bbox 511 1381 568 1426; x_wconf 88' lang='lat' dir='ltr'><strong>et</strong></span> <span class='ocrx_word' id='word_1_95' title='bbox 592 1379 819 1440; x_wconf 88' lang='lat' dir='ltr'><strong>patrem,</strong></span> <span class='ocrx_word' id='word_1_96' title='bbox 847 1368 919 1422; x_wconf 89' lang='lat' dir='ltr'><strong>ita</strong></span> <span class='ocrx_word' id='word_1_97' title='bbox 950 1375 1005 1423; x_wconf 91' lang='lat' dir='ltr'><strong>et</strong></span> <span class='ocrx_word' id='word_1_98' title='bbox 1031 1366 1117 1422; x_wconf 91' lang='lat' dir='ltr'><strong>hic</strong></span> <span class='ocrx_word' id='word_1_99' title='bbox 1136 1363 1473 1421; x_wconf 88' lang='lat' dir='ltr'><strong>teloniariam</strong></span> <span class='ocrx_word' id='word_1_100' title='bbox 1501 1376 1742 1417; x_wconf 87' lang='lat' dir='ltr'><strong>mensam</strong></span> <span class='ocrx_word' id='word_1_101' title='bbox 1772 1370 1827 1416; x_wconf 92' lang='lat' dir='ltr'><strong>et</strong></span> <span class='ocrx_word' id='word_1_102' title='bbox 1856 1359 1938 1414; x_wconf 91' lang='lat' dir='ltr'><strong>lu-</strong></span> 
     </span>
    </p>
   </div>
   <div class='ocr_carea' id='block_1_15' title="bbox 343 1450 1935 1531">
    <p class='ocr_par' dir='ltr' id='par_1_15' title="bbox 343 1450 1935 1531">
     <span class='ocr_line' id='line_1_15' title="bbox 343 1450 1935 1531; baseline -0.008 -14"><span class='ocrx_word' id='word_1_103' title='bbox 343 1476 496 1519; x_wconf 91' lang='lat' dir='ltr'><strong>crum</strong></span> <span class='ocrx_word' id='word_1_104' title='bbox 524 1460 765 1531; x_wconf 79' lang='lat' dir='ltr'><strong>reliquit,</strong></span> <span class='ocrx_word' id='word_1_105' title='bbox 795 1468 855 1515; x_wconf 89' lang='lat' dir='ltr'><strong>ut</strong></span> <span class='ocrx_word' id='word_1_106' title='bbox 882 1468 1218 1529; x_wconf 85' lang='lat' dir='ltr'><strong>sequeretur,</strong></span> <span class='ocrx_word' id='word_1_107' title='bbox 1246 1454 1311 1510; x_wconf 91' lang='lat' dir='ltr'><strong>ad</strong></span> <span class='ocrx_word' id='word_1_108' title='bbox 1336 1453 1515 1511; x_wconf 89' lang='lat' dir='ltr'><strong>omnia</strong></span> <span class='ocrx_word' id='word_1_109' title='bbox 1545 1460 1785 1525; x_wconf 88' lang='lat' dir='ltr'><strong>paratum</strong></span> <span class='ocrx_word' id='word_1_110' title='bbox 1816 1450 1935 1506; x_wconf 90' lang='lat' dir='ltr'><strong>ani-</strong></span> 
     </span>
    </p>
   </div>
   <div class='ocr_carea' id='block_1_16' title="bbox 340 1545 1939 1611">
    <p class='ocr_par' dir='ltr' id='par_1_16' title="bbox 340 1545 1939 1611">
     <span class='ocr_line' id='line_1_16' title="bbox 340 1545 1939 1611; baseline -0.006 -1"><span class='ocrx_word' id='word_1_111' title='bbox 340 1571 489 1611; x_wconf 89' lang='lat' dir='ltr'><strong>mum</strong></span> <span class='ocrx_word' id='word_1_112' title='bbox 524 1554 787 1611; x_wconf 72' lang='lat' dir='ltr'><strong>exhibens</strong></span> <span class='ocrx_word' id='word_1_113' title='bbox 817 1570 831 1608; x_wconf 90' lang='lat'><strong>:</strong></span> <span class='ocrx_word' id='word_1_114' title='bbox 862 1560 918 1609; x_wconf 86' lang='lat' dir='ltr'><strong>et</strong></span> <span class='ocrx_word' id='word_1_115' title='bbox 965 1566 996 1606; x_wconf 86' lang='lat' dir='ltr'><strong>a</strong></span> <span class='ocrx_word' id='word_1_116' title='bbox 1023 1550 1187 1607; x_wconf 84' lang='lat' dir='ltr'><strong>rebus</strong></span> <span class='ocrx_word' id='word_1_117' title='bbox 1210 1547 1461 1605; x_wconf 89' lang='lat' dir='ltr'><strong>omnibus</strong></span> <span class='ocrx_word' id='word_1_118' title='bbox 1501 1545 1847 1604; x_wconf 80' lang='lat' dir='ltr'><strong>sazcularibus</strong></span> <span class='ocrx_word' id='word_1_119' title='bbox 1879 1558 1939 1601; x_wconf 89' lang='lat' dir='ltr'><strong>se</strong></span> 
     </span>
    </p>
   </div>
   <div class='ocr_carea' id='block_1_17' title="bbox 340 1634 1938 1715">
    <p class='ocr_par' dir='ltr' id='par_1_17' title="bbox 340 1634 1938 1715">
     <span class='ocr_line' id='line_1_17' title="bbox 340 1634 1938 1715; baseline -0.008 -11"><span class='ocrx_word' id='word_1_120' title='bbox 340 1647 523 1704; x_wconf 87' lang='lat' dir='ltr'><strong>statim</strong></span> <span class='ocrx_word' id='word_1_121' title='bbox 570 1643 913 1712; x_wconf 87' lang='lat' dir='ltr'><strong>abscindens,</strong></span> <span class='ocrx_word' id='word_1_122' title='bbox 938 1658 1036 1715; x_wconf 88' lang='lat' dir='ltr'><strong>per</strong></span> <span class='ocrx_word' id='word_1_123' title='bbox 1064 1638 1432 1697; x_wconf 86' lang='lat' dir='ltr'><strong>obedientiam</strong></span> <span class='ocrx_word' id='word_1_124' title='bbox 1462 1637 1753 1711; x_wconf 88' lang='lat' dir='ltr'><strong>perfectam</strong></span> <span class='ocrx_word' id='word_1_125' title='bbox 1786 1634 1938 1692; x_wconf 85' lang='lat' dir='ltr'><strong>testi-</strong></span> 
     </span>
    </p>
   </div>
   <div class='ocr_carea' id='block_1_18' title="bbox 342 1727 1937 1808">
    <p class='ocr_par' dir='ltr' id='par_1_18' title="bbox 342 1727 1937 1808">
     <span class='ocr_line' id='line_1_18' title="bbox 342 1727 1937 1808; baseline -0.008 -13"><span class='ocrx_word' id='word_1_126' title='bbox 342 1739 625 1806; x_wconf 63' lang='lat' dir='ltr'><strong>“cabatur,</strong></span> <span class='ocrx_word' id='word_1_127' title='bbox 650 1752 810 1808; x_wconf 89' lang='lat' dir='ltr'><strong>quam</strong></span> <span class='ocrx_word' id='word_1_128' title='bbox 843 1736 1165 1806; x_wconf 83' lang='lat' dir='ltr'><strong>tempestive</strong></span> <span class='ocrx_word' id='word_1_129' title='bbox 1185 1741 1406 1788; x_wconf 86' lang='lat' dir='ltr'><strong>vocatus</strong></span> <span class='ocrx_word' id='word_1_130' title='bbox 1450 1730 1654 1785; x_wconf 82' lang='lat' dir='ltr'><strong>fuisset.</strong></span> <span class='ocrx_word' id='word_1_131' title='bbox 1699 1727 1772 1784; x_wconf 87' lang='lat' dir='ltr'><strong>Et</strong></span> <span class='ocrx_word' id='word_1_132' title='bbox 1819 1742 1937 1794; x_wconf 91' lang='lat' dir='ltr'><strong>cur,</strong></span> 
     </span>
    </p>
   </div>
   <div class='ocr_carea' id='block_1_19' title="bbox 342 1820 1938 1906">
    <p class='ocr_par' dir='ltr' id='par_1_19' title="bbox 342 1820 1938 1906">
     <span class='ocr_line' id='line_1_19' title="bbox 342 1820 1938 1906; baseline -0.011 -16"><span class='ocrx_word' id='word_1_133' title='bbox 342 1833 571 1906; x_wconf 83' lang='lat' dir='ltr'><strong>inquies,</strong></span> <span class='ocrx_word' id='word_1_134' title='bbox 604 1847 714 1887; x_wconf 87' lang='lat' dir='ltr'><strong>non</strong></span> <span class='ocrx_word' id='word_1_135' title='bbox 753 1829 823 1885; x_wconf 90' lang='lat' dir='ltr'><strong>de</strong></span> <span class='ocrx_word' id='word_1_136' title='bbox 842 1827 961 1886; x_wconf 86' lang='lat' dir='ltr'><strong>aliis</strong></span> <span class='ocrx_word' id='word_1_137' title='bbox 981 1826 1135 1893; x_wconf 75' lang='lat' dir='ltr'><strong>dixit,</strong></span> <span class='ocrx_word' id='word_1_138' title='bbox 1191 1823 1461 1899; x_wconf 90' lang='lat' dir='ltr'><strong>quomodo</strong></span> <span class='ocrx_word' id='word_1_139' title='bbox 1486 1822 1661 1877; x_wconf 87' lang='lat' dir='ltr'><strong>vocati</strong></span> <span class='ocrx_word' id='word_1_140' title='bbox 1696 1820 1893 1876; x_wconf 88' lang='lat' dir='ltr'><strong>fuerint</strong></span> <span class='ocrx_word' id='word_1_141' title='bbox 1920 1859 1938 1889; x_wconf 92' lang='lat'><strong>,</strong></span> 
     </span>
    </p>
   </div>
   <div class='ocr_carea' id='block_1_20' title="bbox 342 1909 1942 1983">
    <p class='ocr_par' dir='ltr' id='par_1_20' title="bbox 342 1909 1942 1983">
     <span class='ocr_line' id='line_1_20' title="bbox 342 1909 1942 1983; baseline -0.01 -1"><span class='ocrx_word' id='word_1_142' title='bbox 342 1923 440 1982; x_wconf 84' lang='lat' dir='ltr'><strong>sed</strong></span> <span class='ocrx_word' id='word_1_143' title='bbox 465 1923 533 1980; x_wconf 87' lang='lat' dir='ltr'><strong>de</strong></span> <span class='ocrx_word' id='word_1_144' title='bbox 562 1922 724 1979; x_wconf 89' lang='lat' dir='ltr'><strong>Petro</strong></span> <span class='ocrx_word' id='word_1_145' title='bbox 742 1928 969 1983; x_wconf 88' lang='lat' dir='ltr'><strong>tantum,</strong></span> <span class='ocrx_word' id='word_1_146' title='bbox 995 1916 1222 1980; x_wconf 84' lang='lat' dir='ltr'><strong>Jacubo,</strong></span> <span class='ocrx_word' id='word_1_147' title='bbox 1254 1915 1462 1971; x_wconf 85' lang='lat' dir='ltr'><strong>Joanne</strong></span> <span class='ocrx_word' id='word_1_148' title='bbox 1491 1922 1546 1969; x_wconf 90' lang='lat' dir='ltr'><strong>et</strong></span> <span class='ocrx_word' id='word_1_149' title='bbox 1574 1911 1840 1983; x_wconf 83' lang='lat' dir='ltr'><strong>Philippo,</strong></span> <span class='ocrx_word' id='word_1_150' title='bbox 1872 1909 1942 1966; x_wconf 91' lang='lat' dir='ltr'><strong>de</strong></span> 
     </span>
    </p>
   </div>
   <div class='ocr_carea' id='block_1_21' title="bbox 343 2000 1940 2085">
    <p class='ocr_par' dir='ltr' id='par_1_21' title="bbox 343 2000 1940 2085">
     <span class='ocr_line' id='line_1_21' title="bbox 343 2000 1940 2085; baseline -0.012 -11"><span class='ocrx_word' id='word_1_151' title='bbox 343 2018 557 2074; x_wconf 66' lang='lat' dir='ltr'><strong>CtElCI‘iS</strong></span> <span class='ocrx_word' id='word_1_152' title='bbox 592 2029 722 2071; x_wconf 90' lang='lat' dir='ltr'><strong>vero</strong></span> <span class='ocrx_word' id='word_1_153' title='bbox 751 2009 1052 2085; x_wconf 79' lang='lat' dir='ltr'><strong>nusquam?</strong></span> <span class='ocrx_word' id='word_1_154' title='bbox 1094 2008 1227 2078; x_wconf 85' lang='lat' dir='ltr'><strong>Quia</strong></span> <span class='ocrx_word' id='word_1_155' title='bbox 1272 2006 1325 2061; x_wconf 94' lang='lat' dir='ltr'><strong>hi</strong></span> <span class='ocrx_word' id='word_1_156' title='bbox 1375 2005 1607 2060; x_wconf 84' lang='lat' dir='ltr'><strong>maxime</strong></span> <span class='ocrx_word' id='word_1_157' title='bbox 1642 2013 1817 2070; x_wconf 88' lang='lat' dir='ltr'><strong>erant,</strong></span> <span class='ocrx_word' id='word_1_158' title='bbox 1848 2000 1940 2071; x_wconf 91' lang='lat' dir='ltr'><strong>qui</strong></span> 
     </span>
    </p>
   </div>
   <div class='ocr_carea' id='block_1_22' title="bbox 344 2092 1939 2177">
    <p class='ocr_par' dir='ltr' id='par_1_22' title="bbox 344 2092 1939 2177">
     <span class='ocr_line' id='line_1_22' title="bbox 344 2092 1939 2177; baseline -0.011 -12"><span class='ocrx_word' id='word_1_159' title='bbox 344 2110 577 2166; x_wconf 77' lang='lat' dir='ltr'><strong>immites</strong></span> <span class='ocrx_word' id='word_1_160' title='bbox 618 2106 701 2177; x_wconf 79' lang='lat' dir='ltr'><strong>vel</strong></span> <span class='ocrx_word' id='word_1_161' title='bbox 752 2114 936 2175; x_wconf 88' lang='lat' dir='ltr'><strong>turpes</strong></span> <span class='ocrx_word' id='word_1_162' title='bbox 980 2111 1123 2159; x_wconf 89' lang='lat' dir='ltr'><strong>artes</strong></span> <span class='ocrx_word' id='word_1_163' title='bbox 1179 2092 1533 2163; x_wconf 75' lang='lat' dir='ltr'><strong>cxercebant‘;</strong></span> <span class='ocrx_word' id='word_1_164' title='bbox 1584 2110 1756 2165; x_wconf 90' lang='lat' dir='ltr'><strong>neque</strong></span> <span class='ocrx_word' id='word_1_165' title='bbox 1795 2094 1939 2149; x_wconf 89' lang='lat' dir='ltr'><strong>enim</strong></span> 
     </span>
    </p>
   </div>
   <div class='ocr_carea' id='block_1_23' title="bbox 345 2186 1945 2273">
    <p class='ocr_par' dir='ltr' id='par_1_23' title="bbox 345 2186 1945 2273">
     <span class='ocr_line' id='line_1_23' title="bbox 345 2186 1945 2273; baseline -0.008 -16"><span class='ocrx_word' id='word_1_166' title='bbox 345 2199 617 2273; x_wconf 80' lang='lat' dir='ltr'><strong>quidpiam</strong></span> <span class='ocrx_word' id='word_1_167' title='bbox 655 2186 739 2256; x_wconf 85' lang='lat' dir='ltr'><strong>est</strong></span> <span class='ocrx_word' id='word_1_168' title='bbox 780 2197 1068 2272; x_wconf 90' lang='lat' dir='ltr'><strong>publicano</strong></span> <span class='ocrx_word' id='word_1_169' title='bbox 1092 2193 1349 2261; x_wconf 83' lang='lat' dir='ltr'><strong>deterius,</strong></span> <span class='ocrx_word' id='word_1_170' title='bbox 1372 2190 1454 2247; x_wconf 91' lang='lat' dir='ltr'><strong>vel</strong></span> <span class='ocrx_word' id='word_1_171' title='bbox 1475 2190 1740 2261; x_wconf 86' lang='lat' dir='ltr'><strong>piscatore</strong></span> <span class='ocrx_word' id='word_1_172' title='bbox 1758 2186 1945 2244; x_wconf 90' lang='lat' dir='ltr'><strong>vilius.</strong></span> 
     </span>
    </p>
   </div>
   <div class='ocr_carea' id='block_1_24' title="bbox 346 2281 1944 2368">
    <p class='ocr_par' dir='ltr' id='par_1_24' title="bbox 346 2281 1944 2368">
     <span class='ocr_line' id='line_1_24' title="bbox 346 2281 1944 2368; baseline -0.009 -20"><span class='ocrx_word' id='word_1_173' title='bbox 346 2292 501 2362; x_wconf 87' lang='lat' dir='ltr'><strong>Quod</strong></span> <span class='ocrx_word' id='word_1_174' title='bbox 523 2306 684 2364; x_wconf 85' lang='lat' dir='ltr'><strong>porro</strong></span> <span class='ocrx_word' id='word_1_175' title='bbox 708 2289 988 2368; x_wconf 82' lang='lat' dir='ltr'><strong>Philippus</strong></span> <span class='ocrx_word' id='word_1_176' title='bbox 1016 2287 1177 2343; x_wconf 89' lang='lat' dir='ltr'><strong>ctiam</strong></span> <span class='ocrx_word' id='word_1_177' title='bbox 1223 2285 1362 2341; x_wconf 89' lang='lat' dir='ltr'><strong>inter</strong></span> <span class='ocrx_word' id='word_1_178' title='bbox 1396 2281 1658 2355; x_wconf 90' lang='lat' dir='ltr'><strong>ignobiles</strong></span> <span class='ocrx_word' id='word_1_179' title='bbox 1696 2294 1944 2337; x_wconf 89' lang='lat' dir='ltr'><strong>censere-</strong></span> 
     </span>
    </p>
   </div>
   <div class='ocr_carea' id='block_1_25' title="bbox 347 2369 1944 2455">
    <p class='ocr_par' dir='ltr' id='par_1_25' title="bbox 347 2369 1944 2455">
     <span class='ocr_line' id='line_1_25' title="bbox 347 2369 1944 2455; baseline -0.008 -17"><span class='ocrx_word' id='word_1_180' title='bbox 347 2393 457 2451; x_wconf 88' lang='lat' dir='ltr'><strong>tur,</strong></span> <span class='ocrx_word' id='word_1_181' title='bbox 482 2399 546 2440; x_wconf 83' lang='lat' dir='ltr'><strong>ex</strong></span> <span class='ocrx_word' id='word_1_182' title='bbox 566 2382 733 2455; x_wconf 88' lang='lat' dir='ltr'><strong>patria</strong></span> <span class='ocrx_word' id='word_1_183' title='bbox 762 2381 950 2451; x_wconf 86' lang='lat' dir='ltr'><strong>liquet.</strong></span> <span class='ocrx_word' id='word_1_184' title='bbox 984 2376 1190 2437; x_wconf 87' lang='lat' dir='ltr'><strong>Idcirco</strong></span> <span class='ocrx_word' id='word_1_185' title='bbox 1216 2374 1316 2429; x_wconf 89' lang='lat' dir='ltr'><strong>hos</strong></span> <span class='ocrx_word' id='word_1_186' title='bbox 1334 2373 1564 2433; x_wconf 81' lang='lat' dir='ltr'><strong>maxime</strong></span> <span class='ocrx_word' id='word_1_187' title='bbox 1591 2386 1711 2427; x_wconf 90' lang='lat' dir='ltr'><strong>cum</strong></span> <span class='ocrx_word' id='word_1_188' title='bbox 1740 2369 1944 2427; x_wconf 91' lang='lat' dir='ltr'><strong>artibus</strong></span> 
     </span>
    </p>
   </div>
   <div class='ocr_carea' id='block_1_26' title="bbox 347 2461 1944 2548">
    <p class='ocr_par' dir='ltr' id='par_1_26' title="bbox 347 2461 1944 2548">
     <span class='ocr_line' id='line_1_26' title="bbox 347 2461 1944 2548; baseline -0.009 -17"><span class='ocrx_word' id='word_1_189' title='bbox 347 2477 461 2531; x_wconf 87' lang='lat' dir='ltr'><strong>suis</strong></span> <span class='ocrx_word' id='word_1_190' title='bbox 510 2474 827 2548; x_wconf 74' lang='lat' dir='ltr'><strong>prmdicant,</strong></span> <span class='ocrx_word' id='word_1_191' title='bbox 859 2470 944 2529; x_wconf 89' lang='lat' dir='ltr'><strong>his</strong></span> <span class='ocrx_word' id='word_1_192' title='bbox 990 2469 1328 2527; x_wconf 73' lang='lat' dir='ltr'><strong>declat-antes</strong></span> <span class='ocrx_word' id='word_1_193' title='bbox 1356 2464 1458 2521; x_wconf 90' lang='lat' dir='ltr'><strong>sibi</strong></span> <span class='ocrx_word' id='word_1_194' title='bbox 1487 2464 1649 2521; x_wconf 91' lang='lat' dir='ltr'><strong>etiam</strong></span> <span class='ocrx_word' id='word_1_195' title='bbox 1696 2463 1749 2518; x_wconf 92' lang='lat' dir='ltr'><strong>in</strong></span> <span class='ocrx_word' id='word_1_196' title='bbox 1782 2461 1944 2517; x_wconf 87' lang='lat' dir='ltr'><strong>rebus</strong></span> 
     </span>
    </p>
   </div>
   <div class='ocr_carea' id='block_1_27' title="bbox 349 2551 1945 2638">
    <p class='ocr_par' dir='ltr' id='par_1_27' title="bbox 349 2551 1945 2638">
     <span class='ocr_line' id='line_1_27' title="bbox 349 2551 1945 2638; baseline -0.011 -13"><span class='ocrx_word' id='word_1_197' title='bbox 349 2567 646 2638; x_wconf 80' lang='lat' dir='ltr'><strong>splendidis</strong></span> <span class='ocrx_word' id='word_1_198' title='bbox 687 2565 845 2624; x_wconf 80' lang='lat' dir='ltr'><strong>[idem</strong></span> <span class='ocrx_word' id='word_1_199' title='bbox 896 2578 1017 2621; x_wconf 90' lang='lat' dir='ltr'><strong>esse</strong></span> <span class='ocrx_word' id='word_1_200' title='bbox 1073 2557 1400 2617; x_wconf 88' lang='lat' dir='ltr'><strong>habendam.</strong></span> <span class='ocrx_word' id='word_1_201' title='bbox 1445 2555 1580 2612; x_wconf 91' lang='lat' dir='ltr'><strong>Cum</strong></span> <span class='ocrx_word' id='word_1_202' title='bbox 1625 2554 1769 2610; x_wconf 91' lang='lat' dir='ltr'><strong>enim</strong></span> <span class='ocrx_word' id='word_1_203' title='bbox 1811 2551 1945 2607; x_wconf 92' lang='lat' dir='ltr'><strong>nihil</strong></span> 
     </span>
    </p>
   </div>
   <div class='ocr_carea' id='block_1_28' title="bbox 352 2646 1943 2733">
    <p class='ocr_par' dir='ltr' id='par_1_28' title="bbox 352 2646 1943 2733">
     <span class='ocr_line' id='line_1_28' title="bbox 352 2646 1943 2733; baseline -0.013 -15"><span class='ocrx_word' id='word_1_204' title='bbox 352 2670 674 2733; x_wconf 74' lang='lat' dir='ltr'><strong>praetereant</strong></span> <span class='ocrx_word' id='word_1_205' title='bbox 695 2673 886 2717; x_wconf 89' lang='lat' dir='ltr'><strong>eorum</strong></span> <span class='ocrx_word' id='word_1_206' title='bbox 921 2671 1040 2733; x_wconf 65' lang='lat' dir='ltr'><strong>quae</strong></span> <span class='ocrx_word' id='word_1_207' title='bbox 1092 2649 1463 2724; x_wconf 87' lang='lat' dir='ltr'><strong>vituperabilia</strong></span> <span class='ocrx_word' id='word_1_208' title='bbox 1499 2648 1583 2703; x_wconf 87' lang='lat' dir='ltr'><strong>vel</strong></span> <span class='ocrx_word' id='word_1_209' title='bbox 1621 2646 1747 2702; x_wconf 86' lang='lat' dir='ltr'><strong>vilia</strong></span> <span class='ocrx_word' id='word_1_210' title='bbox 1795 2653 1943 2711; x_wconf 91' lang='lat' dir='ltr'><strong>sunt,</strong></span> 
     </span>
    </p>
   </div>
   <div class='ocr_carea' id='block_1_29' title="bbox 352 2735 1948 2824">
    <p class='ocr_par' dir='ltr' id='par_1_29' title="bbox 352 2735 1948 2824">
     <span class='ocr_line' id='line_1_29' title="bbox 352 2735 1948 2824; baseline -0.013 -13"><span class='ocrx_word' id='word_1_211' title='bbox 352 2755 447 2811; x_wconf 80' lang='lat' dir='ltr'><strong>sed</strong></span> <span class='ocrx_word' id='word_1_212' title='bbox 472 2753 587 2809; x_wconf 78' lang='lat' dir='ltr'><strong>haec</strong></span> <span class='ocrx_word' id='word_1_213' title='bbox 615 2767 724 2824; x_wconf 71' lang='lat' dir='ltr'><strong>pra:</strong></span> <span class='ocrx_word' id='word_1_214' title='bbox 751 2749 874 2807; x_wconf 88' lang='lat' dir='ltr'><strong>aliis</strong></span> <span class='ocrx_word' id='word_1_215' title='bbox 897 2755 1146 2804; x_wconf 86' lang='lat' dir='ltr'><strong>accurate</strong></span> <span class='ocrx_word' id='word_1_216' title='bbox 1168 2742 1480 2815; x_wconf 63' lang='lat' dir='ltr'><strong>praedicent,</strong></span> <span class='ocrx_word' id='word_1_217' title='bbox 1509 2740 1624 2795; x_wconf 89' lang='lat' dir='ltr'><strong>sive</strong></span> <span class='ocrx_word' id='word_1_218' title='bbox 1665 2738 1754 2793; x_wconf 90' lang='lat' dir='ltr'><strong>illa</strong></span> <span class='ocrx_word' id='word_1_219' title='bbox 1783 2735 1948 2805; x_wconf 88' lang='lat' dir='ltr'><strong>magi-</strong></span> 
     </span>
    </p>
   </div>
   <div class='ocr_carea' id='block_1_30' title="bbox 351 2827 1944 2913">
    <p class='ocr_par' dir='ltr' id='par_1_30' title="bbox 351 2827 1944 2913">
     <span class='ocr_line' id='line_1_30' title="bbox 351 2827 1944 2913; baseline -0.012 -12"><span class='ocrx_word' id='word_1_220' title='bbox 351 2859 546 2913; x_wconf 81' lang='lat' dir='ltr'><strong>strum,</strong></span> <span class='ocrx_word' id='word_1_221' title='bbox 595 2844 709 2899; x_wconf 86' lang='lat' dir='ltr'><strong>sive</strong></span> <span class='ocrx_word' id='word_1_222' title='bbox 759 2840 1054 2911; x_wconf 87' lang='lat' dir='ltr'><strong>discipulos</strong></span> <span class='ocrx_word' id='word_1_223' title='bbox 1102 2844 1511 2908; x_wconf 90' lang='lat' dir='ltr'><strong>spectent,cur</strong></span> <span class='ocrx_word' id='word_1_224' title='bbox 1537 2832 1591 2887; x_wconf 91' lang='lat' dir='ltr'><strong>in</strong></span> <span class='ocrx_word' id='word_1_225' title='bbox 1640 2827 1944 2902; x_wconf 90' lang='lat' dir='ltr'><strong>splendidis</strong></span> 
     </span>
    </p>
   </div>
   <div class='ocr_carea' id='block_1_31' title="bbox 353 2919 1952 3006">
    <p class='ocr_par' dir='ltr' id='par_1_31' title="bbox 353 2919 1952 3006">
     <span class='ocr_line' id='line_1_31' title="bbox 353 2919 1952 3006; baseline -0.013 -13"><span class='ocrx_word' id='word_1_226' title='bbox 353 2935 765 3006; x_wconf 65' lang='lat' dir='ltr'><strong>conspicuisque</strong></span> <span class='ocrx_word' id='word_1_227' title='bbox 781 2929 1018 3002; x_wconf 90' lang='lat' dir='ltr'><strong>suspecti</strong></span> <span class='ocrx_word' id='word_1_228' title='bbox 1041 2926 1260 2993; x_wconf 90' lang='lat' dir='ltr'><strong>fuerint,</strong></span> <span class='ocrx_word' id='word_1_229' title='bbox 1311 2939 1432 2980; x_wconf 92' lang='lat' dir='ltr'><strong>cum</strong></span> <span class='ocrx_word' id='word_1_230' title='bbox 1454 2921 1688 2978; x_wconf 79' lang='lat' dir='ltr'><strong>maxime</strong></span> <span class='ocrx_word' id='word_1_231' title='bbox 1720 2919 1870 2990; x_wconf 87' lang='lat' dir='ltr'><strong>signa</strong></span> <span class='ocrx_word' id='word_1_232' title='bbox 1894 2924 1952 2974; x_wconf 85' lang='lat' dir='ltr'><strong>et</strong></span> 
     </span>
    </p>
   </div>
   <div class='ocr_carea' id='block_1_32' title="bbox 359 3006 1950 3094">
    <p class='ocr_par' dir='ltr' id='par_1_32' title="bbox 359 3006 1950 3094">
     <span class='ocr_line' id='line_1_32' title="bbox 359 3006 1950 3094; baseline -0.012 -9"><span class='ocrx_word' id='word_1_233' title='bbox 359 3026 624 3085; x_wconf 83' lang='lat' dir='ltr'><strong>miracula</strong></span> <span class='ocrx_word' id='word_1_234' title='bbox 649 3026 817 3081; x_wconf 88' lang='lat' dir='ltr'><strong>multa</strong></span> <span class='ocrx_word' id='word_1_235' title='bbox 848 3032 866 3063; x_wconf 75' lang='grc' dir='ltr'>ί</span> <span class='ocrx_word' id='word_1_236' title='bbox 896 3006 1366 3094; x_wconf 67' lang='grc' dir='ltr'><strong>ριίηιετουηειηῑ,⁶</strong></span> <span class='ocrx_word' id='word_1_237' title='bbox 1396 3024 1449 3070; x_wconf 91' lang='lat' dir='ltr'><strong>et</strong></span> <span class='ocrx_word' id='word_1_238' title='bbox 1490 3029 1607 3086; x_wconf 72' lang='lat' dir='ltr'><strong>qua:</strong></span> <span class='ocrx_word' id='word_1_239' title='bbox 1631 3011 1697 3068; x_wconf 92' lang='lat' dir='ltr'><strong>ad</strong></span> <span class='ocrx_word' id='word_1_240' title='bbox 1733 3025 1950 3069; x_wconf 90' lang='lat' dir='ltr'><strong>crucem</strong></span> 
     </span>
    </p>
   </div>
   <div class='ocr_carea' id='block_1_33' title="bbox 353 3110 1951 3191">
    <p class='ocr_par' dir='ltr' id='par_1_33' title="bbox 353 3110 1951 3191">
     <span class='ocr_line' id='line_1_33' title="bbox 353 3110 1951 3191; baseline -0.01 -16"><span class='ocrx_word' id='word_1_241' title='bbox 353 3126 620 3191; x_wconf 87' lang='lat' dir='ltr'><strong>spectant,</strong></span> <span class='ocrx_word' id='word_1_242' title='bbox 642 3132 762 3189; x_wconf 85' lang='lat' dir='ltr'><strong>quae</strong></span> <span class='ocrx_word' id='word_1_243' title='bbox 794 3123 946 3172; x_wconf 91' lang='lat' dir='ltr'><strong>certe</strong></span> <span class='ocrx_word' id='word_1_244' title='bbox 977 3112 1236 3185; x_wconf 87' lang='lat' dir='ltr'><strong>probrosa</strong></span> <span class='ocrx_word' id='word_1_245' title='bbox 1266 3110 1515 3165; x_wconf 89' lang='lat' dir='ltr'><strong>videntur</strong></span> <span class='ocrx_word' id='word_1_246' title='bbox 1538 3114 1787 3163; x_wconf 90' lang='lat' dir='ltr'><strong>accurate</strong></span> <span class='ocrx_word' id='word_1_247' title='bbox 1802 3119 1951 3176; x_wconf 85' lang='lat' dir='ltr'><strong>prae-</strong></span> 
     </span>
    </p>
   </div>
   <div class='ocr_carea' id='block_1_34' title="bbox 355 3198 1947 3280">
    <p class='ocr_par' dir='ltr' id='par_1_34' title="bbox 355 3198 1947 3280">
     <span class='ocr_line' id='line_1_34' title="bbox 355 3198 1947 3280; baseline -0.011 -13"><span class='ocrx_word' id='word_1_248' title='bbox 355 3212 562 3278; x_wconf 84' lang='lat' dir='ltr'><strong>dicent,</strong></span> <span class='ocrx_word' id='word_1_249' title='bbox 594 3206 978 3280; x_wconf 88' lang='lat' dir='ltr'><strong>discipulorum</strong></span> <span class='ocrx_word' id='word_1_250' title='bbox 1006 3203 1154 3260; x_wconf 87' lang='lat' dir='ltr'><strong>item</strong></span> <span class='ocrx_word' id='word_1_251' title='bbox 1201 3209 1367 3263; x_wconf 87' lang='lat' dir='ltr'><strong>artes.</strong></span> <span class='ocrx_word' id='word_1_252' title='bbox 1417 3198 1683 3269; x_wconf 87' lang='lat' dir='ltr'><strong>vilemque</strong></span> <span class='ocrx_word' id='word_1_253' title='bbox 1726 3205 1947 3261; x_wconf 85' lang='lat' dir='ltr'><strong>sortem,</strong></span> 
     </span>
    </p>
   </div>
   <div class='ocr_carea' id='block_1_35' title="bbox 354 3286 1952 3376">
    <p class='ocr_par' dir='ltr' id='par_1_35' title="bbox 354 3286 1952 3376">
     <span class='ocr_line' id='line_1_35' title="bbox 354 3286 1952 3376; baseline -0.011 -16"><span class='ocrx_word' id='word_1_254' title='bbox 354 3302 593 3376; x_wconf 81' lang='lat' dir='ltr'><strong>magistri</strong></span> <span class='ocrx_word' id='word_1_255' title='bbox 614 3315 825 3373; x_wconf 89' lang='lat' dir='ltr'><strong>quoque</strong></span> <span class='ocrx_word' id='word_1_256' title='bbox 842 3296 1234 3371; x_wconf 79' lang='lat' dir='ltr'><strong>progenitores,</strong></span> <span class='ocrx_word' id='word_1_257' title='bbox 1252 3293 1344 3363; x_wconf 89' lang='lat' dir='ltr'><strong>qui</strong></span> <span class='ocrx_word' id='word_1_258' title='bbox 1375 3291 1459 3349; x_wconf 89' lang='lat' dir='ltr'><strong>vel</strong></span> <span class='ocrx_word' id='word_1_259' title='bbox 1490 3306 1557 3349; x_wconf 79' lang='lat' dir='ltr'><strong>ex</strong></span> <span class='ocrx_word' id='word_1_260' title='bbox 1588 3288 1839 3362; x_wconf 85' lang='lat' dir='ltr'><strong>peccatis,</strong></span> <span class='ocrx_word' id='word_1_261' title='bbox 1864 3286 1952 3347; x_wconf 85' lang='lat' dir='ltr'><strong>vel</strong></span> 
     </span>
    </p>
   </div>
   <div class='ocr_carea' id='block_1_36' title="bbox 355 3379 1951 3455">
    <p class='ocr_par' dir='ltr' id='par_1_36' title="bbox 355 3379 1951 3455">
     <span class='ocr_line' id='line_1_36' title="bbox 355 3379 1951 3455; baseline -0.012 0"><span class='ocrx_word' id='word_1_262' title='bbox 355 3412 423 3455; x_wconf 76' lang='lat' dir='ltr'><strong>ex</strong></span> <span class='ocrx_word' id='word_1_263' title='bbox 460 3394 551 3452; x_wconf 79' lang='lat' dir='ltr'><strong>vili</strong></span> <span class='ocrx_word' id='word_1_264' title='bbox 574 3391 893 3451; x_wconf 85' lang='lat' dir='ltr'><strong>conditione</strong></span> <span class='ocrx_word' id='word_1_265' title='bbox 925 3388 1037 3444; x_wconf 86' lang='lat' dir='ltr'><strong>noti</strong></span> <span class='ocrx_word' id='word_1_266' title='bbox 1076 3393 1251 3452; x_wconf 89' lang='lat' dir='ltr'><strong>erant,</strong></span> <span class='ocrx_word' id='word_1_267' title='bbox 1289 3384 1434 3440; x_wconf 89' lang='lat' dir='ltr'><strong>clara</strong></span> <span class='ocrx_word' id='word_1_268' title='bbox 1464 3396 1597 3439; x_wconf 90' lang='lat' dir='ltr'><strong>voce</strong></span> <span class='ocrx_word' id='word_1_269' title='bbox 1631 3382 1684 3437; x_wconf 90' lang='lat' dir='ltr'><strong>in</strong></span> <span class='ocrx_word' id='word_1_270' title='bbox 1714 3379 1951 3436; x_wconf 90' lang='lat' dir='ltr'><strong>medium</strong></span> 
     </span>
    </p>
   </div>
   <div class='ocr_carea' id='block_1_37' title="bbox 355 3476 1951 3560">
    <p class='ocr_par' dir='ltr' id='par_1_37' title="bbox 355 3476 1951 3560">
     <span class='ocr_line' id='line_1_37' title="bbox 355 3476 1951 3560; baseline -0.013 -16"><span class='ocrx_word' id='word_1_271' title='bbox 355 3485 686 3560; x_wconf 71' lang='lat' dir='ltr'><strong>pimfcrunt?</strong></span> <span class='ocrx_word' id='word_1_272' title='bbox 715 3482 873 3545; x_wconf 83' lang='lat' dir='ltr'><strong>Unde</strong></span> <span class='ocrx_word' id='word_1_273' title='bbox 898 3479 1243 3537; x_wconf 80' lang='lat' dir='ltr'><strong>manifestum</strong></span> <span class='ocrx_word' id='word_1_274' title='bbox 1272 3486 1375 3540; x_wconf 90' lang='lat' dir='ltr'><strong>est,</strong></span> <span class='ocrx_word' id='word_1_275' title='bbox 1406 3476 1551 3546; x_wconf 91' lang='lat' dir='ltr'><strong>ipsos</strong></span> <span class='ocrx_word' id='word_1_276' title='bbox 1580 3486 1832 3545; x_wconf 87' lang='lat' dir='ltr'><strong>magnam</strong></span> <span class='ocrx_word' id='word_1_277' title='bbox 1854 3486 1951 3530; x_wconf 82' lang='lat' dir='ltr'><strong>ve-</strong></span> 
     </span>
    </p>
   </div>
   <div class='ocr_carea' id='block_1_38' title="bbox 358 3565 1951 3638">
    <p class='ocr_par' dir='ltr' id='par_1_38' title="bbox 358 3565 1951 3638">
     <span class='ocr_line' id='line_1_38' title="bbox 358 3565 1951 3638; baseline -0.01 -2"><span class='ocrx_word' id='word_1_278' title='bbox 358 3578 533 3637; x_wconf 86' lang='lat' dir='ltr'><strong>ritatis</strong></span> <span class='ocrx_word' id='word_1_279' title='bbox 565 3576 817 3633; x_wconf 83' lang='lat' dir='ltr'><strong>habuisse</strong></span> <span class='ocrx_word' id='word_1_280' title='bbox 848 3573 1132 3634; x_wconf 83' lang='lat' dir='ltr'><strong>rationem,</strong></span> <span class='ocrx_word' id='word_1_281' title='bbox 1185 3583 1248 3624; x_wconf 86' lang='lat' dir='ltr'><strong>ac</strong></span> <span class='ocrx_word' id='word_1_282' title='bbox 1290 3583 1464 3638; x_wconf 89' lang='lat' dir='ltr'><strong>neque</strong></span> <span class='ocrx_word' id='word_1_283' title='bbox 1491 3565 1558 3621; x_wconf 83' lang='lat' dir='ltr'><strong>ad</strong></span> <span class='ocrx_word' id='word_1_284' title='bbox 1579 3566 1826 3637; x_wconf 75' lang='lat' dir='ltr'><strong>gratiam,</strong></span> <span class='ocrx_word' id='word_1_285' title='bbox 1856 3577 1951 3620; x_wconf 86' lang='lat' dir='ltr'><strong>ne-</strong></span> 
     </span>
    </p>
   </div>
   <div class='ocr_carea' id='block_1_39' title="bbox 358 3659 1343 3745">
    <p class='ocr_par' dir='ltr' id='par_1_39' title="bbox 358 3659 1343 3745">
     <span class='ocr_line' id='line_1_39' title="bbox 358 3659 1343 3745; baseline -0.012 -20"><span class='ocrx_word' id='word_1_286' title='bbox 358 3687 464 3745; x_wconf 89' lang='lat' dir='ltr'><strong>que</strong></span> <span class='ocrx_word' id='word_1_287' title='bbox 493 3669 561 3725; x_wconf 90' lang='lat' dir='ltr'><strong>ad</strong></span> <span class='ocrx_word' id='word_1_288' title='bbox 595 3666 1008 3724; x_wconf 73' lang='lat' dir='ltr'><strong>ostentationem</strong></span> <span class='ocrx_word' id='word_1_289' title='bbox 1038 3659 1343 3733; x_wconf 87' lang='lat' dir='ltr'><strong>scripsisse.</strong></span> 
     </span>
    </p>
   </div>
   <div class='ocr_carea' id='block_1_40' title="bbox 429 3748 1954 3828">
    <p class='ocr_par' dir='ltr' id='par_1_40' title="bbox 429 3748 1954 3828">
     <span class='ocr_line' id='line_1_40' title="bbox 429 3748 1954 3828; baseline -0.01 -10"><span class='ocrx_word' id='word_1_290' title='bbox 429 3763 488 3818; x_wconf 75' lang='lat'><strong>2.</strong></span> <span class='ocrx_word' id='word_1_291' title='bbox 516 3760 703 3818; x_wconf 80' lang='lat' dir='ltr'><strong>Christi</strong></span> <span class='ocrx_word' id='word_1_292' title='bbox 749 3757 891 3828; x_wconf 86' lang='lat' dir='ltr'><strong>apud</strong></span> <span class='ocrx_word' id='word_1_293' title='bbox 934 3755 1234 3811; x_wconf 72' lang='lat' dir='ltr'><strong>Matthaum</strong></span> <span class='ocrx_word' id='word_1_294' title='bbox 1277 3749 1586 3807; x_wconf 72' lang='lat' dir='ltr'><strong>couvivaatis</strong></span> <span class='ocrx_word' id='word_1_295' title='bbox 1606 3748 1789 3820; x_wconf 84' lang='lat' dir='ltr'><strong>agendi</strong></span> <span class='ocrx_word' id='word_1_296' title='bbox 1823 3748 1954 3802; x_wconf 81' lang='lat' dir='ltr'><strong>ratio</strong></span> 
     </span>
    </p>
   </div>
   <div class='ocr_carea' id='block_1_41' title="bbox 358 3839 1954 3927">
    <p class='ocr_par' dir='ltr' id='par_1_41' title="bbox 358 3839 1954 3927">
     <span class='ocr_line' id='line_1_41' title="bbox 358 3839 1954 3927; baseline -0.012 -16"><span class='ocrx_word' id='word_1_297' title='bbox 358 3853 662 3927; x_wconf 76' lang='lat' dir='ltr'><strong>explicatur.</strong></span> <span class='ocrx_word' id='word_1_298' title='bbox 705 3847 1103 3917; x_wconf 83' lang='lat' dir='ltr'><strong>Redarguuntur</strong></span> <span class='ocrx_word' id='word_1_299' title='bbox 1143 3844 1181 3898; x_wconf 96' lang='lat' dir='ltr'><strong>ii</strong></span> <span class='ocrx_word' id='word_1_300' title='bbox 1205 3842 1291 3913; x_wconf 96' lang='lat' dir='ltr'><strong>qui</strong></span> <span class='ocrx_word' id='word_1_301' title='bbox 1319 3842 1414 3897; x_wconf 90' lang='lat' dir='ltr'><strong>sibi</strong></span> <span class='ocrx_word' id='word_1_302' title='bbox 1453 3843 1645 3913; x_wconf 74' lang='lat' dir='ltr'><strong>famam</strong></span> <span class='ocrx_word' id='word_1_303' title='bbox 1672 3856 1736 3893; x_wconf 81' lang='lat' dir='ltr'><strong>ea:</strong></span> <span class='ocrx_word' id='word_1_304' title='bbox 1752 3839 1954 3911; x_wconf 78' lang='lat' dir='ltr'><strong>jejunio</strong></span> 
     </span>
    </p>
   </div>
   <div class='ocr_carea' id='block_1_42' title="bbox 360 3933 1955 4023">
    <p class='ocr_par' dir='ltr' id='par_1_42' title="bbox 360 3933 1955 4023">
     <span class='ocr_line' id='line_1_42' title="bbox 360 3933 1955 4023; baseline -0.012 -20"><span class='ocrx_word' id='word_1_305' title='bbox 360 3962 540 4023; x_wconf 82' lang='lat' dir='ltr'><strong>parere</strong></span> <span class='ocrx_word' id='word_1_306' title='bbox 572 3950 775 3999; x_wconf 81' lang='lat' dir='ltr'><strong>curant.</strong></span> <span class='ocrx_word' id='word_1_307' title='bbox 823 3970 894 3982; x_wconf 91' lang='lat'><strong>——-</strong></span> <span class='ocrx_word' id='word_1_308' title='bbox 922 3939 1179 3995; x_wconf 77' lang='lat' dir='ltr'><strong>Vocatum</strong></span> <span class='ocrx_word' id='word_1_309' title='bbox 1214 3937 1393 4006; x_wconf 78' lang='lat' dir='ltr'><strong>itaque</strong></span> <span class='ocrx_word' id='word_1_310' title='bbox 1422 3933 1730 3990; x_wconf 72' lang='lat' dir='ltr'><strong>Matthmum</strong></span> <span class='ocrx_word' id='word_1_311' title='bbox 1763 3945 1955 4001; x_wconf 78' lang='lat' dir='ltr'><strong>magno</strong></span> 
     </span>
    </p>
   </div>
   <div class='ocr_carea' id='block_1_43' title="bbox 360 4023 1956 4097">
    <p class='ocr_par' dir='ltr' id='par_1_43' title="bbox 360 4023 1956 4097">
     <span class='ocr_line' id='line_1_43' title="bbox 360 4023 1956 4097; baseline -0.009 -2"><span class='ocrx_word' id='word_1_312' title='bbox 360 4038 542 4097; x_wconf 77' lang='lat' dir='ltr'><strong>affecit</strong></span> <span class='ocrx_word' id='word_1_313' title='bbox 591 4037 798 4092; x_wconf 89' lang='lat' dir='ltr'><strong>honore</strong></span> <span class='ocrx_word' id='word_1_314' title='bbox 841 4032 909 4089; x_wconf 83' lang='lat' dir='ltr'><strong>ad</strong></span> <span class='ocrx_word' id='word_1_315' title='bbox 956 4045 1196 4087; x_wconf 88' lang='lat' dir='ltr'><strong>mensam</strong></span> <span class='ocrx_word' id='word_1_316' title='bbox 1237 4026 1548 4090; x_wconf 84' lang='lat' dir='ltr'><strong>admittens,</strong></span> <span class='ocrx_word' id='word_1_317' title='bbox 1577 4041 1684 4096; x_wconf 91' lang='lat' dir='ltr'><strong>quo</strong></span> <span class='ocrx_word' id='word_1_318' title='bbox 1714 4027 1860 4081; x_wconf 89' lang='lat' dir='ltr'><strong>illum</strong></span> <span class='ocrx_word' id='word_1_319' title='bbox 1887 4023 1956 4080; x_wconf 86' lang='lat' dir='ltr'><strong>de</strong></span> 
     </span>
    </p>
   </div>
   <div class='ocr_carea' id='block_1_44' title="bbox 359 4119 1954 4200">
    <p class='ocr_par' dir='ltr' id='par_1_44' title="bbox 359 4119 1954 4200">
     <span class='ocr_line' id='line_1_44' title="bbox 359 4119 1954 4200; baseline -0.011 -11"><span class='ocrx_word' id='word_1_320' title='bbox 359 4133 542 4189; x_wconf 89' lang='lat' dir='ltr'><strong>futuro</strong></span> <span class='ocrx_word' id='word_1_321' title='bbox 570 4129 707 4186; x_wconf 90' lang='lat' dir='ltr'><strong>bene</strong></span> <span class='ocrx_word' id='word_1_322' title='bbox 732 4141 951 4200; x_wconf 86' lang='lat' dir='ltr'><strong>sperare</strong></span> <span class='ocrx_word' id='word_1_323' title='bbox 977 4134 1153 4192; x_wconf 87' lang='lat' dir='ltr'><strong>curat,</strong></span> <span class='ocrx_word' id='word_1_324' title='bbox 1174 4133 1227 4178; x_wconf 88' lang='lat' dir='ltr'><strong>et</strong></span> <span class='ocrx_word' id='word_1_325' title='bbox 1248 4120 1506 4192; x_wconf 84' lang='lat' dir='ltr'><strong>majorem</strong></span> <span class='ocrx_word' id='word_1_326' title='bbox 1530 4120 1664 4175; x_wconf 89' lang='lat' dir='ltr'><strong>indit</strong></span> <span class='ocrx_word' id='word_1_327' title='bbox 1684 4119 1954 4175; x_wconf 84' lang='lat' dir='ltr'><strong>ﬁduciam.</strong></span> 
     </span>
    </p>
   </div>
   <div class='ocr_carea' id='block_1_45' title="bbox 361 4209 1958 4286">
    <p class='ocr_par' dir='ltr' id='par_1_45' title="bbox 361 4209 1958 4286">
     <span class='ocr_line' id='line_1_45' title="bbox 361 4209 1958 4286; baseline -0.009 -6"><span class='ocrx_word' id='word_1_328' title='bbox 361 4221 478 4280; x_wconf 81' lang='lat' dir='ltr'><strong>Non</strong></span> <span class='ocrx_word' id='word_1_329' title='bbox 512 4220 655 4278; x_wconf 88' lang='lat' dir='ltr'><strong>enim</strong></span> <span class='ocrx_word' id='word_1_330' title='bbox 683 4219 737 4275; x_wconf 92' lang='lat' dir='ltr'><strong>in</strong></span> <span class='ocrx_word' id='word_1_331' title='bbox 767 4216 1006 4277; x_wconf 86' lang='lat' dir='ltr'><strong>sananda</strong></span> <span class='ocrx_word' id='word_1_332' title='bbox 1020 4214 1138 4286; x_wconf 90' lang='lat' dir='ltr'><strong>ejus</strong></span> <span class='ocrx_word' id='word_1_333' title='bbox 1161 4212 1439 4283; x_wconf 80' lang='lat' dir='ltr'><strong>iniquitate</strong></span> <span class='ocrx_word' id='word_1_334' title='bbox 1458 4210 1681 4267; x_wconf 91' lang='lat' dir='ltr'><strong>multum</strong></span> <span class='ocrx_word' id='word_1_335' title='bbox 1702 4209 1958 4279; x_wconf 88' lang='lat' dir='ltr'><strong>temporis</strong></span> 
     </span>
    </p>
   </div>
   <div class='ocr_carea' id='block_1_46' title="bbox 360 4304 1955 4380">
    <p class='ocr_par' dir='ltr' id='par_1_46' title="bbox 360 4304 1955 4380">
     <span class='ocr_line' id='line_1_46' title="bbox 360 4304 1955 4380; baseline -0.011 -8"><span class='ocrx_word' id='word_1_336' title='bbox 360 4313 628 4380; x_wconf 81' lang='lat' dir='ltr'><strong>adhibuit,</strong></span> <span class='ocrx_word' id='word_1_337' title='bbox 675 4310 773 4369; x_wconf 86' lang='lat' dir='ltr'><strong>sed</strong></span> <span class='ocrx_word' id='word_1_338' title='bbox 817 4309 948 4366; x_wconf 90' lang='lat' dir='ltr'><strong>illud</strong></span> <span class='ocrx_word' id='word_1_339' title='bbox 996 4307 1176 4363; x_wconf 88' lang='lat' dir='ltr'><strong>statim</strong></span> <span class='ocrx_word' id='word_1_340' title='bbox 1227 4304 1427 4367; x_wconf 82' lang='lat' dir='ltr'><strong>factum</strong></span> <span class='ocrx_word' id='word_1_341' title='bbox 1469 4313 1582 4368; x_wconf 88' lang='lat' dir='ltr'><strong>est;</strong></span> <span class='ocrx_word' id='word_1_342' title='bbox 1626 4318 1799 4373; x_wconf 85' lang='lat' dir='ltr'><strong>neque</strong></span> <span class='ocrx_word' id='word_1_343' title='bbox 1833 4317 1955 4357; x_wconf 92' lang='lat' dir='ltr'><strong>cum</strong></span> 
     </span>
    </p>
   </div>
   <div class='ocr_carea' id='block_1_47' title="bbox 363 4389 1937 4464">
    <p class='ocr_par' dir='ltr' id='par_1_47' title="bbox 363 4389 1937 4464">
     <span class='ocr_line' id='line_1_47' title="bbox 363 4389 1937 4464; baseline -0.012 -1"><span class='ocrx_word' id='word_1_344' title='bbox 363 4405 459 4462; x_wconf 85' lang='lat' dir='ltr'><strong>illo</strong></span> <span class='ocrx_word' id='word_1_345' title='bbox 484 4411 704 4462; x_wconf 85' lang='lat' dir='ltr'><strong>tantum</strong></span> <span class='ocrx_word' id='word_1_346' title='bbox 731 4399 1002 4458; x_wconf 84' lang='lat' dir='ltr'><strong>recumbit</strong></span> <span class='ocrx_word' id='word_1_347' title='bbox 1018 4397 1089 4454; x_wconf 87' lang='lat' dir='ltr'><strong>ad</strong></span> <span class='ocrx_word' id='word_1_348' title='bbox 1102 4411 1371 4464; x_wconf 85' lang='lat' dir='ltr'><strong>mensam,</strong></span> <span class='ocrx_word' id='word_1_349' title='bbox 1389 4393 1484 4451; x_wconf 89' lang='lat' dir='ltr'><strong>sed</strong></span> <span class='ocrx_word' id='word_1_350' title='bbox 1506 4408 1631 4450; x_wconf 84' lang='lat' dir='ltr'><strong>cum</strong></span> <span class='ocrx_word' id='word_1_351' title='bbox 1650 4392 1773 4447; x_wconf 87' lang='lat' dir='ltr'><strong>aliis</strong></span> <span class='ocrx_word' id='word_1_352' title='bbox 1795 4389 1937 4445; x_wconf 80' lang='lat' dir='ltr'><strong>mul-</strong></span> 
     </span>
    </p>
   </div>
   <div class='ocr_carea' id='block_1_48' title="bbox 364 4484 1955 4567">
    <p class='ocr_par' dir='ltr' id='par_1_48' title="bbox 364 4484 1955 4567">
     <span class='ocr_line' id='line_1_48' title="bbox 364 4484 1955 4567; baseline -0.011 -14"><span class='ocrx_word' id='word_1_353' title='bbox 364 4497 473 4553; x_wconf 89' lang='lat' dir='ltr'><strong>tis:</strong></span> <span class='ocrx_word' id='word_1_354' title='bbox 492 4508 825 4567; x_wconf 86' lang='lat' dir='ltr'><strong>quamquam</strong></span> <span class='ocrx_word' id='word_1_355' title='bbox 843 4492 897 4548; x_wconf 87' lang='lat' dir='ltr'><strong>id</strong></span> <span class='ocrx_word' id='word_1_356' title='bbox 916 4490 995 4546; x_wconf 91' lang='lat' dir='ltr'><strong>illi</strong></span> <span class='ocrx_word' id='word_1_357' title='bbox 1013 4489 1233 4547; x_wconf 90' lang='lat' dir='ltr'><strong>crimini</strong></span> <span class='ocrx_word' id='word_1_358' title='bbox 1254 4488 1507 4551; x_wconf 88' lang='lat' dir='ltr'><strong>dabatur,</strong></span> <span class='ocrx_word' id='word_1_359' title='bbox 1524 4484 1670 4558; x_wconf 90' lang='lat' dir='ltr'><strong>quod</strong></span> <span class='ocrx_word' id='word_1_360' title='bbox 1693 4492 1955 4556; x_wconf 59' lang='lat' dir='ltr'><strong>peccatoa.</strong></span> 
     </span>
    </p>
   </div>
   <div class='ocr_carea' id='block_1_49' title="bbox 366 4570 1943 4655">
    <p class='ocr_par' dir='ltr' id='par_1_49' title="bbox 366 4570 1943 4655">
     <span class='ocr_line' id='line_1_49' title="bbox 366 4570 1943 4655; baseline -0.011 -11"><span class='ocrx_word' id='word_1_361' title='bbox 366 4603 458 4644; x_wconf 90' lang='lat' dir='ltr'><strong>res</strong></span> <span class='ocrx_word' id='word_1_362' title='bbox 483 4602 593 4642; x_wconf 90' lang='lat' dir='ltr'><strong>non</strong></span> <span class='ocrx_word' id='word_1_363' title='bbox 614 4585 875 4655; x_wconf 78' lang='lat' dir='ltr'><strong>abigeret.</strong></span> <span class='ocrx_word' id='word_1_364' title='bbox 895 4582 1101 4638; x_wconf 80' lang='lat' dir='ltr'><strong>Verum</strong></span> <span class='ocrx_word' id='word_1_365' title='bbox 1124 4595 1299 4651; x_wconf 87' lang='lat' dir='ltr'><strong>neque</strong></span> <span class='ocrx_word' id='word_1_366' title='bbox 1323 4580 1429 4635; x_wconf 92' lang='lat' dir='ltr'><strong>hoc</strong></span> <span class='ocrx_word' id='word_1_367' title='bbox 1457 4577 1635 4633; x_wconf 85' lang='lat' dir='ltr'><strong>celant</strong></span> <span class='ocrx_word' id='word_1_368' title='bbox 1664 4570 1943 4644; x_wconf 86' lang='lat' dir='ltr'><strong>evangeli-</strong></span> 
     </span>
    </p>
   </div>
   <div class='ocr_carea' id='block_1_50' title="bbox 368 4665 1946 4750">
    <p class='ocr_par' dir='ltr' id='par_1_50' title="bbox 368 4665 1946 4750">
     <span class='ocr_line' id='line_1_50' title="bbox 368 4665 1946 4750; baseline -0.011 -15"><span class='ocrx_word' id='word_1_369' title='bbox 368 4688 469 4735; x_wconf 69' lang='lat' dir='ltr'><strong>sta:</strong></span> <span class='ocrx_word' id='word_1_370' title='bbox 494 4677 769 4750; x_wconf 87' lang='lat' dir='ltr'><strong>quomodo</strong></span> <span class='ocrx_word' id='word_1_371' title='bbox 806 4674 882 4730; x_wconf 90' lang='lat' dir='ltr'><strong>illi</strong></span> <span class='ocrx_word' id='word_1_372' title='bbox 909 4672 1207 4728; x_wconf 90' lang='lat' dir='ltr'><strong>accusandi</strong></span> <span class='ocrx_word' id='word_1_373' title='bbox 1233 4671 1558 4727; x_wconf 77' lang='lat' dir='ltr'><strong>occasiones</strong></span> <span class='ocrx_word' id='word_1_374' title='bbox 1598 4665 1893 4738; x_wconf 84' lang='lat' dir='ltr'><strong>captabant</strong></span> <span class='ocrx_word' id='word_1_375' title='bbox 1927 4702 1946 4730; x_wconf 89' lang='lat'><strong>,</strong></span> 
     </span>
    </p>
   </div>
   <div class='ocr_carea' id='block_1_51' title="bbox 365 4756 1958 4839">
    <p class='ocr_par' dir='ltr' id='par_1_51' title="bbox 365 4756 1958 4839">
     <span class='ocr_line' id='line_1_51' title="bbox 365 4756 1958 4839; baseline -0.009 -14"><span class='ocrx_word' id='word_1_376' title='bbox 365 4767 487 4839; x_wconf 82' lang='lat' dir='ltr'><strong>eius</strong></span> <span class='ocrx_word' id='word_1_377' title='bbox 509 4764 853 4839; x_wconf 81' lang='lat' dir='ltr'><strong>explorantes</strong></span> <span class='ocrx_word' id='word_1_378' title='bbox 876 4775 1061 4833; x_wconf 82' lang='lat' dir='ltr'><strong>opera.</strong></span> <span class='ocrx_word' id='word_1_379' title='bbox 1088 4758 1430 4816; x_wconf 90' lang='lat' dir='ltr'><strong>Conveniunt</strong></span> <span class='ocrx_word' id='word_1_380' title='bbox 1467 4771 1625 4827; x_wconf 87' lang='lat' dir='ltr'><strong>porro</strong></span> <span class='ocrx_word' id='word_1_381' title='bbox 1652 4756 1917 4829; x_wconf 87' lang='lat' dir='ltr'><strong>publicani</strong></span> <span class='ocrx_word' id='word_1_382' title='bbox 1942 4795 1958 4824; x_wconf 93' lang='lat'><strong>,</strong></span> 
     </span>
    </p>
   </div>
   <div class='ocr_carea' id='block_1_52' title="bbox 365 4848 1961 4931">
    <p class='ocr_par' dir='ltr' id='par_1_52' title="bbox 365 4848 1961 4931">
     <span class='ocr_line' id='line_1_52' title="bbox 365 4848 1961 4931; baseline -0.006 -15"><span class='ocrx_word' id='word_1_383' title='bbox 365 4858 520 4931; x_wconf 87' lang='lat' dir='ltr'><strong>quasi</strong></span> <span class='ocrx_word' id='word_1_384' title='bbox 567 4857 635 4913; x_wconf 88' lang='lat' dir='ltr'><strong>ad</strong></span> <span class='ocrx_word' id='word_1_385' title='bbox 683 4857 815 4912; x_wconf 89' lang='lat' dir='ltr'><strong>artis</strong></span> <span class='ocrx_word' id='word_1_386' title='bbox 858 4862 1196 4918; x_wconf 90' lang='lat' dir='ltr'><strong>consortem;</strong></span> <span class='ocrx_word' id='word_1_387' title='bbox 1243 4865 1367 4906; x_wconf 89' lang='lat' dir='ltr'><strong>nam</strong></span> <span class='ocrx_word' id='word_1_388' title='bbox 1395 4849 1587 4906; x_wconf 89' lang='lat' dir='ltr'><strong>honori</strong></span> <span class='ocrx_word' id='word_1_389' title='bbox 1625 4848 1729 4906; x_wconf 92' lang='lat' dir='ltr'><strong>sibi</strong></span> <span class='ocrx_word' id='word_1_390' title='bbox 1759 4849 1961 4907; x_wconf 89' lang='lat' dir='ltr'><strong>ducens</strong></span> 
     </span>
    </p>
   </div>
   <div class='ocr_carea' id='block_1_53' title="bbox 365 4943 1962 5024">
    <p class='ocr_par' dir='ltr' id='par_1_53' title="bbox 365 4943 1962 5024">
     <span class='ocr_line' id='line_1_53' title="bbox 365 4943 1962 5024; baseline -0.004 -20"><span class='ocrx_word' id='word_1_391' title='bbox 365 4952 509 5024; x_wconf 84' lang='lat' dir='ltr'><strong>quod</strong></span> <span class='ocrx_word' id='word_1_392' title='bbox 533 4950 778 5008; x_wconf 81' lang='lat' dir='ltr'><strong>Christus</strong></span> <span class='ocrx_word' id='word_1_393' title='bbox 807 4947 875 5004; x_wconf 89' lang='lat' dir='ltr'><strong>ad</strong></span> <span class='ocrx_word' id='word_1_394' title='bbox 901 4963 960 5004; x_wconf 91' lang='lat' dir='ltr'><strong>se</strong></span> <span class='ocrx_word' id='word_1_395' title='bbox 988 4946 1242 5011; x_wconf 85' lang='lat' dir='ltr'><strong>venisset,</strong></span> <span class='ocrx_word' id='word_1_396' title='bbox 1270 4958 1457 5001; x_wconf 85' lang='lat' dir='ltr'><strong>omnes</strong></span> <span class='ocrx_word' id='word_1_397' title='bbox 1479 4943 1812 4999; x_wconf 87' lang='lat' dir='ltr'><strong>convocavit.</strong></span> <span class='ocrx_word' id='word_1_398' title='bbox 1839 4943 1962 4999; x_wconf 86' lang='lat' dir='ltr'><strong>Ete-</strong></span> 
     </span>
    </p>
   </div>
   <div class='ocr_carea' id='block_1_54' title="bbox 367 5035 1961 5111">
    <p class='ocr_par' dir='ltr' id='par_1_54' title="bbox 367 5035 1961 5111">
     <span class='ocr_line' id='line_1_54' title="bbox 367 5035 1961 5111; baseline -0.008 -9"><span class='ocrx_word' id='word_1_399' title='bbox 367 5048 477 5107; x_wconf 90' lang='lat' dir='ltr'><strong>nim</strong></span> <span class='ocrx_word' id='word_1_400' title='bbox 505 5060 666 5101; x_wconf 86' lang='lat' dir='ltr'><strong>omue</strong></span> <span class='ocrx_word' id='word_1_401' title='bbox 703 5040 993 5103; x_wconf 84' lang='lat' dir='ltr'><strong>curationis</strong></span> <span class='ocrx_word' id='word_1_402' title='bbox 1033 5053 1204 5111; x_wconf 86' lang='lat' dir='ltr'><strong>genus</strong></span> <span class='ocrx_word' id='word_1_403' title='bbox 1231 5036 1473 5094; x_wconf 86' lang='lat' dir='ltr'><strong>Christus</strong></span> <span class='ocrx_word' id='word_1_404' title='bbox 1510 5035 1830 5101; x_wconf 89' lang='lat' dir='ltr'><strong>adhibebat,</strong></span> <span class='ocrx_word' id='word_1_405' title='bbox 1860 5050 1961 5091; x_wconf 89' lang='lat' dir='ltr'><strong>nec</strong></span> 
     </span>
    </p>
   </div>
   <div class='ocr_carea' id='block_1_55' title="bbox 358 5126 1961 5218">
    <p class='ocr_par' dir='ltr' id='par_1_55' title="bbox 358 5126 1961 5218">
     <span class='ocr_line' id='line_1_55' title="bbox 358 5126 1961 5218; baseline -0.006 -25"><span class='ocrx_word' id='word_1_406' title='bbox 358 5139 530 5218; x_wconf 66' lang='grc' dir='ltr'><strong>ιιιιοι1ο</strong></span> <span class='ocrx_word' id='word_1_407' title='bbox 549 5152 671 5194; x_wconf 90' lang='lat' dir='ltr'><strong>cum</strong></span> <span class='ocrx_word' id='word_1_408' title='bbox 702 5136 1131 5200; x_wconf 90' lang='lat' dir='ltr'><strong>concionaretur,</strong></span> <span class='ocrx_word' id='word_1_409' title='bbox 1163 5145 1285 5187; x_wconf 92' lang='lat' dir='ltr'><strong>cum</strong></span> <span class='ocrx_word' id='word_1_410' title='bbox 1309 5136 1543 5193; x_wconf 88' lang='lat' dir='ltr'><strong>curaret,</strong></span> <span class='ocrx_word' id='word_1_411' title='bbox 1566 5142 1689 5183; x_wconf 92' lang='lat' dir='ltr'><strong>cum</strong></span> <span class='ocrx_word' id='word_1_412' title='bbox 1717 5126 1961 5184; x_wconf 90' lang='lat' dir='ltr'><strong>inimicos</strong></span> 
     </span>
    </p>
   </div>
   <div class='ocr_carea' id='block_1_56' title="bbox 370 5218 1961 5301">
    <p class='ocr_par' dir='ltr' id='par_1_56' title="bbox 370 5218 1961 5301">
     <span class='ocr_line' id='line_1_56' title="bbox 370 5218 1961 5301; baseline -0.006 -15"><span class='ocrx_word' id='word_1_413' title='bbox 370 5230 735 5301; x_wconf 81' lang='lat' dir='ltr'><strong>redargueret,</strong></span> <span class='ocrx_word' id='word_1_414' title='bbox 794 5227 889 5284; x_wconf 91' lang='lat' dir='ltr'><strong>sed</strong></span> <span class='ocrx_word' id='word_1_415' title='bbox 938 5226 1098 5282; x_wconf 87' lang='lat' dir='ltr'><strong>etiam</strong></span> <span class='ocrx_word' id='word_1_416' title='bbox 1146 5238 1270 5280; x_wconf 91' lang='lat' dir='ltr'><strong>cum</strong></span> <span class='ocrx_word' id='word_1_417' title='bbox 1319 5221 1711 5286; x_wconf 88' lang='lat' dir='ltr'><strong>convivaretur,</strong></span> <span class='ocrx_word' id='word_1_418' title='bbox 1762 5218 1961 5277; x_wconf 90' lang='lat' dir='ltr'><strong>multos</strong></span> 
     </span>
    </p>
   </div>
   <div class='ocr_carea' id='block_1_57' title="bbox 375 5312 1962 5377">
    <p class='ocr_par' dir='ltr' id='par_1_57' title="bbox 375 5312 1962 5377">
     <span class='ocr_line' id='line_1_57' title="bbox 375 5312 1962 5377; baseline -0.006 0"><span class='ocrx_word' id='word_1_419' title='bbox 375 5320 519 5377; x_wconf 89' lang='lat' dir='ltr'><strong>male</strong></span> <span class='ocrx_word' id='word_1_420' title='bbox 548 5319 768 5375; x_wconf 74' lang='lat' dir='ltr'><strong>allectos</strong></span> <span class='ocrx_word' id='word_1_421' title='bbox 795 5317 1117 5374; x_wconf 89' lang='lat' dir='ltr'><strong>emendabat</strong></span> <span class='ocrx_word' id='word_1_422' title='bbox 1139 5333 1154 5372; x_wconf 89' lang='lat'><strong>:</strong></span> <span class='ocrx_word' id='word_1_423' title='bbox 1177 5314 1263 5371; x_wconf 88' lang='lat' dir='ltr'><strong>his</strong></span> <span class='ocrx_word' id='word_1_424' title='bbox 1288 5328 1386 5370; x_wconf 86' lang='lat' dir='ltr'><strong>nos</strong></span> <span class='ocrx_word' id='word_1_425' title='bbox 1409 5312 1610 5369; x_wconf 88' lang='lat' dir='ltr'><strong>docens</strong></span> <span class='ocrx_word' id='word_1_426' title='bbox 1633 5327 1794 5369; x_wconf 90' lang='lat' dir='ltr'><strong>omne</strong></span> <span class='ocrx_word' id='word_1_427' title='bbox 1823 5320 1962 5368; x_wconf 91' lang='lat' dir='ltr'><strong>tem-</strong></span> 
     </span>
    </p>
   </div>
   <div class='ocr_carea' id='block_1_58' title="bbox 375 5401 1961 5481">
    <p class='ocr_par' dir='ltr' id='par_1_58' title="bbox 375 5401 1961 5481">
     <span class='ocr_line' id='line_1_58' title="bbox 375 5401 1961 5481; baseline -0.003 -19"><span class='ocrx_word' id='word_1_428' title='bbox 375 5425 474 5481; x_wconf 78' lang='lat' dir='ltr'><strong>pus</strong></span> <span class='ocrx_word' id='word_1_429' title='bbox 521 5424 788 5478; x_wconf 84' lang='lat' dir='ltr'><strong>omneque</strong></span> <span class='ocrx_word' id='word_1_430' title='bbox 835 5423 970 5479; x_wconf 87' lang='lat' dir='ltr'><strong>opus</strong></span> <span class='ocrx_word' id='word_1_431' title='bbox 1017 5420 1172 5477; x_wconf 88' lang='lat' dir='ltr'><strong>posse</strong></span> <span class='ocrx_word' id='word_1_432' title='bbox 1218 5404 1372 5460; x_wconf 91' lang='lat' dir='ltr'><strong>nobis</strong></span> <span class='ocrx_word' id='word_1_433' title='bbox 1417 5404 1695 5459; x_wconf 88' lang='lat' dir='ltr'><strong>utilitatem</strong></span> <span class='ocrx_word' id='word_1_434' title='bbox 1749 5401 1961 5458; x_wconf 85' lang='lat' dir='ltr'><strong>afferre.</strong></span> 
     </span>
    </p>
   </div>
   <div class='ocr_carea' id='block_1_59' title="bbox 375 5494 1965 5574">
    <p class='ocr_par' dir='ltr' id='par_1_59' title="bbox 375 5494 1965 5574">
     <span class='ocr_line' id='line_1_59' title="bbox 375 5494 1965 5574; baseline -0.004 -16"><span class='ocrx_word' id='word_1_435' title='bbox 375 5500 629 5574; x_wconf 81' lang='lat' dir='ltr'><strong>Quamvis</strong></span> <span class='ocrx_word' id='word_1_436' title='bbox 655 5508 830 5555; x_wconf 89' lang='lat' dir='ltr'><strong>autem</strong></span> <span class='ocrx_word' id='word_1_437' title='bbox 851 5514 915 5556; x_wconf 85' lang='lat' dir='ltr'><strong>ea</strong></span> <span class='ocrx_word' id='word_1_438' title='bbox 937 5513 1055 5569; x_wconf 78' lang='lat' dir='ltr'><strong>qum</strong></span> <span class='ocrx_word' id='word_1_439' title='bbox 1083 5508 1208 5554; x_wconf 90' lang='lat' dir='ltr'><strong>tunc</strong></span> <span class='ocrx_word' id='word_1_440' title='bbox 1226 5495 1467 5568; x_wconf 89' lang='lat' dir='ltr'><strong>apposita</strong></span> <span class='ocrx_word' id='word_1_441' title='bbox 1491 5503 1663 5563; x_wconf 87' lang='lat' dir='ltr'><strong>erant,</strong></span> <span class='ocrx_word' id='word_1_442' title='bbox 1690 5494 1965 5568; x_wconf 82' lang='lat' dir='ltr'><strong>iniquitate</strong></span> 
     </span>
    </p>
   </div>
   <div class='ocr_carea' id='block_1_60' title="bbox 447 5627 1657 5699">
    <p class='ocr_par' dir='ltr' id='par_1_60' title="bbox 447 5627 1657 5699">
     <span class='ocr_line' id='line_1_60' title="bbox 447 5627 1657 5699; baseline -0.008 -11"><span class='ocrx_word' id='word_1_443' title='bbox 447 5638 464 5671; x_wconf 73' lang='grc'>³</span> <span class='ocrx_word' id='word_1_444' title='bbox 501 5633 617 5696; x_wconf 79' lang='lat' dir='ltr'><strong>Alii,</strong></span> <span class='ocrx_word' id='word_1_445' title='bbox 636 5645 747 5686; x_wconf 87' lang='lat' dir='ltr'><strong>cum</strong></span> <span class='ocrx_word' id='word_1_446' title='bbox 765 5630 974 5685; x_wconf 71' lang='lat' dir='ltr'><strong>maxime</strong></span> <span class='ocrx_word' id='word_1_447' title='bbox 998 5629 1135 5699; x_wconf 76' lang='lat' dir='ltr'><strong>signa</strong></span> <span class='ocrx_word' id='word_1_448' title='bbox 1159 5628 1308 5681; x_wconf 87' lang='lat' dir='ltr'><strong>multa</strong></span> <span class='ocrx_word' id='word_1_449' title='bbox 1330 5635 1375 5680; x_wconf 88' lang='lat' dir='ltr'><strong>et</strong></span> <span class='ocrx_word' id='word_1_450' title='bbox 1399 5627 1657 5681; x_wconf 81' lang='lat' dir='ltr'><strong>mirabilia.</strong></span> 
     </span>
    </p>
   </div>
   <div class='ocr_carea' id='block_1_61' title="bbox 1088 134 1946 199">
    <p class='ocr_par' dir='ltr' id='par_1_61' title="bbox 1088 134 1946 197">
     <span class='ocr_line' id='line_1_61' title="bbox 1088 134 1946 197; baseline -0.009 0"><span class='ocrx_word' id='word_1_451' title='bbox 1088 140 1144 197; x_wconf 86' lang='lat' dir='ltr'><strong>S.</strong></span> <span class='ocrx_word' id='word_1_452' title='bbox 1184 138 1461 196; x_wconf 62' lang='lat' dir='ltr'><strong>JOA‘NNIS</strong></span> <span class='ocrx_word' id='word_1_453' title='bbox 1498 134 1946 195; x_wconf 70' lang='lat' dir='ltr'><strong>CllliYSOSTOM</strong></span> 
     </span>
    </p>
   </div>
   <div class='ocr_carea' id='block_1_62' title="bbox 2049 134 2907 199">
    <p class='ocr_par' dir='ltr' id='par_1_62' title="bbox 2049 134 2907 199">
     <span class='ocr_line' id='line_1_62' title="bbox 2049 134 2907 199; baseline 0.012 -10"><span class='ocrx_word' id='word_1_454' title='bbox 2049 134 2331 194; x_wconf 71' lang='lat' dir='ltr'><strong>.liClllEP.</strong></span> <span class='ocrx_word' id='word_1_455' title='bbox 2370 135 2907 199; x_wconf 74' lang='lat' dir='ltr'><strong>CONSTANTINOP.</strong></span> 
     </span>
    </p>
   </div>
   <div class='ocr_carea' id='block_1_63' title="bbox 3510 145 3616 201">
    <p class='ocr_par' dir='ltr' id='par_1_63' title="bbox 3510 145 3616 201">
     <span class='ocr_line' id='line_1_63' title="bbox 3510 145 3616 201; baseline 0 0"><span class='ocrx_word' id='word_1_456' title='bbox 3510 145 3616 201; x_wconf 66' lang='grc'><strong>561</strong></span> 
     </span>
    </p>
   </div>
   <div class='ocr_carea' id='block_1_64' title="bbox 2037 252 3618 320">
    <p class='ocr_par' dir='ltr' id='par_1_64' title="bbox 2037 252 3618 320">
     <span class='ocr_line' id='line_1_64' title="bbox 2037 252 3618 320; baseline 0.007 -17"><span class='ocrx_word' id='word_1_457' title='bbox 2037 260 2091 304; x_wconf 84' lang='lat' dir='ltr'><strong>et</strong></span> <span class='ocrx_word' id='word_1_458' title='bbox 2121 252 2337 306; x_wconf 88' lang='lat' dir='ltr'><strong>avaritia</strong></span> <span class='ocrx_word' id='word_1_459' title='bbox 2367 262 2518 320; x_wconf 90' lang='lat' dir='ltr'><strong>parta</strong></span> <span class='ocrx_word' id='word_1_460' title='bbox 2542 262 2728 311; x_wconf 89' lang='lat' dir='ltr'><strong>essent</strong></span> <span class='ocrx_word' id='word_1_461' title='bbox 2759 272 2773 310; x_wconf 90' lang='lat'><strong>:</strong></span> <span class='ocrx_word' id='word_1_462' title='bbox 2807 271 2919 312; x_wconf 91' lang='lat' dir='ltr'><strong>non</strong></span> <span class='ocrx_word' id='word_1_463' title='bbox 2945 257 3210 317; x_wconf 73' lang='lat' dir='ltr'><strong>recusavit</strong></span> <span class='ocrx_word' id='word_1_464' title='bbox 3232 266 3408 316; x_wconf 86' lang='lat' dir='ltr'><strong>tamen</strong></span> <span class='ocrx_word' id='word_1_465' title='bbox 3461 260 3618 317; x_wconf 70' lang='lat' dir='ltr'><strong>Chri.</strong></span> 
     </span>
    </p>
   </div>
   <div class='ocr_carea' id='block_1_65' title="bbox 2030 340 3620 416">
    <p class='ocr_par' dir='ltr' id='par_1_65' title="bbox 2030 340 3620 416">
     <span class='ocr_line' id='line_1_65' title="bbox 2030 340 3620 416; baseline 0.006 -18"><span class='ocrx_word' id='word_1_466' title='bbox 2030 353 2145 405; x_wconf 89' lang='lat' dir='ltr'><strong>stus</strong></span> <span class='ocrx_word' id='word_1_467' title='bbox 2164 344 2248 399; x_wconf 89' lang='lat' dir='ltr'><strong>bis</strong></span> <span class='ocrx_word' id='word_1_468' title='bbox 2275 340 2545 400; x_wconf 88' lang='lat' dir='ltr'><strong>convivari</strong></span> <span class='ocrx_word' id='word_1_469' title='bbox 2568 344 2721 415; x_wconf 88' lang='lat' dir='ltr'><strong>:quia</strong></span> <span class='ocrx_word' id='word_1_470' title='bbox 2749 361 2999 416; x_wconf 82' lang='lat' dir='ltr'><strong>magnum</strong></span> <span class='ocrx_word' id='word_1_471' title='bbox 3028 347 3151 403; x_wconf 90' lang='lat' dir='ltr'><strong>inde</strong></span> <span class='ocrx_word' id='word_1_472' title='bbox 3177 349 3379 405; x_wconf 90' lang='lat' dir='ltr'><strong>lucrum</strong></span> <span class='ocrx_word' id='word_1_473' title='bbox 3403 362 3620 408; x_wconf 81' lang='lat' dir='ltr'><strong>eventu-</strong></span> 
     </span>
    </p>
   </div>
   <div class='ocr_carea' id='block_1_66' title="bbox 2035 435 3620 502">
    <p class='ocr_par' dir='ltr' id='par_1_66' title="bbox 2035 435 3620 502">
     <span class='ocr_line' id='line_1_66' title="bbox 2035 435 3620 502; baseline 0.01 -16"><span class='ocrx_word' id='word_1_474' title='bbox 2035 447 2152 487; x_wconf 88' lang='lat' dir='ltr'><strong>rum</strong></span> <span class='ocrx_word' id='word_1_475' title='bbox 2191 440 2339 501; x_wconf 89' lang='lat' dir='ltr'><strong>erat;</strong></span> <span class='ocrx_word' id='word_1_476' title='bbox 2379 435 2475 491; x_wconf 89' lang='lat' dir='ltr'><strong>sed</strong></span> <span class='ocrx_word' id='word_1_477' title='bbox 2499 436 2896 495; x_wconf 88' lang='lat' dir='ltr'><strong>contubernalis</strong></span> <span class='ocrx_word' id='word_1_478' title='bbox 2922 450 2977 496; x_wconf 91' lang='lat' dir='ltr'><strong>et</strong></span> <span class='ocrx_word' id='word_1_479' title='bbox 3002 442 3277 498; x_wconf 84' lang='lat' dir='ltr'><strong>convictor</strong></span> <span class='ocrx_word' id='word_1_480' title='bbox 3315 454 3398 499; x_wconf 87' lang='lat' dir='ltr'><strong>est</strong></span> <span class='ocrx_word' id='word_1_481' title='bbox 3433 461 3620 502; x_wconf 86' lang='lat' dir='ltr'><strong>eorum</strong></span> 
     </span>
    </p>
   </div>
   <div class='ocr_carea' id='block_1_67' title="bbox 2035 523 3622 604">
    <p class='ocr_par' dir='ltr' id='par_1_67' title="bbox 2035 523 3622 604">
     <span class='ocr_line' id='line_1_67' title="bbox 2035 523 3622 604; baseline 0.009 -27"><span class='ocrx_word' id='word_1_482' title='bbox 2035 523 2125 594; x_wconf 93' lang='lat' dir='ltr'><strong>qui</strong></span> <span class='ocrx_word' id='word_1_483' title='bbox 2167 524 2471 595; x_wconf 90' lang='lat' dir='ltr'><strong>hujusmodi</strong></span> <span class='ocrx_word' id='word_1_484' title='bbox 2516 527 2779 598; x_wconf 88' lang='lat' dir='ltr'><strong>iniquitati</strong></span> <span class='ocrx_word' id='word_1_485' title='bbox 2823 545 2883 586; x_wconf 89' lang='lat' dir='ltr'><strong>se</strong></span> <span class='ocrx_word' id='word_1_486' title='bbox 2929 530 3261 589; x_wconf 89' lang='lat' dir='ltr'><strong>dediderant.</strong></span> <span class='ocrx_word' id='word_1_487' title='bbox 3309 534 3622 604; x_wconf 88' lang='lat' dir='ltr'><strong>Ilujusmodi</strong></span> 
     </span>
    </p>
   </div>
   <div class='ocr_carea' id='block_1_68' title="bbox 2035 615 3621 694">
    <p class='ocr_par' dir='ltr' id='par_1_68' title="bbox 2035 615 3621 694">
     <span class='ocr_line' id='line_1_68' title="bbox 2035 615 3621 694; baseline 0.008 -24"><span class='ocrx_word' id='word_1_488' title='bbox 2035 615 2233 687; x_wconf 89' lang='lat' dir='ltr'><strong>quippe</strong></span> <span class='ocrx_word' id='word_1_489' title='bbox 2254 617 2513 684; x_wconf 89' lang='lat' dir='ltr'><strong>medicus,</strong></span> <span class='ocrx_word' id='word_1_490' title='bbox 2542 619 2643 676; x_wconf 90' lang='lat' dir='ltr'><strong>nisi</strong></span> <span class='ocrx_word' id='word_1_491' title='bbox 2673 636 2936 694; x_wconf 52' lang='lat' dir='ltr'><strong>agrorum</strong></span> <span class='ocrx_word' id='word_1_492' title='bbox 2967 624 3299 694; x_wconf 86' lang='lat' dir='ltr'><strong>putrediuem</strong></span> <span class='ocrx_word' id='word_1_493' title='bbox 3328 628 3482 692; x_wconf 84' lang='lat' dir='ltr'><strong>lerat,</strong></span> <span class='ocrx_word' id='word_1_494' title='bbox 3516 642 3621 683; x_wconf 89' lang='lat' dir='ltr'><strong>non</strong></span> 
     </span>
    </p>
   </div>
   <div class='ocr_carea' id='block_1_69' title="bbox 2036 708 3621 785">
    <p class='ocr_par' dir='ltr' id='par_1_69' title="bbox 2036 708 3621 785">
     <span class='ocr_line' id='line_1_69' title="bbox 2036 708 3621 785; baseline 0.007 -22"><span class='ocrx_word' id='word_1_495' title='bbox 2036 721 2132 763; x_wconf 89' lang='lat' dir='ltr'><strong>eos</strong></span> <span class='ocrx_word' id='word_1_496' title='bbox 2156 723 2187 762; x_wconf 92' lang='lat' dir='ltr'><strong>a</strong></span> <span class='ocrx_word' id='word_1_497' title='bbox 2218 708 2406 764; x_wconf 90' lang='lat' dir='ltr'><strong>morbo</strong></span> <span class='ocrx_word' id='word_1_498' title='bbox 2430 708 2569 765; x_wconf 90' lang='lat' dir='ltr'><strong>eruit</strong></span> <span class='ocrx_word' id='word_1_499' title='bbox 2602 728 2615 765; x_wconf 93' lang='lat'><strong>:</strong></span> <span class='ocrx_word' id='word_1_500' title='bbox 2648 725 2967 785; x_wconf 87' lang='lat' dir='ltr'><strong>quamquam</strong></span> <span class='ocrx_word' id='word_1_501' title='bbox 2997 713 3120 772; x_wconf 89' lang='lat' dir='ltr'><strong>inde</strong></span> <span class='ocrx_word' id='word_1_502' title='bbox 3158 716 3352 772; x_wconf 89' lang='lat' dir='ltr'><strong>malam</strong></span> <span class='ocrx_word' id='word_1_503' title='bbox 3395 718 3495 773; x_wconf 91' lang='lat' dir='ltr'><strong>sibi</strong></span> <span class='ocrx_word' id='word_1_504' title='bbox 3542 718 3621 774; x_wconf 83' lang='lat' dir='ltr'><strong>fa-</strong></span> 
     </span>
    </p>
   </div>
   <div class='ocr_carea' id='block_1_70' title="bbox 2037 800 3622 883">
    <p class='ocr_par' dir='ltr' id='par_1_70' title="bbox 2037 800 3622 883">
     <span class='ocr_line' id='line_1_70' title="bbox 2037 800 3622 883; baseline 0.009 -28"><span class='ocrx_word' id='word_1_505' title='bbox 2037 814 2182 855; x_wconf 88' lang='lat' dir='ltr'><strong>mam</strong></span> <span class='ocrx_word' id='word_1_506' title='bbox 2203 800 2515 870; x_wconf 90' lang='lat' dir='ltr'><strong>attraheret,</strong></span> <span class='ocrx_word' id='word_1_507' title='bbox 2546 812 2600 858; x_wconf 90' lang='lat' dir='ltr'><strong>et</strong></span> <span class='ocrx_word' id='word_1_508' title='bbox 2626 803 2769 875; x_wconf 90' lang='lat' dir='ltr'><strong>quod</strong></span> <span class='ocrx_word' id='word_1_509' title='bbox 2796 820 2917 862; x_wconf 90' lang='lat' dir='ltr'><strong>cum</strong></span> <span class='ocrx_word' id='word_1_510' title='bbox 2946 806 3037 863; x_wconf 93' lang='lat' dir='ltr'><strong>illo</strong></span> <span class='ocrx_word' id='word_1_511' title='bbox 3060 809 3267 875; x_wconf 90' lang='lat' dir='ltr'><strong>ederet,</strong></span> <span class='ocrx_word' id='word_1_512' title='bbox 3306 820 3359 866; x_wconf 89' lang='lat' dir='ltr'><strong>et</strong></span> <span class='ocrx_word' id='word_1_513' title='bbox 3397 811 3538 883; x_wconf 88' lang='lat' dir='ltr'><strong>quod</strong></span> <span class='ocrx_word' id='word_1_514' title='bbox 3573 815 3622 869; x_wconf 89' lang='lat' dir='ltr'><strong>in</strong></span> 
     </span>
    </p>
   </div>
   <div class='ocr_carea' id='block_1_71' title="bbox 2035 891 3624 972">
    <p class='ocr_par' dir='ltr' id='par_1_71' title="bbox 2035 891 3624 972">
     <span class='ocr_line' id='line_1_71' title="bbox 2035 891 3624 972; baseline 0.009 -26"><span class='ocrx_word' id='word_1_515' title='bbox 2035 891 2198 947; x_wconf 91' lang='lat' dir='ltr'><strong>domo</strong></span> <span class='ocrx_word' id='word_1_516' title='bbox 2225 892 2341 963; x_wconf 90' lang='lat' dir='ltr'><strong>ejus</strong></span> <span class='ocrx_word' id='word_1_517' title='bbox 2370 908 2491 949; x_wconf 93' lang='lat' dir='ltr'><strong>cum</strong></span> <span class='ocrx_word' id='word_1_518' title='bbox 2541 895 2833 965; x_wconf 89' lang='lat' dir='ltr'><strong>publicanis</strong></span> <span class='ocrx_word' id='word_1_519' title='bbox 2878 898 3081 955; x_wconf 89' lang='lat' dir='ltr'><strong>multis.</strong></span> <span class='ocrx_word' id='word_1_520' title='bbox 3123 899 3254 957; x_wconf 74' lang='lat' dir='ltr'><strong>Vide</strong></span> <span class='ocrx_word' id='word_1_521' title='bbox 3282 911 3458 957; x_wconf 90' lang='lat' dir='ltr'><strong>autem</strong></span> <span class='ocrx_word' id='word_1_522' title='bbox 3489 918 3624 972; x_wconf 83' lang='lat' dir='ltr'><strong>quo-</strong></span> 
     </span>
    </p>
   </div>
   <div class='ocr_carea' id='block_1_72' title="bbox 2038 984 3627 1057">
    <p class='ocr_par' dir='ltr' id='par_1_72' title="bbox 2038 984 3627 1057">
     <span class='ocr_line' id='line_1_72' title="bbox 2038 984 3627 1057; baseline 0.009 -17"><span class='ocrx_word' id='word_1_523' title='bbox 2038 984 2200 1041; x_wconf 88' lang='lat' dir='ltr'><strong>modo</strong></span> <span class='ocrx_word' id='word_1_524' title='bbox 2243 984 2295 1041; x_wconf 90' lang='lat' dir='ltr'><strong>id</strong></span> <span class='ocrx_word' id='word_1_525' title='bbox 2339 986 2415 1049; x_wconf 90' lang='lat' dir='ltr'><strong>illi</strong></span> <span class='ocrx_word' id='word_1_526' title='bbox 2455 988 2649 1057; x_wconf 89' lang='lat' dir='ltr'><strong>probro</strong></span> <span class='ocrx_word' id='word_1_527' title='bbox 2673 1000 2884 1046; x_wconf 86' lang='lat' dir='ltr'><strong>vertant</strong></span> <span class='ocrx_word' id='word_1_528' title='bbox 2908 1009 2921 1047; x_wconf 88' lang='lat'><strong>:</strong></span> <span class='ocrx_word' id='word_1_529' title='bbox 2950 991 3084 1048; x_wconf 82' lang='lat' dir='ltr'><strong>Ecce</strong></span> <span class='ocrx_word' id='word_1_530' title='bbox 3112 994 3260 1049; x_wconf 79' lang='lat' dir='ltr'><strong>homo</strong></span> <span class='ocrx_word' id='word_1_531' title='bbox 3289 995 3426 1051; x_wconf 73' lang='lat' dir='ltr'><strong>edax</strong></span> <span class='ocrx_word' id='word_1_532' title='bbox 3449 1006 3495 1051; x_wconf 76' lang='lat' dir='ltr'><strong>et</strong></span> <span class='ocrx_word' id='word_1_533' title='bbox 3524 998 3627 1055; x_wconf 77' lang='lat' dir='ltr'><strong>vini</strong></span> 
     </span>
    </p>
   </div>
   <div class='ocr_carea' id='block_1_73' title="bbox 2039 1078 3623 1155">
    <p class='ocr_par' dir='ltr' id='par_1_73' title="bbox 2039 1078 3623 1155">
     <span class='ocr_line' id='line_1_73' title="bbox 2039 1078 3623 1155; baseline 0.01 -25"><span class='ocrx_word' id='word_1_534' title='bbox 2039 1086 2259 1145; x_wconf 85' lang='lat' dir='ltr'><strong>potator,</strong></span> <span class='ocrx_word' id='word_1_535' title='bbox 2280 1078 2665 1149; x_wconf 84' lang='lat' dir='ltr'><strong>publicanorum</strong></span> <span class='ocrx_word' id='word_1_536' title='bbox 2678 1083 2869 1144; x_wconf 84' lang='lat' dir='ltr'><strong>amicus</strong></span> <span class='ocrx_word' id='word_1_537' title='bbox 2893 1093 2940 1138; x_wconf 86' lang='lat' dir='ltr'><strong>et</strong></span> <span class='ocrx_word' id='word_1_538' title='bbox 2956 1095 3275 1155; x_wconf 64' lang='lat' dir='ltr'><strong>peccatorum</strong></span> <span class='ocrx_word' id='word_1_539' title='bbox 3299 1086 3514 1155; x_wconf 77' lang='lat' dir='ltr'><strong>(Matth.</strong></span> <span class='ocrx_word' id='word_1_540' title='bbox 3536 1091 3623 1145; x_wconf 85' lang='grc'><strong>11.</strong></span> 
     </span>
    </p>
   </div>
   <div class='ocr_carea' id='block_1_74' title="bbox 2038 1167 3645 1252">
    <p class='ocr_par' dir='ltr' id='par_1_74' title="bbox 2038 1167 3645 1252">
     <span class='ocr_line' id='line_1_74' title="bbox 2038 1167 3645 1252; baseline 0.009 -27"><span class='ocrx_word' id='word_1_541' title='bbox 2038 1167 2155 1241; x_wconf 75' lang='grc'><strong>19).</strong></span> <span class='ocrx_word' id='word_1_542' title='bbox 2187 1171 2417 1226; x_wconf 86' lang='lat' dir='ltr'><strong>Audiant</strong></span> <span class='ocrx_word' id='word_1_543' title='bbox 2447 1171 2521 1226; x_wconf 88' lang='lat' dir='ltr'><strong>illi</strong></span> <span class='ocrx_word' id='word_1_544' title='bbox 2549 1173 2639 1244; x_wconf 90' lang='lat' dir='ltr'><strong>qui</strong></span> <span class='ocrx_word' id='word_1_545' title='bbox 2667 1189 2911 1247; x_wconf 88' lang='lat' dir='ltr'><strong>magnam</strong></span> <span class='ocrx_word' id='word_1_546' title='bbox 2951 1176 3054 1235; x_wconf 90' lang='lat' dir='ltr'><strong>sibi</strong></span> <span class='ocrx_word' id='word_1_547' title='bbox 3082 1175 3275 1239; x_wconf 76' lang='lat' dir='ltr'><strong>famam</strong></span> <span class='ocrx_word' id='word_1_548' title='bbox 3315 1195 3382 1237; x_wconf 81' lang='lat' dir='ltr'><strong>cx</strong></span> <span class='ocrx_word' id='word_1_549' title='bbox 3418 1180 3645 1252; x_wconf 45' lang='lat' dir='ltr'><strong>jejunio,</strong></span> 
     </span>
    </p>
   </div>
   <div class='ocr_carea' id='block_1_75' title="bbox 2038 1266 3630 1341">
    <p class='ocr_par' dir='ltr' id='par_1_75' title="bbox 2038 1266 3630 1341">
     <span class='ocr_line' id='line_1_75' title="bbox 2038 1266 3630 1341; baseline 0.008 -25"><span class='ocrx_word' id='word_1_550' title='bbox 2038 1276 2229 1337; x_wconf 88' lang='lat' dir='ltr'><strong>parere</strong></span> <span class='ocrx_word' id='word_1_551' title='bbox 2250 1272 2496 1333; x_wconf 83' lang='lat' dir='ltr'><strong>satagunt</strong></span> <span class='ocrx_word' id='word_1_552' title='bbox 2528 1282 2542 1319; x_wconf 92' lang='lat'><strong>:</strong></span> <span class='ocrx_word' id='word_1_553' title='bbox 2575 1266 2918 1341; x_wconf 86' lang='lat' dir='ltr'><strong>cogitentque</strong></span> <span class='ocrx_word' id='word_1_554' title='bbox 2948 1268 3230 1329; x_wconf 86' lang='lat' dir='ltr'><strong>Dominum</strong></span> <span class='ocrx_word' id='word_1_555' title='bbox 3259 1282 3506 1331; x_wconf 84' lang='lat' dir='ltr'><strong>nostrum</strong></span> <span class='ocrx_word' id='word_1_556' title='bbox 3535 1289 3630 1329; x_wconf 64' lang='grc' dir='ltr'><strong>τος</strong></span> 
     </span>
    </p>
   </div>
   <div class='ocr_carea' id='block_1_76' title="bbox 2037 1356 3629 1439">
    <p class='ocr_par' dir='ltr' id='par_1_76' title="bbox 2037 1356 3629 1439">
     <span class='ocr_line' id='line_1_76' title="bbox 2037 1356 3629 1439; baseline 0.011 -30"><span class='ocrx_word' id='word_1_557' title='bbox 2037 1370 2215 1417; x_wconf 85' lang='lat' dir='ltr'><strong>racem</strong></span> <span class='ocrx_word' id='word_1_558' title='bbox 2256 1366 2310 1412; x_wconf 92' lang='lat' dir='ltr'><strong>et</strong></span> <span class='ocrx_word' id='word_1_559' title='bbox 2339 1356 2445 1416; x_wconf 90' lang='lat' dir='ltr'><strong>vini</strong></span> <span class='ocrx_word' id='word_1_560' title='bbox 2472 1367 2771 1429; x_wconf 77' lang='lat' dir='ltr'><strong>potatorem</strong></span> <span class='ocrx_word' id='word_1_561' title='bbox 2808 1371 3049 1421; x_wconf 84' lang='lat' dir='ltr'><strong>vocatum</strong></span> <span class='ocrx_word' id='word_1_562' title='bbox 3077 1364 3238 1423; x_wconf 86' lang='lat' dir='ltr'><strong>fuisse</strong></span> <span class='ocrx_word' id='word_1_563' title='bbox 3261 1407 3278 1436; x_wconf 89' lang='lat'><strong>,</strong></span> <span class='ocrx_word' id='word_1_564' title='bbox 3307 1382 3483 1439; x_wconf 76' lang='lat' dir='ltr'><strong>neque</strong></span> <span class='ocrx_word' id='word_1_565' title='bbox 3506 1384 3629 1426; x_wconf 78' lang='lat' dir='ltr'><strong>eru-</strong></span> 
     </span>
    </p>
   </div>
   <div class='ocr_carea' id='block_1_77' title="bbox 2038 1443 3629 1532">
    <p class='ocr_par' dir='ltr' id='par_1_77' title="bbox 2038 1443 3629 1532">
     <span class='ocr_line' id='line_1_77' title="bbox 2038 1443 3629 1532; baseline 0.01 -29"><span class='ocrx_word' id='word_1_566' title='bbox 2038 1443 2247 1515; x_wconf 88' lang='lat' dir='ltr'><strong>buisse;</strong></span> <span class='ocrx_word' id='word_1_567' title='bbox 2295 1449 2391 1506; x_wconf 88' lang='lat' dir='ltr'><strong>sed</strong></span> <span class='ocrx_word' id='word_1_568' title='bbox 2423 1450 2536 1507; x_wconf 72' lang='lat' dir='ltr'><strong>haec</strong></span> <span class='ocrx_word' id='word_1_569' title='bbox 2572 1453 2751 1511; x_wconf 90' lang='lat' dir='ltr'><strong>omnia</strong></span> <span class='ocrx_word' id='word_1_570' title='bbox 2781 1453 3116 1526; x_wconf 80' lang='lat' dir='ltr'><strong>despexisse,</strong></span> <span class='ocrx_word' id='word_1_571' title='bbox 3147 1465 3206 1513; x_wconf 92' lang='lat' dir='ltr'><strong>ut</strong></span> <span class='ocrx_word' id='word_1_572' title='bbox 3228 1473 3344 1519; x_wconf 87' lang='lat' dir='ltr'><strong>rem</strong></span> <span class='ocrx_word' id='word_1_573' title='bbox 3364 1460 3467 1517; x_wconf 84' lang='lat' dir='ltr'><strong>sibi</strong></span> <span class='ocrx_word' id='word_1_574' title='bbox 3499 1476 3629 1532; x_wconf 88' lang='lat' dir='ltr'><strong>pro-</strong></span> 
     </span>
    </p>
   </div>
   <div class='ocr_carea' id='block_1_78' title="bbox 2038 1543 3633 1619">
    <p class='ocr_par' dir='ltr' id='par_1_78' title="bbox 2038 1543 3633 1619">
     <span class='ocr_line' id='line_1_78' title="bbox 2038 1543 3633 1619; baseline 0.009 -22"><span class='ocrx_word' id='word_1_575' title='bbox 2038 1543 2266 1612; x_wconf 88' lang='lat' dir='ltr'><strong>positam</strong></span> <span class='ocrx_word' id='word_1_576' title='bbox 2308 1543 2591 1615; x_wconf 85' lang='lat' dir='ltr'><strong>perliceret</strong></span> <span class='ocrx_word' id='word_1_577' title='bbox 2625 1561 2642 1612; x_wconf 86' lang='lat'><strong>;</strong></span> <span class='ocrx_word' id='word_1_578' title='bbox 2690 1547 2741 1607; x_wconf 93' lang='lat' dir='ltr'><strong>id</strong></span> <span class='ocrx_word' id='word_1_579' title='bbox 2769 1548 2912 1619; x_wconf 88' lang='lat' dir='ltr'><strong>quod</strong></span> <span class='ocrx_word' id='word_1_580' title='bbox 2957 1550 3119 1607; x_wconf 88' lang='lat' dir='ltr'><strong>etiam</strong></span> <span class='ocrx_word' id='word_1_581' title='bbox 3166 1553 3365 1609; x_wconf 87' lang='lat' dir='ltr'><strong>evenit.</strong></span> <span class='ocrx_word' id='word_1_582' title='bbox 3404 1553 3541 1611; x_wconf 83' lang='lat' dir='ltr'><strong>Nam</strong></span> <span class='ocrx_word' id='word_1_583' title='bbox 3576 1564 3633 1611; x_wconf 85' lang='lat' dir='ltr'><strong>et</strong></span> 
     </span>
    </p>
   </div>
   <div class='ocr_carea' id='block_1_79' title="bbox 2039 1630 3630 1705">
    <p class='ocr_par' dir='ltr' id='par_1_79' title="bbox 2039 1630 3630 1705">
     <span class='ocr_line' id='line_1_79' title="bbox 2039 1630 3630 1705; baseline 0.011 -20"><span class='ocrx_word' id='word_1_584' title='bbox 2039 1630 2352 1702; x_wconf 90' lang='lat' dir='ltr'><strong>publicanus</strong></span> <span class='ocrx_word' id='word_1_585' title='bbox 2374 1648 2663 1692; x_wconf 89' lang='lat' dir='ltr'><strong>conversus</strong></span> <span class='ocrx_word' id='word_1_586' title='bbox 2689 1646 2772 1698; x_wconf 83' lang='lat' dir='ltr'><strong>est</strong></span> <span class='ocrx_word' id='word_1_587' title='bbox 2796 1647 2849 1699; x_wconf 85' lang='lat' dir='ltr'><strong>et</strong></span> <span class='ocrx_word' id='word_1_588' title='bbox 2877 1639 3068 1697; x_wconf 90' lang='lat' dir='ltr'><strong>melior</strong></span> <span class='ocrx_word' id='word_1_589' title='bbox 3086 1641 3326 1700; x_wconf 83' lang='lat' dir='ltr'><strong>ell‘ectus.</strong></span> <span class='ocrx_word' id='word_1_590' title='bbox 3356 1643 3427 1705; x_wconf 85' lang='lat' dir='ltr'><strong>Ut</strong></span> <span class='ocrx_word' id='word_1_591' title='bbox 3447 1656 3630 1705; x_wconf 83' lang='lat' dir='ltr'><strong>autem</strong></span> 
     </span>
    </p>
   </div>
   <div class='ocr_carea' id='block_1_80' title="bbox 2039 1723 3631 1807">
    <p class='ocr_par' dir='ltr' id='par_1_80' title="bbox 2039 1723 3631 1807">
     <span class='ocr_line' id='line_1_80' title="bbox 2039 1723 3631 1807; baseline 0.011 -28"><span class='ocrx_word' id='word_1_592' title='bbox 2039 1723 2235 1791; x_wconf 85' lang='lat' dir='ltr'><strong>discas,</strong></span> <span class='ocrx_word' id='word_1_593' title='bbox 2257 1735 2510 1797; x_wconf 90' lang='lat' dir='ltr'><strong>quantum</strong></span> <span class='ocrx_word' id='word_1_594' title='bbox 2537 1727 2660 1787; x_wconf 90' lang='lat' dir='ltr'><strong>boni</strong></span> <span class='ocrx_word' id='word_1_595' title='bbox 2690 1730 2972 1789; x_wconf 86' lang='lat' dir='ltr'><strong>accederet</strong></span> <span class='ocrx_word' id='word_1_596' title='bbox 3010 1732 3077 1788; x_wconf 91' lang='lat' dir='ltr'><strong>iis</strong></span> <span class='ocrx_word' id='word_1_597' title='bbox 3113 1733 3203 1805; x_wconf 90' lang='lat' dir='ltr'><strong>qui</strong></span> <span class='ocrx_word' id='word_1_598' title='bbox 3242 1734 3487 1807; x_wconf 85' lang='lat' dir='ltr'><strong>ejusdem</strong></span> <span class='ocrx_word' id='word_1_599' title='bbox 3509 1752 3631 1796; x_wconf 82' lang='lat' dir='ltr'><strong>cum</strong></span> 
     </span>
    </p>
   </div>
   <div class='ocr_carea' id='block_1_81' title="bbox 2040 1820 3634 1896">
    <p class='ocr_par' dir='ltr' id='par_1_81' title="bbox 2040 1820 3634 1896">
     <span class='ocr_line' id='line_1_81' title="bbox 2040 1820 3634 1896; baseline 0.011 -24"><span class='ocrx_word' id='word_1_600' title='bbox 2040 1831 2107 1872; x_wconf 89' lang='lat' dir='ltr'><strong>eo</strong></span> <span class='ocrx_word' id='word_1_601' title='bbox 2133 1832 2333 1875; x_wconf 68' lang='lat' dir='ltr'><strong>mensae</strong></span> <span class='ocrx_word' id='word_1_602' title='bbox 2355 1820 2639 1892; x_wconf 85' lang='lat' dir='ltr'><strong>participes</strong></span> <span class='ocrx_word' id='word_1_603' title='bbox 2653 1831 2856 1892; x_wconf 86' lang='lat' dir='ltr'><strong>essent,</strong></span> <span class='ocrx_word' id='word_1_604' title='bbox 2878 1823 2999 1881; x_wconf 90' lang='lat' dir='ltr'><strong>audi</strong></span> <span class='ocrx_word' id='word_1_605' title='bbox 3027 1825 3153 1896; x_wconf 86' lang='lat' dir='ltr'><strong>quid</strong></span> <span class='ocrx_word' id='word_1_606' title='bbox 3176 1826 3317 1885; x_wconf 63' lang='lat' dir='ltr'><strong>dicit</strong></span> <span class='ocrx_word' id='word_1_607' title='bbox 3338 1827 3634 1889; x_wconf 59' lang='lat' dir='ltr'><strong>lambens</strong></span> 
     </span>
    </p>
   </div>
   <div class='ocr_carea' id='block_1_82' title="bbox 2041 1907 3634 1985">
    <p class='ocr_par' dir='ltr' id='par_1_82' title="bbox 2041 1907 3634 1985">
     <span class='ocr_line' id='line_1_82' title="bbox 2041 1907 3634 1985; baseline 0.011 -22"><span class='ocrx_word' id='word_1_608' title='bbox 2041 1907 2176 1964; x_wconf 89' lang='lat' dir='ltr'><strong>alius</strong></span> <span class='ocrx_word' id='word_1_609' title='bbox 2206 1909 2536 1981; x_wconf 86' lang='lat' dir='ltr'><strong>publicanos.</strong></span> <span class='ocrx_word' id='word_1_610' title='bbox 2584 1912 2718 1985; x_wconf 83' lang='lat' dir='ltr'><strong>Quia</strong></span> <span class='ocrx_word' id='word_1_611' title='bbox 2745 1914 2887 1971; x_wconf 88' lang='lat' dir='ltr'><strong>enim</strong></span> <span class='ocrx_word' id='word_1_612' title='bbox 2918 1916 3119 1976; x_wconf 86' lang='lat' dir='ltr'><strong>audivit</strong></span> <span class='ocrx_word' id='word_1_613' title='bbox 3143 1918 3418 1977; x_wconf 83' lang='lat' dir='ltr'><strong>Christum</strong></span> <span class='ocrx_word' id='word_1_614' title='bbox 3448 1920 3634 1981; x_wconf 70' lang='lat' dir='ltr'><strong>dicea-</strong></span> 
     </span>
    </p>
   </div>
   <div class='ocr_carea' id='block_1_83' title="bbox 2045 2003 3630 2087">
    <p class='ocr_par' dir='ltr' id='par_1_83' title="bbox 2045 2003 3630 2087">
     <span class='ocr_line' id='line_1_83' title="bbox 2045 2003 3630 2087; baseline 0.012 -30"><span class='ocrx_word' id='word_1_615' title='bbox 2045 2011 2153 2058; x_wconf 90' lang='lat' dir='ltr'><strong>tcm</strong></span> <span class='ocrx_word' id='word_1_616' title='bbox 2172 2043 2189 2070; x_wconf 91' lang='lat'><strong>,</strong></span> <span class='ocrx_word' id='word_1_617' title='bbox 2220 2003 2390 2062; x_wconf 74' lang='lat' dir='ltr'><strong>Hodie</strong></span> <span class='ocrx_word' id='word_1_618' title='bbox 2416 2006 2471 2061; x_wconf 78' lang='lat' dir='ltr'><strong>in</strong></span> <span class='ocrx_word' id='word_1_619' title='bbox 2499 2006 2650 2063; x_wconf 84' lang='lat' dir='ltr'><strong>domo</strong></span> <span class='ocrx_word' id='word_1_620' title='bbox 2688 2018 2775 2065; x_wconf 87' lang='lat' dir='ltr'><strong>tua</strong></span> <span class='ocrx_word' id='word_1_621' title='bbox 2802 2020 2997 2087; x_wconf 80' lang='lat' dir='ltr'><strong>oportet</strong></span> <span class='ocrx_word' id='word_1_622' title='bbox 3022 2028 3102 2067; x_wconf 85' lang='lat' dir='ltr'><strong>me</strong></span> <span class='ocrx_word' id='word_1_623' title='bbox 3126 2030 3327 2071; x_wconf 78' lang='lat' dir='ltr'><strong>tmere</strong></span> <span class='ocrx_word' id='word_1_624' title='bbox 3349 2015 3368 2087; x_wconf 94' lang='lat'><strong>(</strong></span> <span class='ocrx_word' id='word_1_625' title='bbox 3389 2014 3523 2071; x_wconf 85' lang='lat' dir='ltr'><strong>Luc.</strong></span> <span class='ocrx_word' id='word_1_626' title='bbox 3543 2017 3630 2075; x_wconf 80' lang='lat' dir='ltr'><strong>l9.</strong></span> 
     </span>
    </p>
   </div>
   <div class='ocr_carea' id='block_1_84' title="bbox 2041 2092 3635 2170">
    <p class='ocr_par' dir='ltr' id='par_1_84' title="bbox 2041 2092 3635 2170">
     <span class='ocr_line' id='line_1_84' title="bbox 2041 2092 3635 2170; baseline 0.009 -21"><span class='ocrx_word' id='word_1_627' title='bbox 2041 2092 2123 2164; x_wconf 86' lang='lat'><strong>5),</strong></span> <span class='ocrx_word' id='word_1_628' title='bbox 2154 2095 2348 2166; x_wconf 88' lang='lat' dir='ltr'><strong>gaudio</strong></span> <span class='ocrx_word' id='word_1_629' title='bbox 2388 2098 2635 2170; x_wconf 84' lang='lat' dir='ltr'><strong>perfusus</strong></span> <span class='ocrx_word' id='word_1_630' title='bbox 2654 2142 2668 2167; x_wconf 92' lang='lat'><strong>,</strong></span> <span class='ocrx_word' id='word_1_631' title='bbox 2698 2100 2827 2157; x_wconf 79' lang='lat' dir='ltr'><strong>dixit</strong></span> <span class='ocrx_word' id='word_1_632' title='bbox 2856 2119 2871 2155; x_wconf 90' lang='lat'><strong>:</strong></span> <span class='ocrx_word' id='word_1_633' title='bbox 2902 2101 3182 2158; x_wconf 82' lang='lat' dir='ltr'><strong>Dimidium</strong></span> <span class='ocrx_word' id='word_1_634' title='bbox 3209 2106 3456 2162; x_wconf 82' lang='lat' dir='ltr'><strong>bonorum</strong></span> <span class='ocrx_word' id='word_1_635' title='bbox 3497 2124 3635 2164; x_wconf 59' lang='lat' dir='ltr'><strong>meo.</strong></span> 
     </span>
    </p>
   </div>
   <div class='ocr_carea' id='block_1_85' title="bbox 2042 2188 3634 2268">
    <p class='ocr_par' dir='ltr' id='par_1_85' title="bbox 2042 2188 3634 2268">
     <span class='ocr_line' id='line_1_85' title="bbox 2042 2188 3634 2268; baseline 0.008 -26"><span class='ocrx_word' id='word_1_636' title='bbox 2042 2204 2155 2242; x_wconf 82' lang='lat' dir='ltr'><strong>rum</strong></span> <span class='ocrx_word' id='word_1_637' title='bbox 2180 2188 2245 2243; x_wconf 90' lang='lat' dir='ltr'><strong>do</strong></span> <span class='ocrx_word' id='word_1_638' title='bbox 2272 2190 2601 2261; x_wconf 75' lang='lat' dir='ltr'><strong>pauperibus,</strong></span> <span class='ocrx_word' id='word_1_639' title='bbox 2628 2203 2674 2247; x_wconf 89' lang='lat' dir='ltr'><strong>et</strong></span> <span class='ocrx_word' id='word_1_640' title='bbox 2696 2195 2740 2249; x_wconf 93' lang='lat' dir='ltr'><strong>si</strong></span> <span class='ocrx_word' id='word_1_641' title='bbox 2754 2193 2875 2260; x_wconf 84' lang='lat' dir='ltr'><strong>quid</strong></span> <span class='ocrx_word' id='word_1_642' title='bbox 2898 2194 3115 2267; x_wconf 78' lang='lat' dir='ltr'><strong>aliquem</strong></span> <span class='ocrx_word' id='word_1_643' title='bbox 3132 2195 3452 2268; x_wconf 77' lang='lat' dir='ltr'><strong>dcfraudaoi,</strong></span> <span class='ocrx_word' id='word_1_644' title='bbox 3476 2198 3634 2255; x_wconf 78' lang='lat' dir='ltr'><strong>reddo</strong></span> 
     </span>
    </p>
   </div>
   <div class='ocr_carea' id='block_1_86' title="bbox 2043 2282 3636 2358">
    <p class='ocr_par' dir='ltr' id='par_1_86' title="bbox 2043 2282 3636 2358">
     <span class='ocr_line' id='line_1_86' title="bbox 2043 2282 3636 2358; baseline 0.011 -24"><span class='ocrx_word' id='word_1_645' title='bbox 2043 2282 2384 2354; x_wconf 76' lang='lat' dir='ltr'><strong>quadruplum</strong></span> <span class='ocrx_word' id='word_1_646' title='bbox 2415 2283 2574 2354; x_wconf 85' lang='lat' dir='ltr'><strong>(Ibid.</strong></span> <span class='ocrx_word' id='word_1_647' title='bbox 2608 2299 2656 2345; x_wconf 74' lang='grc' dir='ltr'><strong>ν.</strong></span> <span class='ocrx_word' id='word_1_648' title='bbox 2688 2284 2765 2356; x_wconf 88' lang='grc'><strong>8).</strong></span> <span class='ocrx_word' id='word_1_649' title='bbox 2788 2285 2886 2342; x_wconf 89' lang='lat' dir='ltr'><strong>Cui</strong></span> <span class='ocrx_word' id='word_1_650' title='bbox 2916 2288 3190 2358; x_wconf 85' lang='lat' dir='ltr'><strong>respondit</strong></span> <span class='ocrx_word' id='word_1_651' title='bbox 3226 2287 3424 2350; x_wconf 68' lang='lat' dir='ltr'><strong>Iesus:</strong></span> <span class='ocrx_word' id='word_1_652' title='bbox 3466 2290 3636 2351; x_wconf 75' lang='lat' dir='ltr'><strong>Hodie</strong></span> 
     </span>
    </p>
   </div>
   <div class='ocr_carea' id='block_1_87' title="bbox 2043 2372 3635 2454">
    <p class='ocr_par' dir='ltr' id='par_1_87' title="bbox 2043 2372 3635 2454">
     <span class='ocr_line' id='line_1_87' title="bbox 2043 2372 3635 2454; baseline 0.008 -25"><span class='ocrx_word' id='word_1_653' title='bbox 2043 2372 2183 2429; x_wconf 87' lang='lat' dir='ltr'><strong>salus</strong></span> <span class='ocrx_word' id='word_1_654' title='bbox 2210 2374 2382 2429; x_wconf 80' lang='lat' dir='ltr'><strong>domui</strong></span> <span class='ocrx_word' id='word_1_655' title='bbox 2409 2375 2525 2430; x_wconf 73' lang='lat' dir='ltr'><strong>huic</strong></span> <span class='ocrx_word' id='word_1_656' title='bbox 2550 2378 2688 2451; x_wconf 79' lang='lat' dir='ltr'><strong>facta</strong></span> <span class='ocrx_word' id='word_1_657' title='bbox 2712 2386 2785 2432; x_wconf 84' lang='lat' dir='ltr'><strong>est</strong></span> <span class='ocrx_word' id='word_1_658' title='bbox 2811 2376 2973 2453; x_wconf 82' lang='lat' dir='ltr'><strong>(Ibid.</strong></span> <span class='ocrx_word' id='word_1_659' title='bbox 2996 2394 3046 2434; x_wconf 73' lang='grc' dir='ltr'><strong>υ.</strong></span> <span class='ocrx_word' id='word_1_660' title='bbox 3076 2380 3152 2454; x_wconf 89' lang='grc'><strong>9).</strong></span> <span class='ocrx_word' id='word_1_661' title='bbox 3180 2380 3270 2440; x_wconf 87' lang='lat' dir='ltr'><strong>Sic</strong></span> <span class='ocrx_word' id='word_1_662' title='bbox 3288 2396 3357 2441; x_wconf 78' lang='lat' dir='ltr'><strong>ex</strong></span> <span class='ocrx_word' id='word_1_663' title='bbox 3382 2383 3635 2443; x_wconf 79' lang='lat' dir='ltr'><strong>omnibus</strong></span> 
     </span>
    </p>
   </div>
   <div class='ocr_carea' id='block_1_88' title="bbox 2046 2466 3637 2548">
    <p class='ocr_par' dir='ltr' id='par_1_88' title="bbox 2046 2466 3637 2548">
     <span class='ocr_line' id='line_1_88' title="bbox 2046 2466 3637 2548; baseline 0.01 -27"><span class='ocrx_word' id='word_1_664' title='bbox 2046 2466 2182 2522; x_wconf 87' lang='lat' dir='ltr'><strong>alios</strong></span> <span class='ocrx_word' id='word_1_665' title='bbox 2211 2467 2489 2527; x_wconf 86' lang='lat' dir='ltr'><strong>instituere</strong></span> <span class='ocrx_word' id='word_1_666' title='bbox 2517 2470 2661 2527; x_wconf 91' lang='lat' dir='ltr'><strong>licet.</strong></span> <span class='ocrx_word' id='word_1_667' title='bbox 2695 2471 2762 2531; x_wconf 82' lang='lat' dir='ltr'><strong>Et</strong></span> <span class='ocrx_word' id='word_1_668' title='bbox 2804 2474 3113 2545; x_wconf 85' lang='lat' dir='ltr'><strong>quomodo,</strong></span> <span class='ocrx_word' id='word_1_669' title='bbox 3146 2475 3394 2548; x_wconf 87' lang='lat' dir='ltr'><strong>inquies,</strong></span> <span class='ocrx_word' id='word_1_670' title='bbox 3434 2477 3637 2537; x_wconf 79' lang='lat' dir='ltr'><strong>Paulus</strong></span> 
     </span>
    </p>
   </div>
   <div class='ocr_carea' id='block_1_89' title="bbox 2047 2560 3633 2640">
    <p class='ocr_par' dir='ltr' id='par_1_89' title="bbox 2047 2560 3633 2640">
     <span class='ocr_line' id='line_1_89' title="bbox 2047 2560 3633 2640; baseline 0.008 -27"><span class='ocrx_word' id='word_1_671' title='bbox 2047 2561 2289 2630; x_wconf 66' lang='lat' dir='ltr'><strong>praecipit</strong></span> <span class='ocrx_word' id='word_1_672' title='bbox 2313 2578 2326 2614; x_wconf 88' lang='lat'>:</span> <span class='ocrx_word' id='word_1_673' title='bbox 2352 2560 2413 2616; x_wconf 86' lang='lat' dir='ltr'><strong>Si</strong></span> <span class='ocrx_word' id='word_1_674' title='bbox 2436 2561 2569 2631; x_wconf 89' lang='lat' dir='ltr'><strong>quis,</strong></span> <span class='ocrx_word' id='word_1_675' title='bbox 2591 2578 2708 2617; x_wconf 82' lang='lat' dir='ltr'><strong>cum</strong></span> <span class='ocrx_word' id='word_1_676' title='bbox 2722 2563 2881 2633; x_wconf 77' lang='lat' dir='ltr'><strong>frater</strong></span> <span class='ocrx_word' id='word_1_677' title='bbox 2898 2566 3205 2635; x_wconf 79' lang='lat' dir='ltr'><strong>nominetur,</strong></span> <span class='ocrx_word' id='word_1_678' title='bbox 3221 2568 3286 2624; x_wconf 85' lang='lat' dir='ltr'><strong>sit</strong></span> <span class='ocrx_word' id='word_1_679' title='bbox 3302 2569 3633 2640; x_wconf 67' lang='lat' dir='ltr'><strong>{aruit-arias,</strong></span> 
     </span>
    </p>
   </div>
   <div class='ocr_carea' id='block_1_90' title="bbox 2048 2656 3635 2733">
    <p class='ocr_par' dir='ltr' id='par_1_90' title="bbox 2048 2656 3635 2733">
     <span class='ocr_line' id='line_1_90' title="bbox 2048 2656 3635 2733; baseline 0.01 -28"><span class='ocrx_word' id='word_1_680' title='bbox 2048 2663 2135 2706; x_wconf 88' lang='lat' dir='ltr'><strong>aut</strong></span> <span class='ocrx_word' id='word_1_681' title='bbox 2165 2668 2369 2720; x_wconf 79' lang='lat' dir='ltr'><strong>auarus,</strong></span> <span class='ocrx_word' id='word_1_682' title='bbox 2395 2670 2510 2710; x_wconf 84' lang='lat' dir='ltr'><strong>cum</strong></span> <span class='ocrx_word' id='word_1_683' title='bbox 2530 2671 2588 2713; x_wconf 80' lang='lat' dir='ltr'><strong>eo</strong></span> <span class='ocrx_word' id='word_1_684' title='bbox 2608 2671 2671 2713; x_wconf 80' lang='lat' dir='ltr'><strong>ue</strong></span> <span class='ocrx_word' id='word_1_685' title='bbox 2695 2656 2954 2715; x_wconf 77' lang='lat' dir='ltr'><strong>comedere</strong></span> <span class='ocrx_word' id='word_1_686' title='bbox 2974 2658 3179 2728; x_wconf 78' lang='lat' dir='ltr'><strong>quidem</strong></span> <span class='ocrx_word' id='word_1_687' title='bbox 3197 2670 3396 2731; x_wconf 76' lang='lat' dir='ltr'><strong>oportet</strong></span> <span class='ocrx_word' id='word_1_688' title='bbox 3417 2662 3467 2733; x_wconf 79' lang='grc' dir='ltr'><strong>(ί</strong></span> <span class='ocrx_word' id='word_1_689' title='bbox 3481 2700 3497 2716; x_wconf 92' lang='grc'><strong>.</strong></span> <span class='ocrx_word' id='word_1_690' title='bbox 3515 2660 3635 2721; x_wconf 82' lang='lat' dir='ltr'><strong>Cor.</strong></span> 
     </span>
    </p>
   </div>
   <div class='ocr_carea' id='block_1_91' title="bbox 2049 2743 3639 2824">
    <p class='ocr_par' dir='ltr' id='par_1_91' title="bbox 2049 2743 3639 2824">
     <span class='ocr_line' id='line_1_91' title="bbox 2049 2743 3639 2824; baseline 0.004 -23"><span class='ocrx_word' id='word_1_691' title='bbox 2049 2745 2103 2801; x_wconf 88' lang='lat'><strong>5.</strong></span> <span class='ocrx_word' id='word_1_692' title='bbox 2134 2743 2264 2817; x_wconf 79' lang='lat' dir='ltr'><strong>ll)?</strong></span> <span class='ocrx_word' id='word_1_693' title='bbox 2290 2747 2362 2803; x_wconf 84' lang='lat' dir='ltr'><strong>At</strong></span> <span class='ocrx_word' id='word_1_694' title='bbox 2384 2761 2491 2805; x_wconf 91' lang='lat' dir='ltr'><strong>non</strong></span> <span class='ocrx_word' id='word_1_695' title='bbox 2518 2754 2683 2817; x_wconf 85' lang='lat' dir='ltr'><strong>patet,</strong></span> <span class='ocrx_word' id='word_1_696' title='bbox 2714 2763 2781 2804; x_wconf 89' lang='lat' dir='ltr'><strong>an</strong></span> <span class='ocrx_word' id='word_1_697' title='bbox 2811 2748 2940 2804; x_wconf 89' lang='lat' dir='ltr'><strong>illud</strong></span> <span class='ocrx_word' id='word_1_698' title='bbox 2964 2750 3124 2805; x_wconf 87' lang='lat' dir='ltr'><strong>etiam</strong></span> <span class='ocrx_word' id='word_1_699' title='bbox 3154 2752 3423 2823; x_wconf 79' lang='lat' dir='ltr'><strong>magistris</strong></span> <span class='ocrx_word' id='word_1_700' title='bbox 3450 2752 3639 2824; x_wconf 63' lang='lat' dir='ltr'><strong>praees-</strong></span> 
     </span>
    </p>
   </div>
   <div class='ocr_carea' id='block_1_92' title="bbox 2048 2839 3636 2910">
    <p class='ocr_par' dir='ltr' id='par_1_92' title="bbox 2048 2839 3636 2910">
     <span class='ocr_line' id='line_1_92' title="bbox 2048 2839 3636 2910; baseline 0.006 -18"><span class='ocrx_word' id='word_1_701' title='bbox 2048 2839 2261 2910; x_wconf 89' lang='lat' dir='ltr'><strong>piatur,</strong></span> <span class='ocrx_word' id='word_1_702' title='bbox 2302 2853 2475 2909; x_wconf 91' lang='lat' dir='ltr'><strong>neque</strong></span> <span class='ocrx_word' id='word_1_703' title='bbox 2520 2840 2693 2897; x_wconf 90' lang='lat' dir='ltr'><strong>solum</strong></span> <span class='ocrx_word' id='word_1_704' title='bbox 2733 2839 3005 2897; x_wconf 86' lang='lat' dir='ltr'><strong>fratribus.</strong></span> <span class='ocrx_word' id='word_1_705' title='bbox 3042 2842 3241 2899; x_wconf 89' lang='lat' dir='ltr'><strong>Deinde</strong></span> <span class='ocrx_word' id='word_1_706' title='bbox 3275 2844 3357 2901; x_wconf 88' lang='lat' dir='ltr'><strong>illi</strong></span> <span class='ocrx_word' id='word_1_707' title='bbox 3398 2844 3636 2900; x_wconf 86' lang='lat' dir='ltr'><strong>nondum</strong></span> 
     </span>
    </p>
   </div>
   <div class='ocr_carea' id='block_1_93' title="bbox 2050 2929 3639 3004">
    <p class='ocr_par' dir='ltr' id='par_1_93' title="bbox 2050 2929 3639 3004">
     <span class='ocr_line' id='line_1_93' title="bbox 2050 2929 3639 3004; baseline 0.001 -17"><span class='ocrx_word' id='word_1_708' title='bbox 2050 2929 2276 3002; x_wconf 85' lang='lat' dir='ltr'><strong>perfecti</strong></span> <span class='ocrx_word' id='word_1_709' title='bbox 2303 2930 2551 3003; x_wconf 86' lang='lat' dir='ltr'><strong>auctique</strong></span> <span class='ocrx_word' id='word_1_710' title='bbox 2577 2941 2764 2997; x_wconf 87' lang='lat' dir='ltr'><strong>erant,</strong></span> <span class='ocrx_word' id='word_1_711' title='bbox 2810 2947 2983 3004; x_wconf 88' lang='lat' dir='ltr'><strong>neque</strong></span> <span class='ocrx_word' id='word_1_712' title='bbox 3014 2932 3270 2989; x_wconf 88' lang='lat' dir='ltr'><strong>fratribus</strong></span> <span class='ocrx_word' id='word_1_713' title='bbox 3309 2949 3639 2992; x_wconf 74' lang='lat' dir='ltr'><strong>annumera-</strong></span> 
     </span>
    </p>
   </div>
   <div class='ocr_carea' id='block_1_94' title="bbox 2048 3022 3639 3095">
    <p class='ocr_par' dir='ltr' id='par_1_94' title="bbox 2048 3022 3639 3095">
     <span class='ocr_line' id='line_1_94' title="bbox 2048 3022 3639 3095; baseline 0.001 -15"><span class='ocrx_word' id='word_1_714' title='bbox 2048 3023 2265 3080; x_wconf 82' lang='lat' dir='ltr'><strong>bantur.</strong></span> <span class='ocrx_word' id='word_1_715' title='bbox 2321 3022 2405 3079; x_wconf 82' lang='lat' dir='ltr'><strong>Ad</strong></span> <span class='ocrx_word' id='word_1_716' title='bbox 2453 3022 2571 3079; x_wconf 70' lang='lat' dir='ltr'><strong>haec</strong></span> <span class='ocrx_word' id='word_1_717' title='bbox 2611 3038 2741 3079; x_wconf 87' lang='lat' dir='ltr'><strong>vero</strong></span> <span class='ocrx_word' id='word_1_718' title='bbox 2784 3024 3002 3092; x_wconf 85' lang='lat' dir='ltr'><strong>Paulus,</strong></span> <span class='ocrx_word' id='word_1_719' title='bbox 3037 3024 3147 3095; x_wconf 89' lang='lat' dir='ltr'><strong>jam</strong></span> <span class='ocrx_word' id='word_1_720' title='bbox 3175 3024 3297 3081; x_wconf 90' lang='lat' dir='ltr'><strong>illos</strong></span> <span class='ocrx_word' id='word_1_721' title='bbox 3335 3022 3400 3080; x_wconf 85' lang='lat' dir='ltr'><strong>in&#39;</strong></span> <span class='ocrx_word' id='word_1_722' title='bbox 3415 3025 3639 3081; x_wconf 87' lang='lat' dir='ltr'><strong>fratrum</strong></span> 
     </span>
    </p>
   </div>
   <div class='ocr_carea' id='block_1_95' title="bbox 2052 3115 3641 3189">
    <p class='ocr_par' dir='ltr' id='par_1_95' title="bbox 2052 3115 3641 3189">
     <span class='ocr_line' id='line_1_95' title="bbox 2052 3115 3641 3189; baseline 0.001 -16"><span class='ocrx_word' id='word_1_723' title='bbox 2052 3132 2333 3174; x_wconf 89' lang='lat' dir='ltr'><strong>numerum</strong></span> <span class='ocrx_word' id='word_1_724' title='bbox 2374 3115 2609 3173; x_wconf 91' lang='lat' dir='ltr'><strong>adscitos</strong></span> <span class='ocrx_word' id='word_1_725' title='bbox 2645 3118 2881 3173; x_wconf 87' lang='lat' dir='ltr'><strong>aversari</strong></span> <span class='ocrx_word' id='word_1_726' title='bbox 2902 3118 3086 3189; x_wconf 91' lang='lat' dir='ltr'><strong>jubet,</strong></span> <span class='ocrx_word' id='word_1_727' title='bbox 3116 3119 3162 3173; x_wconf 91' lang='lat' dir='ltr'><strong>si</strong></span> <span class='ocrx_word' id='word_1_728' title='bbox 3196 3118 3251 3174; x_wconf 90' lang='lat' dir='ltr'><strong>in</strong></span> <span class='ocrx_word' id='word_1_729' title='bbox 3278 3119 3433 3174; x_wconf 91' lang='lat' dir='ltr'><strong>malis</strong></span> <span class='ocrx_word' id='word_1_730' title='bbox 3460 3135 3641 3189; x_wconf 87' lang='lat' dir='ltr'><strong>perse-</strong></span> 
     </span>
    </p>
   </div>
   <div class='ocr_carea' id='block_1_96' title="bbox 2052 3210 3638 3281">
    <p class='ocr_par' dir='ltr' id='par_1_96' title="bbox 2052 3210 3638 3281">
     <span class='ocr_line' id='line_1_96' title="bbox 2052 3210 3638 3281; baseline 0.001 -15"><span class='ocrx_word' id='word_1_731' title='bbox 2052 3220 2240 3268; x_wconf 91' lang='lat' dir='ltr'><strong>verent</strong></span> <span class='ocrx_word' id='word_1_732' title='bbox 2272 3228 2286 3266; x_wconf 88' lang='lat'><strong>:</strong></span> <span class='ocrx_word' id='word_1_733' title='bbox 2317 3210 2373 3267; x_wconf 92' lang='lat' dir='ltr'><strong>hi</strong></span> <span class='ocrx_word' id='word_1_734' title='bbox 2398 3219 2579 3266; x_wconf 90' lang='lat' dir='ltr'><strong>autem</strong></span> <span class='ocrx_word' id='word_1_735' title='bbox 2610 3211 2749 3266; x_wconf 92' lang='lat' dir='ltr'><strong>male</strong></span> <span class='ocrx_word' id='word_1_736' title='bbox 2789 3226 2949 3281; x_wconf 89' lang='lat' dir='ltr'><strong>agere</strong></span> <span class='ocrx_word' id='word_1_737' title='bbox 2995 3221 3339 3268; x_wconf 88' lang='lat' dir='ltr'><strong>cessaverant</strong></span> <span class='ocrx_word' id='word_1_738' title='bbox 3370 3212 3638 3269; x_wconf 90' lang='lat' dir='ltr'><strong>conversi.</strong></span> 
     </span>
    </p>
   </div>
   <div class='ocr_carea' id='block_1_97' title="bbox 2055 3304 3639 3375">
    <p class='ocr_par' dir='ltr' id='par_1_97' title="bbox 2055 3304 3639 3375">
     <span class='ocr_line' id='line_1_97' title="bbox 2055 3304 3639 3375; baseline -0.002 -12"><span class='ocrx_word' id='word_1_739' title='bbox 2055 3308 2253 3363; x_wconf 80' lang='lat' dir='ltr'><strong>Verum</strong></span> <span class='ocrx_word' id='word_1_740' title='bbox 2282 3305 2413 3362; x_wconf 91' lang='lat' dir='ltr'><strong>nihil</strong></span> <span class='ocrx_word' id='word_1_741' title='bbox 2442 3305 2634 3361; x_wconf 91' lang='lat' dir='ltr'><strong>horum</strong></span> <span class='ocrx_word' id='word_1_742' title='bbox 2662 3305 2964 3361; x_wconf 71' lang='lat' dir='ltr'><strong>Pharisteos</strong></span> <span class='ocrx_word' id='word_1_743' title='bbox 2990 3308 3346 3375; x_wconf 86' lang='lat' dir='ltr'><strong>compressit,</strong></span> <span class='ocrx_word' id='word_1_744' title='bbox 3394 3304 3495 3361; x_wconf 85' lang='lat' dir='ltr'><strong>sed</strong></span> <span class='ocrx_word' id='word_1_745' title='bbox 3532 3305 3639 3361; x_wconf 64' lang='lat' dir='ltr'><strong>cria</strong></span> 
     </span>
    </p>
   </div>
   <div class='ocr_carea' id='block_1_98' title="bbox 2051 3396 3643 3471">
    <p class='ocr_par' dir='ltr' id='par_1_98' title="bbox 2051 3396 3643 3471">
     <span class='ocr_line' id='line_1_98' title="bbox 2051 3396 3643 3471; baseline -0.005 -13"><span class='ocrx_word' id='word_1_746' title='bbox 2051 3402 2321 3459; x_wconf 84' lang='lat' dir='ltr'><strong>minantes</strong></span> <span class='ocrx_word' id='word_1_747' title='bbox 2344 3398 2727 3471; x_wconf 84' lang='lat' dir='ltr'><strong>aggrediuntur</strong></span> <span class='ocrx_word' id='word_1_748' title='bbox 2751 3397 3045 3468; x_wconf 88' lang='lat' dir='ltr'><strong>discipulos</strong></span> <span class='ocrx_word' id='word_1_749' title='bbox 3073 3397 3158 3452; x_wconf 88' lang='lat' dir='ltr'><strong>his</strong></span> <span class='ocrx_word' id='word_1_750' title='bbox 3182 3396 3358 3452; x_wconf 83' lang='lat' dir='ltr'><strong>verbis</strong></span> <span class='ocrx_word' id='word_1_751' title='bbox 3381 3414 3399 3450; x_wconf 88' lang='lat'><strong>:</strong></span> <span class='ocrx_word' id='word_1_752' title='bbox 3428 3398 3521 3454; x_wconf 76' lang='lat' dir='ltr'><strong>tl.</strong></span> <span class='ocrx_word' id='word_1_753' title='bbox 3542 3396 3643 3452; x_wconf 81' lang='lat' dir='ltr'><strong>Cur</strong></span> 
     </span>
    </p>
   </div>
   <div class='ocr_carea' id='block_1_99' title="bbox 2052 3489 3643 3563">
    <p class='ocr_par' dir='ltr' id='par_1_99' title="bbox 2052 3489 3643 3563">
     <span class='ocr_line' id='line_1_99' title="bbox 2052 3489 3643 3563; baseline -0.006 -12"><span class='ocrx_word' id='word_1_754' title='bbox 2052 3512 2172 3556; x_wconf 82' lang='lat' dir='ltr'><strong>cum</strong></span> <span class='ocrx_word' id='word_1_755' title='bbox 2235 3490 2518 3563; x_wconf 83' lang='lat' dir='ltr'><strong>publicanis</strong></span> <span class='ocrx_word' id='word_1_756' title='bbox 2576 3499 2624 3546; x_wconf 84' lang='lat' dir='ltr'><strong>ct</strong></span> <span class='ocrx_word' id='word_1_757' title='bbox 2678 3490 3028 3561; x_wconf 81' lang='lat' dir='ltr'><strong>peccatoribus</strong></span> <span class='ocrx_word' id='word_1_758' title='bbox 3079 3489 3355 3543; x_wconf 67' lang='lat' dir='ltr'><strong>manduca:</strong></span> <span class='ocrx_word' id='word_1_759' title='bbox 3404 3489 3643 3559; x_wconf 66' lang='lat' dir='ltr'><strong>magister</strong></span> 
     </span>
    </p>
   </div>
   <div class='ocr_carea' id='block_1_100' title="bbox 2052 3579 3641 3655">
    <p class='ocr_par' dir='ltr' id='par_1_100' title="bbox 2052 3579 3641 3655">
     <span class='ocr_line' id='line_1_100' title="bbox 2052 3579 3641 3655; baseline -0.004 -12"><span class='ocrx_word' id='word_1_760' title='bbox 2052 3588 2249 3643; x_wconf 79' lang='lat' dir='ltr'><strong>vester?</strong></span> <span class='ocrx_word' id='word_1_761' title='bbox 2270 3586 2481 3643; x_wconf 86' lang='lat' dir='ltr'><strong>Etcum</strong></span> <span class='ocrx_word' id='word_1_762' title='bbox 2515 3583 2758 3655; x_wconf 87' lang='lat' dir='ltr'><strong>discipuli</strong></span> <span class='ocrx_word' id='word_1_763' title='bbox 2788 3596 3013 3654; x_wconf 80' lang='lat' dir='ltr'><strong>peccare</strong></span> <span class='ocrx_word' id='word_1_764' title='bbox 3054 3582 3333 3648; x_wconf 84' lang='lat' dir='ltr'><strong>videntur,</strong></span> <span class='ocrx_word' id='word_1_765' title='bbox 3371 3579 3641 3637; x_wconf 82' lang='lat' dir='ltr'><strong>Christum</strong></span> 
     </span>
    </p>
   </div>
   <div class='ocr_carea' id='block_1_101' title="bbox 2052 3673 3641 3748">
    <p class='ocr_par' dir='ltr' id='par_1_101' title="bbox 2052 3673 3641 3748">
     <span class='ocr_line' id='line_1_101' title="bbox 2052 3673 3641 3748; baseline -0.007 -10"><span class='ocrx_word' id='word_1_766' title='bbox 2052 3680 2136 3738; x_wconf 82' lang='lat' dir='ltr'><strong>sic</strong></span> <span class='ocrx_word' id='word_1_767' title='bbox 2158 3678 2505 3748; x_wconf 86' lang='lat' dir='ltr'><strong>alloquuntur</strong></span> <span class='ocrx_word' id='word_1_768' title='bbox 2534 3692 2550 3731; x_wconf 89' lang='lat'><strong>:</strong></span> <span class='ocrx_word' id='word_1_769' title='bbox 2587 3674 2721 3731; x_wconf 77' lang='lat' dir='ltr'><strong>Ecce</strong></span> <span class='ocrx_word' id='word_1_770' title='bbox 2753 3673 2993 3745; x_wconf 82' lang='lat' dir='ltr'><strong>discipuli</strong></span> <span class='ocrx_word' id='word_1_771' title='bbox 3027 3673 3103 3728; x_wconf 86' lang='lat' dir='ltr'><strong>tui</strong></span> <span class='ocrx_word' id='word_1_772' title='bbox 3144 3674 3337 3746; x_wconf 75' lang='lat' dir='ltr'><strong>faciunt</strong></span> <span class='ocrx_word' id='word_1_773' title='bbox 3373 3673 3515 3744; x_wconf 86' lang='lat' dir='ltr'><strong>quod</strong></span> <span class='ocrx_word' id='word_1_774' title='bbox 3543 3690 3641 3728; x_wconf 79' lang='lat' dir='ltr'><strong>non</strong></span> 
     </span>
    </p>
   </div>
   <div class='ocr_carea' id='block_1_102' title="bbox 2053 3764 3640 3839">
    <p class='ocr_par' dir='ltr' id='par_1_102' title="bbox 2053 3764 3640 3839">
     <span class='ocr_line' id='line_1_102' title="bbox 2053 3764 3640 3839; baseline -0.006 -10"><span class='ocrx_word' id='word_1_775' title='bbox 2053 3773 2171 3829; x_wconf 85' lang='lat' dir='ltr'><strong>licet</strong></span> <span class='ocrx_word' id='word_1_776' title='bbox 2206 3772 2260 3826; x_wconf 81' lang='lat' dir='ltr'><strong>in</strong></span> <span class='ocrx_word' id='word_1_777' title='bbox 2301 3768 2509 3826; x_wconf 86' lang='lat' dir='ltr'><strong>sabbato</strong></span> <span class='ocrx_word' id='word_1_778' title='bbox 2551 3767 2720 3839; x_wconf 78' lang='lat' dir='ltr'><strong>facere</strong></span> <span class='ocrx_word' id='word_1_779' title='bbox 2744 3766 2960 3837; x_wconf 70' lang='lat' dir='ltr'><strong>(Matth.</strong></span> <span class='ocrx_word' id='word_1_780' title='bbox 2990 3765 3080 3822; x_wconf 68' lang='lat' dir='ltr'><strong>ﬂ.</strong></span> <span class='ocrx_word' id='word_1_781' title='bbox 3107 3766 3199 3838; x_wconf 73' lang='lat'><strong>2);</strong></span> <span class='ocrx_word' id='word_1_782' title='bbox 3227 3764 3313 3822; x_wconf 88' lang='lat' dir='ltr'><strong>hic</strong></span> <span class='ocrx_word' id='word_1_783' title='bbox 3336 3780 3465 3822; x_wconf 82' lang='lat' dir='ltr'><strong>vero</strong></span> <span class='ocrx_word' id='word_1_784' title='bbox 3503 3764 3640 3836; x_wconf 89' lang='lat' dir='ltr'><strong>apud</strong></span> 
     </span>
    </p>
   </div>
   <div class='ocr_carea' id='block_1_103' title="bbox 2054 3857 3641 3935">
    <p class='ocr_par' dir='ltr' id='par_1_103' title="bbox 2054 3857 3641 3935">
     <span class='ocr_line' id='line_1_103' title="bbox 2054 3857 3641 3935; baseline -0.005 -14"><span class='ocrx_word' id='word_1_785' title='bbox 2054 3862 2345 3935; x_wconf 74' lang='lat' dir='ltr'><strong>diacipulos</strong></span> <span class='ocrx_word' id='word_1_786' title='bbox 2389 3861 2660 3918; x_wconf 86' lang='lat' dir='ltr'><strong>Christum</strong></span> <span class='ocrx_word' id='word_1_787' title='bbox 2704 3859 3073 3916; x_wconf 87' lang='lat' dir='ltr'><strong>criminantur.</strong></span> <span class='ocrx_word' id='word_1_788' title='bbox 3118 3858 3250 3927; x_wconf 58' lang='lat' dir='ltr'><strong>Quae</strong></span> <span class='ocrx_word' id='word_1_789' title='bbox 3273 3859 3455 3914; x_wconf 89' lang='lat' dir='ltr'><strong>omnia</strong></span> <span class='ocrx_word' id='word_1_790' title='bbox 3486 3857 3641 3913; x_wconf 86' lang='lat' dir='ltr'><strong>mali-</strong></span> 
     </span>
    </p>
   </div>
   <div class='ocr_carea' id='block_1_104' title="bbox 2053 3948 3641 4029">
    <p class='ocr_par' dir='ltr' id='par_1_104' title="bbox 2053 3948 3641 4029">
     <span class='ocr_line' id='line_1_104' title="bbox 2053 3948 3641 4029; baseline -0.003 -22"><span class='ocrx_word' id='word_1_791' title='bbox 2053 3957 2328 4029; x_wconf 82' lang='lat' dir='ltr'><strong>gnantium</strong></span> <span class='ocrx_word' id='word_1_792' title='bbox 2373 3962 2546 4019; x_wconf 90' lang='lat' dir='ltr'><strong>erant,</strong></span> <span class='ocrx_word' id='word_1_793' title='bbox 2587 3961 2643 4009; x_wconf 90' lang='lat' dir='ltr'><strong>et</strong></span> <span class='ocrx_word' id='word_1_794' title='bbox 2685 3951 2980 4011; x_wconf 87' lang='lat' dir='ltr'><strong>volentium</strong></span> <span class='ocrx_word' id='word_1_795' title='bbox 3012 3948 3392 4021; x_wconf 85' lang='lat' dir='ltr'><strong>discipulorum</strong></span> <span class='ocrx_word' id='word_1_796' title='bbox 3419 3949 3641 4004; x_wconf 87' lang='lat' dir='ltr'><strong>chorum</strong></span> 
     </span>
    </p>
   </div>
   <div class='ocr_carea' id='block_1_105' title="bbox 2055 4042 3642 4118">
    <p class='ocr_par' dir='ltr' id='par_1_105' title="bbox 2055 4042 3642 4118">
     <span class='ocr_line' id='line_1_105' title="bbox 2055 4042 3642 4118; baseline -0.006 -14"><span class='ocrx_word' id='word_1_797' title='bbox 2055 4065 2087 4104; x_wconf 88' lang='lat' dir='ltr'><strong>a</strong></span> <span class='ocrx_word' id='word_1_798' title='bbox 2110 4048 2364 4118; x_wconf 84' lang='lat' dir='ltr'><strong>magistro</strong></span> <span class='ocrx_word' id='word_1_799' title='bbox 2383 4043 2778 4111; x_wconf 85' lang='lat' dir='ltr'><strong>avellere.Quid</strong></span> <span class='ocrx_word' id='word_1_800' title='bbox 2795 4043 2953 4113; x_wconf 82' lang='lat' dir='ltr'><strong>igitur</strong></span> <span class='ocrx_word' id='word_1_801' title='bbox 2969 4044 3229 4098; x_wconf 90' lang='lat' dir='ltr'><strong>immensa</strong></span> <span class='ocrx_word' id='word_1_802' title='bbox 3251 4042 3340 4097; x_wconf 89' lang='lat' dir='ltr'><strong>illa</strong></span> <span class='ocrx_word' id='word_1_803' title='bbox 3361 4042 3642 4110; x_wconf 74' lang='lat' dir='ltr'><strong>sapientia?</strong></span> 
     </span>
    </p>
   </div>
   <div class='ocr_carea' id='block_1_106' title="bbox 2062 4134 3645 4210">
    <p class='ocr_par' dir='ltr' id='par_1_106' title="bbox 2062 4134 3645 4210">
     <span class='ocr_line' id='line_1_106' title="bbox 2062 4134 3645 4210; baseline -0.006 -13"><span class='ocrx_word' id='word_1_804' title='bbox 2062 4142 2148 4197; x_wconf 67' lang='lat' dir='ltr'><strong>ii.</strong></span> <span class='ocrx_word' id='word_1_805' title='bbox 2180 4139 2304 4194; x_wconf 82' lang='lat' dir='ltr'><strong>Non</strong></span> <span class='ocrx_word' id='word_1_806' title='bbox 2324 4138 2572 4210; x_wconf 83' lang='lat' dir='ltr'><strong>indigent,</strong></span> <span class='ocrx_word' id='word_1_807' title='bbox 2600 4136 2803 4207; x_wconf 86' lang='lat' dir='ltr'><strong>inquit,</strong></span> <span class='ocrx_word' id='word_1_808' title='bbox 2848 4136 2963 4191; x_wconf 81' lang='lat' dir='ltr'><strong>sani</strong></span> <span class='ocrx_word' id='word_1_809' title='bbox 2990 4136 3207 4201; x_wconf 78' lang='lat' dir='ltr'><strong>medico,</strong></span> <span class='ocrx_word' id='word_1_810' title='bbox 3252 4136 3341 4189; x_wconf 86' lang='lat' dir='ltr'><strong>sed</strong></span> <span class='ocrx_word' id='word_1_811' title='bbox 3384 4136 3471 4204; x_wconf 88' lang='lat' dir='ltr'><strong>qui</strong></span> <span class='ocrx_word' id='word_1_812' title='bbox 3516 4134 3645 4187; x_wconf 72' lang='lat' dir='ltr'><strong>mals</strong></span> 
     </span>
    </p>
   </div>
   <div class='ocr_carea' id='block_1_107' title="bbox 2060 4226 3642 4301">
    <p class='ocr_par' dir='ltr' id='par_1_107' title="bbox 2060 4226 3642 4301">
     <span class='ocr_line' id='line_1_107' title="bbox 2060 4226 3642 4301; baseline -0.006 -13"><span class='ocrx_word' id='word_1_813' title='bbox 2060 4234 2261 4289; x_wconf 81' lang='lat' dir='ltr'><strong>habent.</strong></span> <span class='ocrx_word' id='word_1_814' title='bbox 2292 4230 2425 4287; x_wconf 87' lang='lat' dir='ltr'><strong>Vide</strong></span> <span class='ocrx_word' id='word_1_815' title='bbox 2455 4228 2726 4301; x_wconf 90' lang='lat' dir='ltr'><strong>quomodo</strong></span> <span class='ocrx_word' id='word_1_816' title='bbox 2754 4242 3060 4283; x_wconf 89' lang='lat' dir='ltr'><strong>sermonem</strong></span> <span class='ocrx_word' id='word_1_817' title='bbox 3099 4241 3287 4284; x_wconf 87' lang='lat' dir='ltr'><strong>eorum</strong></span> <span class='ocrx_word' id='word_1_818' title='bbox 3333 4226 3385 4281; x_wconf 85' lang='lat' dir='ltr'><strong>in</strong></span> <span class='ocrx_word' id='word_1_819' title='bbox 3424 4235 3642 4281; x_wconf 62' lang='lat' dir='ltr'><strong>contra.</strong></span> 
     </span>
    </p>
   </div>
   <div class='ocr_carea' id='block_1_108' title="bbox 2060 4312 3643 4390">
    <p class='ocr_par' dir='ltr' id='par_1_108' title="bbox 2060 4312 3643 4390">
     <span class='ocr_line' id='line_1_108' title="bbox 2060 4312 3643 4390; baseline -0.006 -11"><span class='ocrx_word' id='word_1_820' title='bbox 2060 4323 2200 4379; x_wconf 88' lang='lat' dir='ltr'><strong>rium</strong></span> <span class='ocrx_word' id='word_1_821' title='bbox 2239 4322 2419 4379; x_wconf 87' lang='lat' dir='ltr'><strong>vertit.</strong></span> <span class='ocrx_word' id='word_1_822' title='bbox 2453 4319 2533 4376; x_wconf 89' lang='lat' dir='ltr'><strong>Illi</strong></span> <span class='ocrx_word' id='word_1_823' title='bbox 2560 4332 2794 4390; x_wconf 87' lang='lat' dir='ltr'><strong>namque</strong></span> <span class='ocrx_word' id='word_1_824' title='bbox 2831 4316 3045 4374; x_wconf 88' lang='lat' dir='ltr'><strong>crimini</strong></span> <span class='ocrx_word' id='word_1_825' title='bbox 3082 4315 3284 4374; x_wconf 87' lang='lat' dir='ltr'><strong>dabant</strong></span> <span class='ocrx_word' id='word_1_826' title='bbox 3323 4316 3463 4387; x_wconf 83' lang='lat' dir='ltr'><strong>ipsi,</strong></span> <span class='ocrx_word' id='word_1_827' title='bbox 3502 4312 3643 4385; x_wconf 84' lang='lat' dir='ltr'><strong>quod</strong></span> 
     </span>
    </p>
   </div>
   <div class='ocr_carea' id='block_1_109' title="bbox 2059 4407 3644 4479">
    <p class='ocr_par' dir='ltr' id='par_1_109' title="bbox 2059 4407 3644 4479">
     <span class='ocr_line' id='line_1_109' title="bbox 2059 4407 3644 4479; baseline -0.008 -6"><span class='ocrx_word' id='word_1_828' title='bbox 2059 4428 2180 4473; x_wconf 77' lang='lat' dir='ltr'><strong>Cum</strong></span> <span class='ocrx_word' id='word_1_829' title='bbox 2192 4414 2299 4470; x_wconf 90' lang='lat' dir='ltr'><strong>illis</strong></span> <span class='ocrx_word' id='word_1_830' title='bbox 2320 4420 2656 4478; x_wconf 86' lang='lat' dir='ltr'><strong>versaretur;</strong></span> <span class='ocrx_word' id='word_1_831' title='bbox 2674 4410 2763 4467; x_wconf 89' lang='lat' dir='ltr'><strong>ille</strong></span> <span class='ocrx_word' id='word_1_832' title='bbox 2781 4409 3109 4466; x_wconf 84' lang='lat' dir='ltr'><strong>contrarium</strong></span> <span class='ocrx_word' id='word_1_833' title='bbox 3132 4408 3351 4479; x_wconf 81' lang='lat' dir='ltr'><strong>profert.</strong></span> <span class='ocrx_word' id='word_1_834' title='bbox 3374 4407 3644 4479; x_wconf 80' lang='lat' dir='ltr'><strong>indignum</strong></span> 
     </span>
    </p>
   </div>
   <div class='ocr_carea' id='block_1_110' title="bbox 2062 4500 3645 4575">
    <p class='ocr_par' dir='ltr' id='par_1_110' title="bbox 2062 4500 3645 4575">
     <span class='ocr_line' id='line_1_110' title="bbox 2062 4500 3645 4575; baseline -0.006 -10"><span class='ocrx_word' id='word_1_835' title='bbox 2062 4504 2391 4575; x_wconf 85' lang='lat' dir='ltr'><strong>benignitate</strong></span> <span class='ocrx_word' id='word_1_836' title='bbox 2436 4518 2532 4558; x_wconf 86' lang='lat' dir='ltr'><strong>sua</strong></span> <span class='ocrx_word' id='word_1_837' title='bbox 2583 4516 2704 4559; x_wconf 87' lang='lat' dir='ltr'><strong>esse</strong></span> <span class='ocrx_word' id='word_1_838' title='bbox 2740 4502 2789 4558; x_wconf 92' lang='lat' dir='ltr'><strong>si</strong></span> <span class='ocrx_word' id='word_1_839' title='bbox 2837 4516 2945 4557; x_wconf 89' lang='lat' dir='ltr'><strong>non</strong></span> <span class='ocrx_word' id='word_1_840' title='bbox 2972 4516 3093 4556; x_wconf 87' lang='lat' dir='ltr'><strong>cum</strong></span> <span class='ocrx_word' id='word_1_841' title='bbox 3124 4500 3231 4557; x_wconf 89' lang='lat' dir='ltr'><strong>illis</strong></span> <span class='ocrx_word' id='word_1_842' title='bbox 3268 4512 3546 4567; x_wconf 86' lang='lat' dir='ltr'><strong>versetur;</strong></span> <span class='ocrx_word' id='word_1_843' title='bbox 3583 4513 3645 4555; x_wconf 83' lang='lat' dir='ltr'><strong>ac</strong></span> 
     </span>
    </p>
   </div>
   <div class='ocr_carea' id='block_1_111' title="bbox 2061 4595 3643 4656">
    <p class='ocr_par' dir='ltr' id='par_1_111' title="bbox 2061 4595 3643 4656">
     <span class='ocr_line' id='line_1_111' title="bbox 2061 4595 3643 4656; baseline -0.005 0"><span class='ocrx_word' id='word_1_844' title='bbox 2061 4614 2172 4656; x_wconf 91' lang='lat' dir='ltr'><strong>non</strong></span> <span class='ocrx_word' id='word_1_845' title='bbox 2201 4599 2361 4655; x_wconf 89' lang='lat' dir='ltr'><strong>modo</strong></span> <span class='ocrx_word' id='word_1_846' title='bbox 2399 4613 2461 4654; x_wconf 88' lang='lat' dir='ltr'><strong>se</strong></span> <span class='ocrx_word' id='word_1_847' title='bbox 2497 4596 2726 4653; x_wconf 88' lang='lat' dir='ltr'><strong>crimine</strong></span> <span class='ocrx_word' id='word_1_848' title='bbox 2751 4610 2975 4651; x_wconf 83' lang='lat' dir='ltr'><strong>vacuum</strong></span> <span class='ocrx_word' id='word_1_849' title='bbox 3002 4609 3126 4651; x_wconf 86' lang='lat' dir='ltr'><strong>esse</strong></span> <span class='ocrx_word' id='word_1_850' title='bbox 3160 4609 3284 4650; x_wconf 88' lang='lat' dir='ltr'><strong>cum</strong></span> <span class='ocrx_word' id='word_1_851' title='bbox 3311 4595 3434 4649; x_wconf 88' lang='lat' dir='ltr'><strong>illos</strong></span> <span class='ocrx_word' id='word_1_852' title='bbox 3460 4609 3643 4650; x_wconf 81' lang='lat' dir='ltr'><strong>emen-</strong></span> 
     </span>
    </p>
   </div>
   <div class='ocr_carea' id='block_1_112' title="bbox 2062 4687 3647 4759">
    <p class='ocr_par' dir='ltr' id='par_1_112' title="bbox 2062 4687 3647 4759">
     <span class='ocr_line' id='line_1_112' title="bbox 2062 4687 3647 4759; baseline -0.005 -11"><span class='ocrx_word' id='word_1_853' title='bbox 2062 4692 2248 4759; x_wconf 87' lang='lat' dir='ltr'><strong>daret,</strong></span> <span class='ocrx_word' id='word_1_854' title='bbox 2280 4690 2375 4747; x_wconf 88' lang='lat' dir='ltr'><strong>sed</strong></span> <span class='ocrx_word' id='word_1_855' title='bbox 2401 4705 2515 4747; x_wconf 89' lang='lat' dir='ltr'><strong>rem</strong></span> <span class='ocrx_word' id='word_1_856' title='bbox 2544 4703 2666 4746; x_wconf 84' lang='lat' dir='ltr'><strong>esse</strong></span> <span class='ocrx_word' id='word_1_857' title='bbox 2694 4688 3014 4759; x_wconf 71' lang='lat' dir='ltr'><strong>prtecipuam</strong></span> <span class='ocrx_word' id='word_1_858' title='bbox 3033 4729 3049 4755; x_wconf 94' lang='lat'><strong>,</strong></span> <span class='ocrx_word' id='word_1_859' title='bbox 3091 4695 3147 4743; x_wconf 86' lang='lat' dir='ltr'><strong>et</strong></span> <span class='ocrx_word' id='word_1_860' title='bbox 3172 4687 3525 4742; x_wconf 83' lang='lat' dir='ltr'><strong>necessariam</strong></span> <span class='ocrx_word' id='word_1_861' title='bbox 3547 4726 3565 4753; x_wconf 91' lang='lat'><strong>,</strong></span> <span class='ocrx_word' id='word_1_862' title='bbox 3592 4691 3647 4740; x_wconf 81' lang='lat' dir='ltr'><strong>et</strong></span> 
     </span>
    </p>
   </div>
   <div class='ocr_carea' id='block_1_113' title="bbox 2062 4780 3645 4854">
    <p class='ocr_par' dir='ltr' id='par_1_113' title="bbox 2062 4780 3645 4854">
     <span class='ocr_line' id='line_1_113' title="bbox 2062 4780 3645 4854; baseline -0.006 -12"><span class='ocrx_word' id='word_1_863' title='bbox 2062 4786 2211 4842; x_wconf 86' lang='lat' dir='ltr'><strong>mille</strong></span> <span class='ocrx_word' id='word_1_864' title='bbox 2236 4784 2482 4841; x_wconf 83' lang='lat' dir='ltr'><strong>laudibus</strong></span> <span class='ocrx_word' id='word_1_865' title='bbox 2521 4783 2758 4854; x_wconf 82' lang='lat' dir='ltr'><strong>dignam.</strong></span> <span class='ocrx_word' id='word_1_866' title='bbox 2803 4780 3006 4838; x_wconf 90' lang='lat' dir='ltr'><strong>Deinde</strong></span> <span class='ocrx_word' id='word_1_867' title='bbox 3034 4796 3101 4836; x_wconf 89' lang='lat' dir='ltr'><strong>ne</strong></span> <span class='ocrx_word' id='word_1_868' title='bbox 3136 4780 3409 4835; x_wconf 87' lang='lat' dir='ltr'><strong>videretur</strong></span> <span class='ocrx_word' id='word_1_869' title='bbox 3432 4786 3645 4835; x_wconf 79' lang='lat' dir='ltr'><strong>vocatos</strong></span> 
     </span>
    </p>
   </div>
   <div class='ocr_carea' id='block_1_114' title="bbox 2062 4867 3647 4952">
    <p class='ocr_par' dir='ltr' id='par_1_114' title="bbox 2062 4867 3647 4952">
     <span class='ocr_line' id='line_1_114' title="bbox 2062 4867 3647 4952; baseline -0.007 -17"><span class='ocrx_word' id='word_1_870' title='bbox 2062 4879 2268 4952; x_wconf 86' lang='lat' dir='ltr'><strong>pudore</strong></span> <span class='ocrx_word' id='word_1_871' title='bbox 2294 4876 2510 4932; x_wconf 79' lang='lat' dir='ltr'><strong>afﬁcere</strong></span> <span class='ocrx_word' id='word_1_872' title='bbox 2527 4916 2544 4942; x_wconf 92' lang='lat'><strong>,</strong></span> <span class='ocrx_word' id='word_1_873' title='bbox 2572 4889 2696 4930; x_wconf 93' lang='lat' dir='ltr'><strong>cum</strong></span> <span class='ocrx_word' id='word_1_874' title='bbox 2724 4873 2962 4941; x_wconf 88' lang='lat' dir='ltr'><strong>diceret,</strong></span> <span class='ocrx_word' id='word_1_875' title='bbox 2997 4872 3097 4940; x_wconf 82' lang='lat' dir='ltr'><strong>Qui</strong></span> <span class='ocrx_word' id='word_1_876' title='bbox 3131 4872 3264 4926; x_wconf 87' lang='lat' dir='ltr'><strong>male</strong></span> <span class='ocrx_word' id='word_1_877' title='bbox 3286 4871 3498 4936; x_wconf 70' lang='lat' dir='ltr'><strong>habetat,</strong></span> <span class='ocrx_word' id='word_1_878' title='bbox 3528 4867 3647 4924; x_wconf 77' lang='lat' dir='ltr'><strong>vids</strong></span> 
     </span>
    </p>
   </div>
   <div class='ocr_carea' id='block_1_115' title="bbox 2062 4962 3643 5042">
    <p class='ocr_par' dir='ltr' id='par_1_115' title="bbox 2062 4962 3643 5042">
     <span class='ocr_line' id='line_1_115' title="bbox 2062 4962 3643 5042; baseline -0.006 -18"><span class='ocrx_word' id='word_1_879' title='bbox 2062 4970 2332 5042; x_wconf 89' lang='lat' dir='ltr'><strong>quomodo</strong></span> <span class='ocrx_word' id='word_1_880' title='bbox 2376 4969 2540 5025; x_wconf 86' lang='lat' dir='ltr'><strong>leniat</strong></span> <span class='ocrx_word' id='word_1_881' title='bbox 2585 4966 2754 5032; x_wconf 91' lang='lat' dir='ltr'><strong>illud,</strong></span> <span class='ocrx_word' id='word_1_882' title='bbox 2800 4981 2922 5021; x_wconf 92' lang='lat' dir='ltr'><strong>cum</strong></span> <span class='ocrx_word' id='word_1_883' title='bbox 2964 4965 3085 5020; x_wconf 87' lang='lat' dir='ltr'><strong>illos</strong></span> <span class='ocrx_word' id='word_1_884' title='bbox 3122 4964 3366 5034; x_wconf 83' lang='lat' dir='ltr'><strong>increpat</strong></span> <span class='ocrx_word' id='word_1_885' title='bbox 3400 4971 3458 5019; x_wconf 89' lang='lat' dir='ltr'><strong>et</strong></span> <span class='ocrx_word' id='word_1_886' title='bbox 3484 4962 3643 5017; x_wconf 89' lang='lat' dir='ltr'><strong>dicit:</strong></span> 
     </span>
    </p>
   </div>
   <div class='ocr_carea' id='block_1_116' title="bbox 2065 5055 3646 5130">
    <p class='ocr_par' dir='ltr' id='par_1_116' title="bbox 2065 5055 3646 5130">
     <span class='ocr_line' id='line_1_116' title="bbox 2065 5055 3646 5130; baseline -0.008 -11"><span class='ocrx_word' id='word_1_887' title='bbox 2065 5064 2155 5119; x_wconf 77' lang='grc'><strong>15.</strong></span> <span class='ocrx_word' id='word_1_888' title='bbox 2189 5063 2401 5127; x_wconf 80' lang='lat' dir='ltr'><strong>Euntes,</strong></span> <span class='ocrx_word' id='word_1_889' title='bbox 2433 5060 2614 5115; x_wconf 79' lang='lat' dir='ltr'><strong>discite</strong></span> <span class='ocrx_word' id='word_1_890' title='bbox 2629 5059 2752 5130; x_wconf 82' lang='lat' dir='ltr'><strong>quid</strong></span> <span class='ocrx_word' id='word_1_891' title='bbox 2773 5068 2867 5123; x_wconf 85' lang='lat' dir='ltr'><strong>est,</strong></span> <span class='ocrx_word' id='word_1_892' title='bbox 2894 5056 3299 5113; x_wconf 75' lang='lat' dir='ltr'><strong>Misericordiam</strong></span> <span class='ocrx_word' id='word_1_893' title='bbox 3318 5055 3452 5119; x_wconf 85' lang='lat' dir='ltr'><strong>uolo,</strong></span> <span class='ocrx_word' id='word_1_894' title='bbox 3482 5065 3527 5109; x_wconf 85' lang='lat' dir='ltr'><strong>et</strong></span> <span class='ocrx_word' id='word_1_895' title='bbox 3550 5069 3646 5107; x_wconf 74' lang='lat' dir='ltr'><strong>non</strong></span> 
     </span>
    </p>
   </div>
   <div class='ocr_carea' id='block_1_117' title="bbox 2063 5146 3644 5226">
    <p class='ocr_par' dir='ltr' id='par_1_117' title="bbox 2063 5146 3644 5226">
     <span class='ocr_line' id='line_1_117' title="bbox 2063 5146 3644 5226; baseline -0.008 -14"><span class='ocrx_word' id='word_1_896' title='bbox 2063 5156 2371 5226; x_wconf 78' lang='lat' dir='ltr'><strong>sacriﬁcium</strong></span> <span class='ocrx_word' id='word_1_897' title='bbox 2399 5152 2555 5224; x_wconf 80' lang='lat' dir='ltr'><strong>(Osce</strong></span> <span class='ocrx_word' id='word_1_898' title='bbox 2581 5152 2636 5208; x_wconf 84' lang='lat'><strong>6.</strong></span> <span class='ocrx_word' id='word_1_899' title='bbox 2667 5152 2747 5221; x_wconf 82' lang='lat'><strong>6).</strong></span> <span class='ocrx_word' id='word_1_900' title='bbox 2776 5150 2891 5206; x_wconf 84' lang='lat' dir='ltr'><strong>Hoc</strong></span> <span class='ocrx_word' id='word_1_901' title='bbox 2924 5157 3101 5204; x_wconf 85' lang='lat' dir='ltr'><strong>autem</strong></span> <span class='ocrx_word' id='word_1_902' title='bbox 3131 5147 3377 5215; x_wconf 76' lang='lat' dir='ltr'><strong>dicebat,</strong></span> <span class='ocrx_word' id='word_1_903' title='bbox 3404 5146 3644 5215; x_wconf 84' lang='lat' dir='ltr'><strong>Scriptu-</strong></span> 
     </span>
    </p>
   </div>
   <div class='ocr_carea' id='block_1_118' title="bbox 2064 5240 3643 5317">
    <p class='ocr_par' dir='ltr' id='par_1_118' title="bbox 2064 5240 3643 5317">
     <span class='ocr_line' id='line_1_118' title="bbox 2064 5240 3643 5317; baseline -0.006 -13"><span class='ocrx_word' id='word_1_904' title='bbox 2064 5264 2243 5305; x_wconf 88' lang='lat' dir='ltr'><strong>rarum</strong></span> <span class='ocrx_word' id='word_1_905' title='bbox 2293 5245 2648 5317; x_wconf 83' lang='lat' dir='ltr'><strong>ignorantiam</strong></span> <span class='ocrx_word' id='word_1_906' title='bbox 2692 5243 2824 5314; x_wconf 88' lang='lat' dir='ltr'><strong>ipsis</strong></span> <span class='ocrx_word' id='word_1_907' title='bbox 2862 5243 2994 5297; x_wconf 88' lang='lat' dir='ltr'><strong>vitio</strong></span> <span class='ocrx_word' id='word_1_908' title='bbox 3019 5250 3255 5298; x_wconf 82' lang='lat' dir='ltr'><strong>vertens.</strong></span> <span class='ocrx_word' id='word_1_909' title='bbox 3292 5240 3643 5310; x_wconf 83' lang='lat' dir='ltr'><strong>Quamobrem</strong></span> 
     </span>
    </p>
   </div>
   <div class='ocr_carea' id='block_1_119' title="bbox 2066 5333 3636 5408">
    <p class='ocr_par' dir='ltr' id='par_1_119' title="bbox 2066 5333 3636 5408">
     <span class='ocr_line' id='line_1_119' title="bbox 2066 5333 3636 5408; baseline -0.006 -13"><span class='ocrx_word' id='word_1_910' title='bbox 2066 5336 2527 5408; x_wconf 78' lang='lat' dir='ltr'><strong>acriusloquitur,</strong></span> <span class='ocrx_word' id='word_1_911' title='bbox 2548 5349 2657 5391; x_wconf 87' lang='lat' dir='ltr'><strong>non</strong></span> <span class='ocrx_word' id='word_1_912' title='bbox 2687 5334 3087 5402; x_wconf 78' lang='lat' dir='ltr'><strong>iratus;absit;</strong></span> <span class='ocrx_word' id='word_1_913' title='bbox 3107 5334 3201 5393; x_wconf 84' lang='lat' dir='ltr'><strong>sed</strong></span> <span class='ocrx_word' id='word_1_914' title='bbox 3220 5349 3289 5390; x_wconf 87' lang='lat' dir='ltr'><strong>ne</strong></span> <span class='ocrx_word' id='word_1_915' title='bbox 3299 5334 3380 5388; x_wconf 90' lang='lat' dir='ltr'><strong>illi</strong></span> <span class='ocrx_word' id='word_1_916' title='bbox 3399 5333 3636 5388; x_wconf 88' lang='lat' dir='ltr'><strong>animum</strong></span> 
     </span>
    </p>
   </div>
   <div class='ocr_carea' id='block_1_120' title="bbox 2068 5425 3639 5502">
    <p class='ocr_par' dir='ltr' id='par_1_120' title="bbox 2068 5425 3639 5502">
     <span class='ocr_line' id='line_1_120' title="bbox 2068 5425 3639 5502; baseline -0.006 -15"><span class='ocrx_word' id='word_1_917' title='bbox 2068 5430 2489 5502; x_wconf 84' lang='lat' dir='ltr'><strong>desponderent.</strong></span> <span class='ocrx_word' id='word_1_918' title='bbox 2522 5428 2868 5499; x_wconf 84' lang='lat' dir='ltr'><strong>Quamquam</strong></span> <span class='ocrx_word' id='word_1_919' title='bbox 2907 5428 3092 5485; x_wconf 90' lang='lat' dir='ltr'><strong>dicere</strong></span> <span class='ocrx_word' id='word_1_920' title='bbox 3117 5435 3329 5497; x_wconf 84' lang='lat' dir='ltr'><strong>poterat</strong></span> <span class='ocrx_word' id='word_1_921' title='bbox 3358 5444 3373 5480; x_wconf 90' lang='lat'><strong>:</strong></span> <span class='ocrx_word' id='word_1_922' title='bbox 3408 5425 3522 5480; x_wconf 79' lang='lat' dir='ltr'><strong>Non</strong></span> <span class='ocrx_word' id='word_1_923' title='bbox 3549 5439 3639 5479; x_wconf 91' lang='lat' dir='ltr'><strong>co—</strong></span> 
     </span>
    </p>
   </div>
   <div class='ocr_carea' id='block_1_121' title="bbox 2068 5513 3641 5591">
    <p class='ocr_par' dir='ltr' id='par_1_121' title="bbox 2068 5513 3641 5591">
     <span class='ocr_line' id='line_1_121' title="bbox 2068 5513 3641 5591; baseline -0.005 -16"><span class='ocrx_word' id='word_1_924' title='bbox 2068 5520 2295 5591; x_wconf 88' lang='lat' dir='ltr'><strong>gitatis,</strong></span> <span class='ocrx_word' id='word_1_925' title='bbox 2343 5521 2624 5590; x_wconf 89' lang='lat' dir='ltr'><strong>quomodo</strong></span> <span class='ocrx_word' id='word_1_926' title='bbox 2679 5519 2981 5590; x_wconf 84' lang='lat' dir='ltr'><strong>paralytico</strong></span> <span class='ocrx_word' id='word_1_927' title='bbox 3030 5529 3251 5589; x_wconf 83' lang='lat' dir='ltr'><strong>peccata</strong></span> <span class='ocrx_word' id='word_1_928' title='bbox 3299 5513 3641 5572; x_wconf 65' lang='lat' dir='ltr'><strong>dimiserim?</strong></span> 
     </span>
    </p>
   </div>
   <div class='ocr_carea' id='block_1_122' title="bbox 2072 5607 3638 5686">
    <p class='ocr_par' dir='ltr' id='par_1_122' title="bbox 2072 5607 3638 5686">
     <span class='ocr_line' id='line_1_122' title="bbox 2072 5607 3638 5686; baseline -0.006 -18"><span class='ocrx_word' id='word_1_929' title='bbox 2072 5627 2268 5684; x_wconf 84' lang='lat' dir='ltr'><strong>corpus</strong></span> <span class='ocrx_word' id='word_1_930' title='bbox 2286 5612 2405 5686; x_wconf 88' lang='lat' dir='ltr'><strong>ejus</strong></span> <span class='ocrx_word' id='word_1_931' title='bbox 2425 5612 2754 5668; x_wconf 80' lang='lat' dir='ltr'><strong>ﬁrmaverim</strong></span> <span class='ocrx_word' id='word_1_932' title='bbox 2778 5611 2802 5665; x_wconf 85' lang='lat'><strong>?</strong></span> <span class='ocrx_word' id='word_1_933' title='bbox 2821 5611 2889 5665; x_wconf 85' lang='lat' dir='ltr'><strong>At</strong></span> <span class='ocrx_word' id='word_1_934' title='bbox 2906 5610 3042 5666; x_wconf 89' lang='lat' dir='ltr'><strong>nihil</strong></span> <span class='ocrx_word' id='word_1_935' title='bbox 3062 5610 3252 5666; x_wconf 83' lang='lat' dir='ltr'><strong>horum</strong></span> <span class='ocrx_word' id='word_1_936' title='bbox 3273 5607 3405 5666; x_wconf 84' lang='lat' dir='ltr'><strong>dicit</strong></span> <span class='ocrx_word' id='word_1_937' title='bbox 3427 5619 3638 5663; x_wconf 80' lang='lat' dir='ltr'><strong>:verum</strong></span> 
     </span>
    </p>
   </div>
  </div>
