3900 6194
191 214 312 303 'srs
1189 246 1258 303 IN
1294 245 1705 303 MATTILEUM
1747 243 1975 301 neme.
2019 248 2187 307 xxx.
2231 255 2302 309 al.
2346 255 2537 313 xxxa

211 376 238 415 a
263 362 636 419 communibus
662 362 954 419 ratiociniis
980 364 1100 419 illos
1124 363 1430 435 aggreditur
1458 363 1708 432 primum,
1740 368 1796 414 et

3387 279 3492 335 566

1914 361 2034 417 dem
2065 365 2138 420 ait
2163 367 2459 425 Pliarismos
2483 372 2587 426 hoc
2608 372 2827 440 dixisse,
2851 377 3126 437 Matthams
3159 400 3303 450 vero.
3333 389 3490 446 disci-

211 464 393 523 postea
416 469 447 508 a
475 455 784 525 Scripturis.
813 455 944 513 Gum
966 456 1188 511 dixisset
1213 455 1354 510 enim
1378 496 1394 520 ,
1428 453 1549 508 Non
1579 464 1649 508 est
1671 470 1799 523 opus

208 546 491 600 calentibus
530 548 752 601 medicus
776 588 790 611 ,
832 547 920 599 sed
950 548 1081 601 male
1107 546 1400 601 habentibus
1424 588 1439 613 ,
1478 556 1531 600 ct
1558 546 1633 600 sei
1643 561 1793 615 psum

200 650 327 691 esse
366 637 633 692 medicum
670 638 998 693 subobscure
1026 638 1351 693 declarasset
1387 656 1401 691 :
1445 648 1569 692 tunc
1610 638 1746 695 dixit
1776 681 1790 706 ,

211 726 436 793 Euittes,
466 729 642 787 discite
680 729 803 797 quid
840 738 946 793 est,
985 729 1387 785 Misericordiam
1430 731 1573 798 volo,
1605 741 1653 784 et
1691 746 1793 785 non

205 820 533 888 sacriﬁcium.
556 821 668 876 Hoc
689 831 743 875 et
772 820 963 875 Paulus
985 820 1128 876 facit.
1152 821 1332 876 Primo
1349 823 1491 876 enim
1512 838 1541 876 a
1559 837 1792 876 comnm-

206 911 361 965 nibus
404 913 661 982 exemplis
693 913 771 968 sic
794 928 987 968 orsus:
1021 914 1147 979 Quis
1188 914 1346 983 pascit
1380 930 1607 984 gregem,
1647 923 1692 968 et
1727 931 1791 969 ea:

204 1003 330 1057 lacte
354 1005 465 1075 ejus
491 1021 591 1058 non
617 1006 830 1059 comedit
861 1005 936 1078 (i.
963 1006 1082 1062 Cor.
1109 1006 1162 1061 9.
1196 1008 1287 1074 7)?
1318 1017 1441 1079 tunc
1483 1008 1788 1077 Scripturas

202 1094 439 1161 inducit,
470 1105 526 1150 et
547 1096 622 1151 ait
649 1114 663 1150 :
694 1096 760 1151 In
787 1100 895 1170 lege
922 1115 1136 1170 namque
1173 1098 1366 1169 Moysis
1404 1100 1650 1168 scriptum
1674 1110 1747 1154 est
1767 1142 1783 1165 ,

202 1185 322 1241 Non
349 1189 585 1260 alligabis
607 1207 661 1244 os
686 1191 796 1244 bovi
817 1192 1069 1245 triturantt'
1095 1189 1254 1264 (Ibid.
1274 1193 1381 1248 v.9.
1408 1191 1562 1245 Deut.
1587 1192 1676 1246 25.
1702 1192 1782 1262 4);

197 1292 260 1332 ac
278 1294 493 1334 rursum
515 1321 531 1347 ,
559 1281 649 1336 Sic
683 1280 933 1335 Dominus
956 1284 1246 1350 constituit,
1275 1295 1329 1336 ut
1354 1284 1440 1353 qui
1471 1276 1784 1354 euangelium

196 1373 535 1439 annuntiant,
581 1389 644 1427 ea:
688 1375 947 1446 evangelio
993 1377 1159 1430 vivant
1204 1376 1422 1445 (LCor.
1463 1376 1516 1432 9.
1559 1378 1669 1448 14).
1698 1378 1781 1432 Ad

195 1465 484 1534 discipulos
512 1475 691 1522 autem
713 1483 820 1523 non
845 1468 923 1524 sic
946 1486 962 1536 ;
988 1469 1083 1525 sed
1104 1470 1253 1540 signa
1278 1485 1373 1525 sua
1394 1472 1445 1525 in
1470 1472 1781 1528 memoriam

196 1557 403 1612 reducit
431 1558 534 1614 hoc
560 1570 713 1629 pacto
743 1579 757 1615 :
789 1560 913 1615 Non
941 1563 1237 1617 meministis
1266 1564 1482 1634 quinque
1500 1580 1712 1634 panum,
1736 1576 1782 1619 et

193 1651 453 1705 hominum
484 1654 702 1723 quinque
731 1654 981 1723 millium,
1013 1666 1060 1711 et
1086 1667 1205 1727 quot
1246 1658 1489 1728 cophinos
1509 1659 1781 1730 collegistis

192 1741 402 1812 (Matth.
436 1743 522 1799 ιθ.
551 1746 649 1814 9)?

262 1834 319 1888 5.
360 1833 467 1889 Sed
515 1851 620 1890 non
671 1836 742 1892 ita
793 1852 855 1894 se
898 1838 1037 1909 gerit
1070 1854 1192 1894 cum
1229 1840 1380 1908 istis;
1412 1857 1597 1899 verum
1625 1859 1777 1900 eom-

189 1940 405 1981 mnnem
427 1928 788 1985 inﬁrmitatem
818 1941 1233 2001 commemorat,
1274 1934 1611 2016 ostenditque
1637 1936 1779 2008 ipsos

187 2018 346 2072 etiam
377 2036 442 2074 ex
475 2020 802 2076 infirmorum
825 2038 1048 2078 numero
1071 2040 1218 2091 esse,
1243 2027 1329 2095 qui
1360 2042 1459 2081 nec
1479 2026 1778 2098 Scripturas

187 2109 427 2163 sciebant
463 2151 479 2177 ,
526 2122 579 2165 et
633 2127 846 2168 onmem
883 2114 1132 2169 virtutem
1185 2117 1553 2188 negligentes.
1600 2120 1653 2174 in
1690 2136 1775 2175 sa-

186 2202 400 2256 criﬁciis
464 2212 632 2260 totum
699 2208 1095 2262 constituebant
1149 2226 1163 2262 :
1221 2210 1363 2279 quod
1430 2211 1777 2268 subindicans

187 2292 302 2362 ipse
326 2334 341 2359 ,
374 2294 427 2349 id
473 2297 613 2365 quod
654 2311 685 2351 a
731 2299 1004 2368 prophetis
1042 2302 1290 2357 omnibus
1321 2303 1517 2357 dictum
1564 2304 1774 2372 fuerat,

186 2386 369 2454 paucis
397 2387 563 2443 refert
593 2388 777 2444 dicens
807 2408 822 2445 :
850 2389 1043 2445 Discite
1064 2394 1187 2463 quid
1223 2404 1295 2448 est
1317 2435 1332 2457 ,
1376 2395 1776 2452 Misericordiam

188 2478 323 2547 volo,
352 2488 401 2532 et
426 2496 526 2533 non
546 2482 856 2550 sacri/icium
882 2483 1037 2553 (Osee
1060 2484 1113 2540 6.
1139 2485 1217 2554 6).
1237 2486 1332 2543 His
1352 2490 1494 2543 enim
1521 2490 1771 2557 ostendit,

186 2586 291 2626 non
322 2586 384 2627 se
411 2572 591 2643 inique
618 2589 802 2646 agere,
825 2576 920 2632 sed
946 2578 1120 2647 ipsos;
1143 2595 1207 2635 ac
1233 2584 1277 2636 si
1307 2582 1531 2651 diceret,
1551 2585 1661 2639 Cur
1686 2601 1777 2641 ac-

183 2664 385 2719 cusatis
412 2667 534 2721 me?
558 2682 624 2721 an
650 2668 775 2738 quia
801 2681 1111 2739 peccatores
1136 2675 1403 2731 emendo?
1428 2677 1570 2749 Ergo
1597 2688 1652 2734 et
1672 2679 1773 2735 Pa-

185 2766 321 2810 trem
370 2772 549 2812 meum
596 2759 698 2815 bac
740 2760 808 2816 de
850 2777 910 2817 re
953 2764 1291 2821 accusabitis.
1336 2766 1490 2835 Quod
1540 2779 1597 2825 et
1645 2771 1770 2826 alibi

182 2846 372 2903 eadem
399 2858 578 2905 mente
615 2852 825 2908 dicebat
848 2872 861 2907 :
892 2853 1046 2909 Pater
1073 2873 1211 2912 meus
1236 2875 1394 2931 usque
1418 2862 1568 2917 modo
1592 2880 1772 2934 Opera-

184 2948 288 3004 tur,
334 2951 385 2994 et
437 2958 529 3013 ego
580 2961 762 3013 operor
807 2945 992 3017 (Joan.
1042 2946 1099 3002 5.
1152 2951 1278 3023 i7);
1325 2963 1380 3008 et
1404 2953 1492 3009 hic
1518 2970 1770 3014 rursum:

182 3026 379 3083 Euntes
407 3031 583 3086 discito
604 3035 727 3101 quid
749 3046 822 3091 est
840 3077 858 3103 ,
890 3037 1292 3095 Misericordiam
1319 3042 1430 3097 volo
1449 3085 1464 3109 ,
1492 3055 1539 3099 et
1565 3062 1668 3101 non
1691 3063 1774 3101 sa-

184 3121 461 3189 criﬁcium.
493 3123 954 3191 Quemadmodum
982 3132 1127 3187 enim
1156 3133 1258 3190 hoc
1287 3135 1374 3189 ille
1403 3137 1552 3203 vult,
1598 3140 1677 3193 sic
1716 3151 1773 3194 et

182 3226 301 3284 ego.
338 3213 528 3270 Viden’
557 3220 825 3287 quomodo
846 3221 933 3277 illa
961 3223 1174 3293 quidem
1201 3227 1468 3296 superﬂua
1504 3231 1632 3295 sint,
1657 3229 1773 3287 bare

178 3323 310 3362 vero
353 3312 696 3367 necessaria?
740 3314 926 3385 Neque
965 3317 1108 3372 enim
1152 3317 1319 3387 dixit,
1351 3321 1769 3379 Misericordiam

179 3402 301 3455 volo
325 3412 381 3457 et
399 3403 721 3460 sacrificium
746 3424 763 3473 ;
792 3408 887 3465 sed
908 3447 924 3473 ,
956 3408 1361 3467 Misericordiam
1398 3416 1512 3469 volo
1534 3456 1550 3482 ,
1593 3428 1639 3471 et
1667 3434 1767 3473 non

176 3495 510 3562 sacriﬁcium.
554 3496 795 3554 Alterum
827 3500 970 3555 enim
1002 3504 1403 3571 comprobavit,
1432 3506 1657 3563 alterum
1686 3525 1771 3565 re-

179 3586 468 3653 probavit;
517 3588 1011 3663 demonstravitque
1052 3593 1106 3649 id
1161 3596 1305 3666 quod
1352 3598 1772 3656 criminabantur

176 3692 283 3731 non
316 3678 480 3733 modo
509 3696 617 3734 non
656 3671 877 3738 vetitum
902 3726 919 3751 ,
969 3685 1064 3741 sed
1112 3688 1270 3742 etiam
1303 3689 1418 3760 lege
1448 3702 1771 3762 praeceptum

174 3785 316 3835 esse,
367 3774 539 3842 magis
587 3791 748 3844 quam
785 3779 1048 3834 sacrificia
1082 3798 1096 3833 :
1127 3780 1403 3853 ipsamque
1455 3785 1627 3857 legem
1672 3803 1768 3843 ve-

175 3871 347 3918 terem
392 3864 597 3921 inducit
627 3867 708 3923 his
742 3883 979 3926 consona
1020 3873 1327 3944 loquentem
1358 3885 1413 3931 et
1456 3880 1771 3950 praecipien—

173 3963 303 4009 tem.
363 3956 491 4012 Illos
535 3957 713 4029 itaque
770 3964 1135 4036 perstringens
1178 3975 1232 4021 et
1279 3984 1345 4023 ex
1391 3974 1768 4029 communibus

174 4051 464 4119 exemplis,
495 4060 550 4106 ct
580 4069 645 4108 ex
668 4054 977 4125 Scripturis,
1001 4059 1184 4128 adjicit
1215 4079 1229 4114 :
1278 4062 1401 4117 Non
1442 4067 1553 4120 veni
1592 4084 1771 4123 vocare

172 4142 355 4210 iustos,
387 4146 481 4200 sed
508 4157 793 4215 peccatores
814 4150 884 4203 ad
913 4152 1276 4219 penitentiam.
1321 4157 1375 4211 Id
1415 4174 1541 4213 vero
1566 4160 1768 4217 ironice

173 4236 437 4305 loquitur,
484 4250 539 4292 ut
578 4254 698 4294 cum
744 4241 873 4296 dicit
904 4262 917 4297 :
948 4242 1084 4298 Ecce
1126 4246 1289 4300 Adam
1321 4251 1485 4318 factus
1526 4261 1600 4305 est
1637 4253 1766 4307 sicut

174 4344 305 4383 unus
335 4346 401 4385 ea:
428 4331 572 4385 nobis
593 4331 746 4400 (Gen.
773 4335 823 4389 5.
851 4334 967 4403 22);
1008 4351 1072 4391 ac
1108 4353 1316 4393 rursum
1339 4381 1355 4404 ,
1402 4340 1464 4397 Si
1510 4344 1763 4409 esuriero,

173 4436 274 4479 non
300 4421 474 4474 dicant
499 4423 589 4476 tibi
614 4423 784 4495 (Psal.
808 4426 899 4481 49.
930 4428 1044 4499 12).
1070 4430 1220 4496 Quod
1251 4432 1392 4486 enim
1423 4436 1601 4490 nullus
1625 4448 1770 4493 esset

171 4511 352 4582 justus
381 4516 434 4569 in
469 4524 606 4572 terra
625 4559 642 4582 ,
678 4519 874 4576 Paulus
898 4522 1191 4578 declaravit
1222 4526 1302 4579 his
1332 4529 1510 4584 verbis
1539 4548 1552 4583 :
1580 4530 1767 4586 Omnes

172 4608 307 4660 enim
328 4620 662 4678 peccaverunt
679 4652 695 4678 ,
718 4623 765 4665 et
791 4624 934 4684 egent
962 4616 1126 4686 gloria
1154 4617 1247 4672 Dei
1275 4620 1448 4689 (Rom.
1480 4623 1532 4676 3.
1564 4623 1677 4694 25).
1713 4623 1765 4679 Id

171 4701 333 4755 etiam
377 4702 458 4757 eis
497 4704 588 4772 qui
622 4705 793 4759 vocati
823 4716 948 4761 sunt
991 4711 1342 4765 consolationi
1373 4722 1507 4767 erat.
1536 4715 1765 4771 Tantum

173 4795 370 4861 abest,
405 4796 612 4866 inquit,
644 4807 701 4852 ut
730 4810 1042 4869 peccatores
1084 4803 1463 4861 abominationi
1495 4807 1720 4864 habeam
1748 4852 1762 4873 ,

174 4896 230 4940 ut
254 4887 421 4942 etiam
449 4900 669 4961 propter
692 4890 816 4947 illos
847 4902 1049 4948 tantum
1079 4896 1411 4951 advenerim.
1445 4900 1662 4967 Deinde,
1696 4920 1764 4959 ne

173 4979 293 5034 illos
340 4981 568 5049 supinos
606 4981 882 5046 redderet,
920 5000 1042 5039 cum
1076 4995 1382 5055 peccatores
1409 4994 1765 5060 memoravit,

173 5087 277 5125 non
295 5073 408 5143 jam
433 5073 617 5139 tacuit,
646 5074 741 5130 sed
765 5076 978 5145 adjecit,
997 5078 1079 5132 Ad
1099 5081 1458 5148 pmnitentiam.
1488 5084 1602 5139 Non
1618 5088 1762 5142 enim

173 5164 295 5221 ideo
328 5168 525 5222 adveni
562 5178 621 5224 ut
666 5171 739 5224 illi
769 5182 1077 5242 peccatores
1103 5186 1400 5242 manerent,
1435 5178 1527 5232 sed
1557 5188 1613 5233 ut
1643 5196 1763 5235 mu-

173 5267 416 5314 tarentur
440 5270 496 5314 et
528 5262 780 5318 meliores
808 5264 1117 5321 evaderent.
1149 5266 1280 5322 Cum
1324 5280 1500 5325 autem
1550 5273 1761 5328 illorum

168 5363 262 5404 ora
296 5367 519 5421 prorsus
546 5356 844 5423 clausisset,
860 5368 971 5413 tum
999 5375 1066 5415 ex
1089 5360 1398 5432 Scripturis,
1416 5374 1525 5419 tum
1555 5382 1619 5421 ex
1648 5368 1763 5436 ipsa

170 5461 349 5502 rerttm
372 5449 546 5516 serie,
579 5458 634 5505 et
662 5451 796 5507 nihil
832 5454 966 5507 ultra
994 5453 1175 5510 dicere
1200 5467 1453 5526 possent,
1481 5459 1622 5529 quod
1661 5447 1762 5530 ipsi

168 5544 231 5599 iis
242 5543 562 5598 criminibus
578 5546 789 5601 obnoxii
803 5548 1173 5618 probarentur,
1189 5567 1307 5622 quae
1323 5554 1425 5623 ipsi
1438 5553 1761 5623 obtulerant,

168 5635 500 5709 inSnpcrque
528 5638 629 5708 legi
662 5650 828 5695 veteri
852 5640 1218 5710 adversantes,
1265 5644 1358 5698 illo
1384 5645 1570 5711 misso,
1603 5648 1654 5701 in
1682 5647 1765 5701 di-

172 5728 407 5799 scipulos
433 5731 640 5787 crimen
665 5732 1009 5790 transferunt.
1033 5734 1202 5791 Lucas
1220 5735 1371 5807 (Cap.
1392 5737 1443 5792 5.
1463 5753 1513 5793 υ.
1532 5738 1622 5812 53)
1640 5741 1757 5811 qui-

1908 454 2064 521 pulo's'
2084 455 2304 513 Joannis
2337 478 2350 513 :
2382 462 2671 518 verisimile
2722 476 2901 522 autem
2948 481 3030 525 est
3075 474 3187 531 haec
3235 488 3489 553 utrosque

1905 545 2124 603 dixisse.
2156 550 2288 606 Cum
2330 554 2471 609 enim
2500 556 2574 611 illi
2618 558 2670 612 in
2696 558 2858 616 dubio
2885 578 3225 625 versarentur
3247 613 3262 635 ,
3296 545 3483 630 veri-si-

1900 640 2095 694 militer
2140 652 2192 696 et
2240 644 2360 700 illos
2408 661 2589 703 secum
2636 666 3062 723 assumpserunt,
3103 662 3243 729 quod
3284 676 3482 723 etcum

1898 730 2209 789 llerodianis
2239 746 2423 805 postea
2450 738 2707 797 fecerunt.
2756 744 3067 803 invidebant
3094 752 3237 806 cnim
3265 770 3482 827 semper

1894 822 2108 879 Christo
2134 825 2355 884 Joannis
2372 831 2637 902 discipuli,
2661 844 2716 890 et
2737 847 2920 892 contra
2944 840 3091 896 illum
3115 822 3481 916 disputabant;

1896 930 2021 977 tunc
2049 923 2265 981 demum
2297 926 2608 985 humiliores
2635 932 2833 997 eﬂ‘ecti,
2867 951 2988 991 cum
3016 937 3252 996 Joannes
3280 944 3332 998 in
3359 960 3480 999 car-

1891 1029 2069 1070 cerem
2104 1027 2282 1075 trusus
2323 1031 2425 1076 est.
2467 1023 2600 1078 Nam
2649 1033 2774 1082 tunc
2804 1028 2856 1084 id
2889 1043 3152 1089 venerunt
3180 1039 3479 1096 nuntiatum

1890 1104 2017 1160 Jesu
2050 1107 2265 1165 Christo
2299 1128 2315 1166 :
2345 1122 2532 1182 postea
2559 1130 2688 1171 vero
2718 1118 2770 1172 in
2803 1119 3034 1188 priorem
3078 1140 3289 1182 rursum
3338 1130 3473 1186 invi-

1889 1198 2031 1253 diam
2049 1212 2171 1256 sunt
2192 1205 2415 1260 reversi.
2441 1206 2575 1273 Quid
2604 1210 2762 1279 igitur
2778 1210 2830 1265 bi
2849 1212 3064 1269 dicunt?
3080 1218 3164 1271 lxi.
3193 1218 3366 1285 Quare
3385 1241 3478 1279 nos

1889 1300 1935 1345 et
1962 1288 2211 1348 Pharistei
2240 1297 2456 1350 multum
2471 1300 2767 1369 jejunamns
2803 1318 2822 1356 :
2863 1304 3101 1375 discipuli
3130 1326 3244 1365 vero
3274 1312 3345 1365 tui
3377 1330 3479 1369 non

1878 1384 2157 1455 jejunant?
2178 1387 2275 1441 Hie
2300 1389 2519 1445 morbus
2549 1402 2650 1458 est,
2666 1410 2825 1463 quem
2846 1396 2973 1451 olim
2997 1399 3298 1467 absciderat
3318 1403 3475 1459 Chri-

1885 1481 2000 1529 stus
2014 1490 2135 1530 cum
2147 1477 2251 1531 ait:
2268 1476 2390 1532 Cum
2391 1480 2723 1551 jejunaveris,
2740 1501 2869 1556 unge
2883 1498 3036 1558 caput
3049 1500 3210 1557 tuum,
3227 1504 3272 1546 et
3290 1496 3475 1563 faciem

1887 1573 2024 1618 tuam
2051 1568 2163 1620 lava
2193 1567 2406 1637 (Matth.
2439 1572 2491 1626 6.
2527 1574 2647 1643 t7);
2678 1589 2797 1629 cum
2826 1581 3098 1646 priesciret
3121 1597 3183 1636 ea
3204 1598 3322 1652 quae
3349 1585 3473 1641 inde

1886 1658 2152 1714 nascitur:
2175 1671 2328 1716 erant
2351 1663 2509 1718 mala.
2536 1664 2639 1718 Sed
2666 1665 2763 1720 bos
2782 1668 2867 1722 ille
2889 1686 2994 1723 non
3022 1672 3279 1742 increpat,
3301 1692 3475 1747 neque

1884 1750 2017 1805 dixit
2037 1750 2113 1807 :0
2128 1768 2276 1809 vana
2290 1755 2473 1825 gloria:
2489 1757 2688 1824 cupidi,
2710 1769 2759 1812 et
2778 1760 2950 1815 futiles
2964 1762 3225 1819 homines!
3241 1768 3333 1821 sed
3350 1784 3471 1823 eum

1883 1844 2028 1897 omni
2043 1846 2453 1900 mansuetudine
2468 1848 2612 1917 ipsos
2625 1850 3121 1920 alloquitnrdicens.
3142 1856 3351 1912 l3.Non
3366 1878 3474 1930 pos-

1883 1946 2000 1989 sunt
2017 1937 2113 2005 ﬁlii
2128 1938 2303 2008 sponsi
2308 1940 2567 2010 jejunare,
2592 1942 2831 2011 quamdiu
2858 1960 2973 1998 cum
2994 1945 3095 1999 illis
3115 1957 3185 2001 est
3211 1965 3446 2017 sponsus.

1883 2026 2108 2095 Quando
2126 2030 2265 2084 enim
2282 2046 2376 2100 pro
2393 2032 2512 2086 aliis
2529 2033 2866 2103 loquebatur,
2890 2052 2985 2105 pro
3009 2039 3304 2106 publicanis
3325 2057 3473 2097 nem-

1883 2135 1969 2190 pe,
2024 2130 2084 2176 ut
2115 2137 2301 2178 eorum
2336 2125 2545 2180 animos
2594 2126 2903 2184 vulneratos
2954 2130 3239 2196 solaretur,
3274 2149 3469 2204 expro-

1882 2211 2099 2268 brantes
2146 2214 2519 2271 vehementius
2570 2217 2897 2289 increpavit:
2925 2235 3045 2275 cum
3088 2232 3266 2278 autem
3298 2225 3471 2295 ipsum

1881 2311 1937 2357 ct
1958 2303 2247 2373 discipulos
2275 2305 2588 2374 carpebant,
2617 2323 2737 2362 cum
2766 2310 2910 2363 omni
2939 2314 3346 2369 mansuetudine
3375 2330 3472 2370 oc-

1881 2393 2045 2448 currit
2074 2394 2223 2464 ipsis.
2256 2396 2407 2462 Quod
2436 2405 2610 2452 autem
2653 2398 2836 2454 dicunt
2864 2400 2976 2467 illi,
3010 2400 3314 2472 hnjusmodi
3342 2418 3423 2461 est
3454 2425 3467 2460 :

1881 2489 2031 2555 Esto,
2058 2500 2111 2545 tu
2140 2499 2320 2561 utpote
2345 2491 2581 2547 medicus
2611 2492 2713 2547 hoc
2742 2493 2906 2548 facias
2936 2509 2950 2546 :
2981 2494 3075 2550 sed
3097 2510 3192 2550 cur
3228 2497 3471 2569 discipuli

1881 2581 1979 2647 tui,
2032 2581 2199 2637 misso
2251 2581 2479 2653 jejunio,
2528 2582 2831 2652 ltujusmodi
2877 2586 3077 2640 mensis
3112 2589 3472 2645 accumbunt?

1882 2671 2085 2727 Deinde
2107 2682 2163 2727 ut
2183 2673 2441 2743 majorem
2463 2675 2859 2731 accusationem
2887 2675 3156 2743 facerent,
3189 2694 3248 2735 se
3270 2681 3470 2750 primos

1879 2775 2103 2834 ponunt,
2126 2773 2418 2836 posteaque
2445 2766 2766 2833 Pbariswos,
2794 2774 3195 2839 comparatione
3224 2775 3466 2830 volentes

1878 2860 2083 2914 crimen
2112 2874 2348 2928 augere;
2390 2875 2511 2913 nam
2558 2858 2627 2912 Et
2674 2877 2784 2925 nos,
2822 2861 3081 2931 inquiunt,
3125 2874 3171 2917 et
3217 2863 3468 2922 Pharisaei

1877 2951 2091 3005 multum
2135 2952 2449 3022 jejunamus.
2492 2950 2623 3005 Nam
2675 2952 3012 3021 jcjttnabant,
3058 2955 3131 3008 illi
3188 2970 3217 3008 a
3263 2957 3468 3014 Joanne

1876 3041 2073 3108 edocti,
2096 3042 2287 3098 hivero
2313 3058 2343 3097 a
2369 3043 2519 3113 lege;
2543 3043 2991 3113 quemadmodum
3023 3045 3147 3100 item
3168 3047 3470 3105 Phariszeus

1876 3135 2088 3191 diecbat
2117 3152 2136 3191 :
2165 3136 2353 3207 Jejuno
2400 3137 2474 3191 bis
2522 3137 2574 3190 in
2618 3136 2954 3193 hebdomada.
2986 3139 3123 3206 Quid
3154 3142 3313 3212 igitur
3338 3143 3468 3199 dicit

1875 3226 2073 3283 Jesus?
2102 3226 2247 3280 Num
2303 3237 2512 3298 possunt
2560 3228 2659 3296 ﬁlii
2707 3230 2883 3297 sponsi
2919 3230 3180 3301 jejunare,
3225 3236 3467 3303 quamdiu

1876 3338 1991 3375 cum
2017 3321 2119 3375 illis
2157 3330 2231 3375 est
2270 3323 2529 3392 sponsus(
2561 3321 2690 3376 Luc.
2718 3324 2804 3378 18.
2836 3324 2905 3378 12
2932 3323 2989 3394 )'?
3031 3324 3211 3380 Primo
3253 3328 3466 3397 quidem

1876 3428 1997 3470 sese
2025 3414 2289 3469 medicum
2313 3416 2537 3481 vocavit,
2563 3414 2648 3469 hic
2671 3431 2797 3471 vero
2818 3432 3095 3486 sponsum,
3117 3428 3323 3475 secreta
3351 3437 3466 3493 my-

1874 3511 2037 3566 steria
2064 3525 2161 3579 per
2191 3508 2306 3565 haec
2344 3510 2559 3564 nomina
2590 3509 2837 3564 revelatis
2866 3526 3225 3581 :quamquam
3255 3523 3464 3582 poterat

1876 3604 1998 3659 illos
2020 3603 2198 3658 acrius
2226 3602 2470 3657 refellere
2502 3588 2687 3658 dicens
2717 3619 2732 3656 :
2767 3602 2874 3659 Vos
2903 3620 3010 3657 non
3053 3605 3259 3661 habetis
3283 3616 3465 3661 ancte-

1873 3699 2087 3753 ritatem
2117 3694 2421 3766 hujusmodi
2449 3696 2596 3766 leges
2625 3696 2857 3766 ponendi
2888 3715 2902 3752 :
2927 3712 3047 3768 quae
3083 3699 3225 3755 enim
3262 3700 3464 3755 utilitas

1873 3804 1939 3845 ex
1962 3788 2187 3859 jejunio,
2214 3786 2427 3858 quando
2452 3788 2628 3841 anima
2654 3786 2927 3858 iniquitate
2951 3788 3106 3858 plena
3123 3799 3224 3858 est,
3246 3804 3368 3847 cum
3396 3792 3464 3848 de

1874 3880 1993 3934 aliis
2022 3879 2370 3945 accusamini,
2400 3894 2521 3935 eum
2567 3878 2891 3934 damnamini
2911 3921 2927 3948 ,
2955 3895 3076 3936 cum
3109 3882 3285 3937 trabes
3312 3882 3465 3939 fertis

1873 3973 1926 4028 in
1949 3973 2141 4040 oculis,
2187 3982 2241 4027 et
2287 3972 2359 4039 ad
2402 3973 2820 4045 ostentationem
2865 3974 3044 4028 omnia
3089 3973 3464 4033 facitis‘tAnte

1873 4066 1992 4122 haec
2016 4067 2157 4122 enim
2187 4065 2367 4120 omnia
2398 4080 2588 4119 vanam
2614 4064 2839 4135 gloriam
2889 4065 3083 4134 ejicere
3120 4074 3459 4137 oportuerat,

1873 4168 2035 4231 atque
2063 4161 2167 4215 alia
2198 4160 2376 4214 omnia
2398 4169 2543 4215 recte
2565 4160 2799 4229 operari,
2825 4161 3125 4224 caritatem.
3151 4173 3459 4217 mansuetu-

1875 4249 2078 4315 dinem,
2106 4250 2327 4305 fratrum
2356 4265 2617 4305 amorem.
2654 4250 2848 4305 Verum
2892 4251 3019 4321 nihil
3070 4252 3261 4307 borum
3308 4254 3459 4322 dicit,

1874 4343 1968 4399 sed
1989 4359 2109 4398 cum
2137 4343 2281 4397 omni
2312 4343 2721 4399 mansuetudine
2751 4360 2764 4396 :
2799 4342 2920 4397 Non
2946 4354 3153 4414 possunt
3166 4346 3263 4414 ﬁlii
3287 4349 3459 4415 sponsi

1863 4438 2118 4509 jejunare,
2143 4438 2386 4507 quamdiu
2411 4453 2528 4490 cum
2552 4437 2622 4491 eis
2647 4445 2719 4491 est
2744 4453 2960 4508 sponsus
2983 4437 3002 4509 (
3024 4438 3182 4494 Joan.
3214 4438 3267 4493 5.
3297 4438 3402 4509 29)
3442 4458 3455 4494 :

1872 4531 2034 4587 verba
2060 4530 2283 4587 Joannis
2314 4544 2621 4583 memorans
2648 4529 2871 4585 isthmc:
2909 4530 3007 4596 Qui
3045 4530 3191 4585 habet
3222 4548 3459 4602 sponsam

1871 4639 2087 4692 sponsus
2107 4630 2180 4677 est
2207 4636 2230 4675 :
2257 4621 2450 4675 amicus
2475 4630 2645 4691 autem.
2667 4621 2874 4690 sponsi,
2907 4630 2979 4675 est
3017 4622 3105 4691 qui
3128 4632 3230 4677 stat
3248 4638 3269 4679 :
3296 4633 3343 4677 et
3362 4642 3457 4678 au~

1872 4716 2014 4771 diens
2033 4732 2167 4783 eum,
2195 4713 2384 4786 gaudio
2431 4714 2618 4785 gaudet
2646 4723 2848 4783 propter
2878 4731 3048 4769 vocem
3085 4717 3278 4785 sponsi.
3307 4718 3457 4784 Quod

1873 4819 2049 4864 autem
2081 4809 2231 4875 dicit,
2265 4808 2568 4878 ltujusmodi
2599 4818 2681 4864 est
2714 4825 2728 4862 :
2760 4808 3008 4866 Prtesens
3039 4818 3252 4880 tempus
3279 4811 3455 4883 gaudii

1871 4914 1927 4959 et
1951 4904 2147 4959 laetitia:
2176 4911 2277 4960 est.
2306 4902 2385 4959 Ne
2402 4901 2583 4973 itaque
2610 4901 2776 4957 tristia
2795 4901 3035 4958 inducas.
3056 4902 3248 4958 Tristis
3263 4904 3457 4972 quippe

1873 5010 1961 5051 res
1988 5004 2071 5051 est
2086 4994 2373 5065 jejunium,
2407 5010 2513 5049 non
2543 5003 2733 5049 natura
2758 5009 2874 5060 sua,
2896 4994 2990 5047 sed
3019 4993 3342 5048 illistantum
3365 4996 3453 5063 qui

1871 5088 2133 5144 infirmius
2152 5088 2325 5143 allecti
2360 5095 2517 5153 sunt;
2553 5095 2607 5141 at
2632 5087 2696 5143 iis
2724 5086 2813 5156 qui
2842 5085 3204 5154 philosophari
3230 5086 3452 5152 volunt,

1872 5198 1958 5238 res
1986 5181 2274 5237 admodum
2316 5180 2485 5237 dulcis
2524 5188 2607 5234 est
2645 5188 2701 5234 et
2741 5178 3130 5234 desiderabilis.
3176 5178 3452 5247 Quemad-

1870 5275 2086 5331 modum
2110 5275 2256 5331 enim
2280 5288 2505 5343 corpore
2528 5272 2665 5327 bene
2684 5271 2914 5348 valente,
2944 5270 3110 5327 multa
3131 5271 3313 5328 laetitia
3337 5282 3449 5330 est:

1869 5369 1948 5424 sic
1972 5367 2148 5422 anima
2179 5367 2315 5421 bene
2337 5365 2522 5419 affecta
2544 5406 2559 5430 ,
2598 5363 2768 5432 major
2798 5371 2882 5418 est
2933 5362 3196 5431 voluptas.
3236 5364 3341 5421 Sed
3384 5367 3451 5422 ad

1869 5461 2081 5516 illorum
2109 5467 2343 5514 mentem
2376 5457 2490 5512 bare
2519 5456 2817 5525 respondit.
2849 5455 2939 5511 Sic
2959 5465 3013 5511 et
3034 5455 3195 5513 lsaias
3214 5457 3281 5514 de
3304 5458 3449 5529 jeju-

1870 5554 1960 5607 nio
1985 5554 2229 5621 loqnens,
2260 5549 2615 5605 humilitatem
2647 5547 2811 5602 animi
2839 5557 2993 5604 vocat
3021 5548 3151 5605 illud
3181 5550 3334 5623 (lsai.
3356 5552 3446 5608 58.

1864 5637 1923 5712 ὅ)
1954 5655 1969 5694 :
1996 5649 2050 5697 et
2078 5640 2289 5713 Moyses
2313 5637 2560 5696 similiter
2584 5635 2773 5711 (Num.
2803 5636 2893 5694 50.
2918 5638 3027 5709 lli).
