3900 6194
450 234 554 292 567

522 357 577 411 4.
618 354 799 424 Neque
821 352 947 407 hinc
976 358 1180 406 tantum
1214 349 1330 404 illos
1358 348 1601 417 reprimit
1645 346 1919 410 Dominus,
1942 334 2037 398 Sed

450 445 665 502 aliunde
688 444 852 500 etiam
878 443 962 498 his
986 442 1164 497 verbis
1197 458 1211 497 :
1251 439 1458 494 Veniant
1478 438 1584 493 dies
1600 478 1618 506 ,
1644 437 1877 507 quando.
1896 439 2040 505 aufe-

448 550 586 593 retur
604 538 667 591 ab
691 538 764 591 eis
787 551 1024 605 sponsus,
1050 541 1097 588 et
1112 532 1563 601 tuncjejunabunt.
1589 528 1680 583 llis
1692 528 1834 582 enim
1858 535 2039 580 osten-

448 634 529 686 dit
555 646 660 685 non
699 629 838 700 gula:
879 641 1038 683 causa
1072 640 1176 681 non
1208 624 1501 694 jejunasse,
1552 619 1648 676 sed
1706 635 1770 675 ex
1806 619 2034 689 quadam

448 723 849 794 dispensatione
888 719 1116 775 mirabili
1146 717 1339 774 :simnl
1372 731 1496 769 vero
1525 713 1593 769 de
1644 713 1894 784 passione
1939 727 2033 767 sua

447 816 691 886 quaedam
720 814 1033 884 pra-mittit,
1086 820 1143 868 et
1181 811 1286 866 illis
1330 807 1703 879 respondendo
1744 806 2034 876 discipulos

449 906 750 962 instituitet
780 903 1039 961 exercitat
1068 905 1120 958 in
1152 901 1496 957 meditatione
1523 913 1702 954 rerum
1744 913 1864 968 quae
1899 912 2032 951 one~

449 1015 587 1054 rosae
612 1009 666 1054 et
693 999 872 1054 tristes
894 1012 1016 1053 esse
1060 997 1400 1051 videbantur.
1444 992 1556 1048 Illis
1591 991 1733 1048 enim
1782 992 1883 1046 hoc
1920 990 2030 1061 jam

444 1094 627 1148 dicere
657 1092 941 1147 molestum
971 1089 1197 1154 fuisset,
1225 1085 1655 1157 quandoquidem
1686 1099 1806 1140 cum
1847 1092 2030 1152 postea

445 1184 647 1239 dictum
670 1182 775 1239 illis
802 1182 918 1248 fuit,
952 1182 1096 1251 ipsos
1134 1178 1473 1236 conturbavit
1503 1194 1517 1231 :
1547 1190 1667 1231 cum
1696 1183 1875 1231 autem
1912 1174 2031 1229 aliis

442 1276 730 1343 diceretur,
756 1275 934 1330 minus
958 1274 1059 1328 illis
1080 1276 1369 1329 Onerosum
1394 1280 1526 1326 erat.
1543 1270 1677 1339 Quia
1703 1284 1865 1341 porro
1891 1268 2032 1324 veri-

444 1368 625 1425 simile
649 1378 766 1425 erat
789 1368 911 1423 illos
939 1367 1008 1423 de
1047 1367 1295 1437 passione
1336 1364 1563 1421 Joannis
1611 1363 1777 1418 altum
1814 1379 2026 1433 sapere,

443 1463 586 1518 hunc
612 1465 849 1534 ipsorum
895 1470 1165 1516 tumorem
1212 1458 1337 1514 inde
1377 1458 1698 1514 sedat:nec
1731 1466 1912 1512 tamen
1960 1455 2028 1511 de

441 1556 839 1611 resurrectione
866 1568 1170 1609 sermonem
1198 1551 1426 1616 inducit;
1458 1550 1696 1605 nondum
1720 1549 1861 1605 enim
1896 1557 2029 1603 tem-

440 1663 539 1717 pus
564 1656 697 1702 erat.
735 1645 847 1701 lloc
876 1646 1072 1715 quippe
1093 1644 1385 1699 secundum
1413 1651 1655 1696 naturam
1690 1651 1839 1706 erat,
1883 1640 2025 1711 quod

441 1739 601 1794 homo
640 1753 762 1792 cum
808 1747 1102 1807 putaretur,
1154 1735 1443 1792 moriturus
1489 1745 1669 1800 esset;
1726 1734 1853 1791 illud
1898 1748 2026 1789 vero

436 1844 594 1898 supra
622 1839 887 1883 naturam.
922 1827 1123 1882 Deinde
1152 1827 1205 1881 id
1232 1827 1370 1896 quod
1399 1837 1523 1880 ante
1551 1824 1768 1892 fecerat,
1794 1826 1881 1881 hic
1894 1842 2025 1896 quo-

434 1936 540 1990 que
566 1920 706 1974 facit.
740 1918 1358 1988 Quemadmodumemm
1402 1934 1522 1972 cum
1551 1929 1876 1973 conarentur
1901 1935 2021 1973 eum

434 2009 646 2063 crimini
674 2008 967 2064 obnoxium
995 2009 1303 2074 ostendere,
1336 2008 1478 2077 quod
1505 2024 1627 2064 cum
1652 2009 2023 2079 peccatoribus

433 2098 760 2165 eomederet,
788 2099 1115 2154 contrarium
1166 2099 1260 2154 ille
1300 2100 1565 2170 probavit,
1605 2100 1657 2154 id
1683 2115 1877 2170 nempe
1913 2115 2023 2155 non

432 2191 634 2247 crimen
663 2204 816 2257 esse,
847 2190 942 2246 sed
978 2189 1341 2246 laudandum:
1371 2190 1449 2246 sic
1489 2199 1544 2246 et
1594 2190 1696 2246 hoc
1738 2190 1857 2247 loco
1896 2205 2020 2246 cum

431 2285 620 2339 volunt
646 2284 894 2354 probare,
927 2284 1099 2353 ipsum
1123 2298 1229 2338 non
1259 2285 1334 2337 uti
1377 2299 1472 2354 par
1506 2293 1589 2339 est
1617 2284 1907 2355 discipulos
1934 2283 2018 2339 in-

428 2379 672 2445 stituere,
704 2376 940 2433 ostendit
962 2392 1058 2433 eos
1076 2378 1167 2449 qui
1198 2378 1325 2434 illud
1348 2379 1607 2445 dicerent,
1642 2380 1888 2450 ignorare
1912 2396 2021 2452 quo

429 2477 586 2539 pacto
614 2468 966 2525 sectatoribus
997 2469 1249 2525 utendum
1280 2480 1461 2538 esset,
1506 2473 1601 2528 sed
1633 2481 1832 2528 temere
1855 2488 2017 2528 accu-

426 2579 548 2617 sare
578 2578 590 2613 :
628 2561 712 2617 16.
746 2559 938 2616 Nullus
963 2563 1118 2630 enim,
1162 2563 1352 2634 inquit,
1386 2565 1607 2619 immittit
1634 2567 2017 2621 commissuram

426 2653 586 2721 panni
610 2653 726 2707 novi
752 2654 806 2707 in
825 2654 1166 2709 vestimentum
1185 2666 1341 2708 vetus.
1359 2654 1563 2710 Rursus
1587 2672 1618 2710 a
1642 2658 2016 2713 communibus

424 2743 685 2814 exemplis
705 2758 1011 2800 sermonem
1040 2745 1346 2800 concinnat.
1365 2749 1518 2812 Quod
1540 2757 1718 2802 autem
1740 2748 1889 2814 dicit,
1911 2749 2016 2803 hu-

423 2835 656 2907 jusmodi
681 2844 805 2891 est:
837 2835 1083 2891 Nondum
1125 2836 1292 2903 fortes
1336 2848 1461 2892 sunt
1498 2838 1765 2909 discipuli,
1795 2841 1888 2895 sed
1916 2840 2014 2895 ad-

424 2926 529 2981 huc
579 2927 747 2982 multa
808 2938 966 2998 egent
1032 2928 1357 2999 indulgentia
1390 2930 1666 2984 :nondum
1710 2933 1853 2986 enim
1915 2948 2014 3001 per

422 3019 678 3089 Spiritum
707 3019 946 3075 renovati
966 3030 1110 3074 sunt.
1131 3020 1220 3077 Sic
1245 3030 1423 3075 autem
1445 3022 1651 3078 affectis
1671 3039 1775 3079 non
1800 3034 2013 3094 oportet

422 3110 602 3179 gravia
650 3119 1037 3180 praeceptorum
1091 3126 1255 3167 onera
1305 3113 1598 3183 imponere.
1654 3114 1783 3171 ﬂzec
1830 3126 2008 3171 autem

421 3201 652 3268 diccbat,
684 3202 829 3272 leges
858 3212 913 3258 et
939 3202 1151 3275 regulas
1181 3203 1464 3275 imponens
1489 3206 1762 3276 discipulis
1791 3208 1924 3275 suis,
1953 3218 2010 3264 ut

420 3310 541 3349 cmn
571 3294 647 3350 illi
696 3295 749 3350 in
788 3282 1081 3367 discipulos
1113 3297 1418 3354 adscribent
1463 3314 1652 3357 omnes
1680 3302 1768 3372 qui
1796 3302 1847 3357 in
1876 3303 2009 3358 orbe

422 3395 684 3440 terrarum
724 3395 868 3451 sunt,
899 3402 1020 3443 cum
1051 3404 1243 3460 magna
1286 3390 1403 3445 illos
1439 3394 1845 3449 mansuetudine
1897 3403 2005 3449 tra-

418 3489 587 3537 ctent.
620 3481 706 3535 17.
741 3480 919 3553 Neque
958 3482 1233 3537 immittunt
1259 3486 1428 3539 vinum
1457 3501 1641 3541 novum
1666 3488 1719 3542 in
1749 3498 1885 3544 utres
1918 3504 2003 3542 tte-

418 3587 565 3632 teres.
597 3574 784 3631 Viden’
809 3577 1059 3649 exempla
1092 3579 1145 3633 in
1182 3580 1347 3634 veteri
1379 3581 1494 3650 lege
1524 3582 1816 3651 usurpata?
1844 3583 2005 3637 resti-

419 3678 680 3735 meutum,
707 3669 895 3724 utres?
931 3668 1194 3725 Jeremias
1222 3672 1473 3741 populqu
1508 3682 1658 3725 vocat
1711 3675 2001 3741 perizoma,

420 3762 656 3831 itemque
683 3770 830 3817 utres
862 3772 1126 3819 memorat
1167 3773 1329 3834 atque
1377 3765 1559 3820 vinum
1583 3767 1601 3837 (
1625 3765 1737 3821 Jer.
1791 3768 1878 3821 15.
1913 3768 1999 3823 10.

420 3854 529 3925 12).
558 3855 690 3923 Quia
712 3854 856 3911 enim
883 3854 951 3911 de
977 3871 1159 3911 mensa
1179 3863 1233 3911 et
1256 3855 1325 3911 de
1365 3856 1488 3927 gula
1534 3872 1716 3913 sermo
1761 3868 1910 3927 erat,
1936 3873 2025 3913 ex-

420 3947 550 4015 ipsis
571 3948 817 4018 exempla
842 3947 1095 4004 desumit.
1127 3947 1299 4003 Lucas
1327 3946 1478 4020 (Cap.
1497 3949 1552 4005 5.
1569 3964 1616 4002 υ.
1637 3949 1730 4022 '56)
1756 3964 1885 4005 vero
1908 3950 2005 4005 ali-

417 4037 543 4108 quid
570 4039 801 4109 amplius
827 4039 976 4105 dicit,
1007 4055 1203 4096 novum
1232 4054 1427 4109 nempe
1454 4040 1647 4104 scindi,
1669 4040 1715 4096 si
1759 4040 1888 4097 illud
1913 4056 2005 4097 ve-

419 4129 799 4200 tcrijunxeris.
834 4130 1020 4186 Viden’
1036 4146 1141 4186 non
1172 4131 1332 4187 modo
1358 4132 1555 4187 nullam
1582 4132 1887 4199 utilitatem,
1906 4134 2001 4191 sed

417 4221 589 4294 majus
613 4221 992 4279 detrimentum
1014 4222 1140 4279 hinc
1159 4223 1333 4281 oriri?
1371 4224 1438 4280 Et
1466 4225 1749 4295 prmsentia
1785 4227 2001 4297 quidem

418 4322 617 4379 narrat,
638 4314 813 4370 futura
840 4330 968 4371 vero
994 4316 1269 4385 praedicit;
1295 4331 1491 4387 nempe
1515 4316 1634 4372 illos
1661 4332 1829 4373 novos
1855 4327 2003 4388 post-

421 4421 486 4460 ea
529 4407 734 4462 futuros
773 4422 932 4463 esse:
964 4416 1020 4463 et
1046 4418 1333 4479 antequam
1366 4408 1419 4463 id
1448 4409 1696 4477 eveniat,
1724 4409 1854 4465 nihil
1901 4425 1999 4466 au-

417 4508 619 4555 sterum
645 4508 701 4555 et
719 4516 879 4571 grave
916 4501 1046 4572 ipsis
1089 4510 1416 4572 preceptum
1467 4502 1553 4556 iri.
1583 4501 1717 4558 Nam
1748 4503 1838 4573 qui
1877 4512 2003 4560 ante

418 4601 776 4661 opportunum
809 4601 1040 4664 tempus,
1070 4592 1262 4664 inquit,
1303 4594 1555 4649 sublimia
1575 4593 1828 4664 dogmata
1864 4608 2001 4650 con-

415 4685 637 4740 stituere
661 4686 872 4757 quaerit,
900 4700 998 4741 suo
1021 4694 1206 4755 postea
1251 4694 1491 4756 tempore
1525 4700 1633 4741 non
1669 4685 1892 4742 idoneos
1915 4700 2004 4741 re-

417 4777 606 4847 periet,
657 4776 800 4847 quod
850 4776 971 4831 illos
1013 4777 1180 4832 semel
1237 4776 1452 4832 inutiles
1504 4775 1813 4832 reddiderit.
1865 4776 1999 4832 Illud

382 4894 397 4897 -
415 4884 576 4939 porro
601 4883 707 4923 non
737 4883 801 4923 ex
833 4867 957 4924 vino
986 4867 1255 4938 procedit,
1279 4882 1453 4938 neque
1486 4882 1552 4923 ex
1578 4868 1788 4923 utribus
1816 4869 1999 4923 vinum

413 4961 803 5033 excipientibus
824 5002 840 5028 ,
870 4961 964 5017 sed
990 4976 1057 5016 ex
1100 4976 1289 5016 eorum
1316 4960 1407 5032 qui
1434 4959 1743 5015 infuderunt
1777 4959 1999 5017 festina-

415 5056 577 5111 tione.
607 5054 742 5111 llinc
773 5055 927 5111 nobis
955 5069 1170 5110 causam
1200 5054 1439 5124 exponit,
1456 5068 1554 5109 cur
1578 5053 1700 5109 illos
1719 5053 2002 5123 alloquens

415 5150 702 5205 humilibus
729 5150 908 5207 verbis
954 5148 1263 5219 frequenter
1309 5156 1570 5203 uteretur.
1603 5147 1737 5202 Nam
1779 5157 2003 5218 propter

414 5244 650 5312 ipsorum
681 5243 1045 5299 infirmitatem
1071 5243 1239 5301 multa
1269 5241 1479 5297 diccbat
1524 5240 1704 5296 minus
1752 5240 1999 5295 sublimia

412 5352 571 5406 quam
596 5348 692 5403 pro
723 5350 816 5389 sua
845 5335 1103 5406 dignitate
1133 5350 1146 5387 :
1172 5333 1311 5403 quod
1357 5332 1531 5403 ipsum
1558 5346 1771 5402 quoque
1798 5330 2001 5386 dixisse

413 5430 490 5483 sic
514 5428 675 5482 refert
698 5427 931 5483 Joannes
958 5446 970 5483 :
999 5426 1165 5481 Multa
1194 5427 1351 5481 habeo
1380 5425 1517 5481 vobis
1546 5426 1712 5479 dicere
1733 5466 1750 5492 ,
1789 5423 1877 5477 sed
1898 5438 1999 5477 non

413 5519 617 5591 potestis
648 5530 851 5589 portare
876 5520 1022 5572 modo
1045 5518 1223 5587 (Joan.
1246 5518 1329 5573 16.
1352 5515 1465 5588 12).
1488 5515 1567 5572 Ne
1588 5522 1834 5586 putarent
1852 5514 1996 5570 enim

414 5614 503 5669 illa
530 5615 701 5667 solum
732 5628 851 5668 esse
897 5627 1017 5682 qua:
1054 5611 1206 5680 dixit,
1248 5619 1413 5681 utque
1444 5611 1545 5665 alia
1590 5610 1744 5678 longe.
1791 5607 1990 5677 majora

1156 231 1215 290 S.
1254 229 1534 288 JOANNIS
1572 224 2051 287 CIIRYSOSTOMI
2093 226 2401 285 .\R-".lflEP.
2443 230 2984 294 CONSTANTINOP.

3604 248 3695 305 36!!

2150 352 2326 395 mente
2353 344 2720 415 conciperent,
2768 348 3137 406 infirmitatem
3179 365 3366 408 eorum
3396 352 3447 411 in
3486 358 3694 416 medium

2144 433 2383 501 adduxit,
2419 436 2687 507 pollicitus
2714 455 2777 495 ea
2804 454 2865 497 se
2884 440 3172 508 dicturum,
3196 460 3317 499 cum
3340 445 3573 505 fortiores
3593 450 3696 507 fue-

2142 526 2247 581 rint
2273 544 2288 583 :
2321 527 2373 583 id
2400 530 2541 599 quod
2562 529 2649 587 hic
2688 534 2849 588 etiam
2876 534 3006 590 dicit
3038 553 3052 589 :
3090 535 3296 593 Venient
3320 538 3425 594 dies
3445 581 3462 608 ,
3485 557 3592 596 cum
3615 561 3693 597 au-

2140 622 2329 689 feretur
2352 619 2415 673 ab
2445 622 2515 676 eis
2538 640 2776 694 sponsus,
2827 635 2873 681 et
2914 636 3033 682 tunc
3066 629 3395 700 jejunabunt.
3434 630 3510 688 Ne
3538 633 3699 707 itaque

2140 725 2239 764 nos
2263 712 2441 767 omnia
2491 714 2558 768 ab
2587 715 2837 771 Omnibus
2875 717 2925 772 in
2958 718 3235 791 principio
3267 722 3535 793 exigamus
3555 765 3570 791 ,
3612 729 3696 782 sed

2137 811 2332 871 quanta
2362 816 2583 876 possunt
2610 807 2745 876 fieri,
2768 818 2823 865 et
2846 810 2952 865 cito
2978 813 3332 882 procedemus
3354 815 3505 869 ultra.
3528 817 3578 872 Si
3614 833 3698 873 au-

2140 902 2246 948 tem
2276 898 2472 965 premis
2492 908 2546 952 et
2575 898 2824 963 festinas.
2865 900 2986 957 ideo
3020 918 3087 958 ne
3112 918 3325 974 premas
3345 945 3361 969 ,
3392 913 3449 960 ut
3473 904 3692 964 festines.

2135 985 2287 1053 Quod
2314 987 2359 1041 si
2388 987 2492 1044 hoc
2522 990 2612 1044 tibi
2636 992 2863 1062 mnigma
2892 993 3100 1048 videtur
3120 1010 3260 1062 esse,
3289 996 3358 1052 ab
3396 997 3502 1067 ipsa
3533 1015 3694 1057 rerum

2136 1087 2321 1133 natura
2343 1079 2508 1146 disce,
2537 1092 2593 1138 et
2615 1092 2738 1140 tunc
2758 1085 2885 1140 dicti
2914 1088 3020 1140 vim
3043 1102 3259 1143 omnem
3289 1090 3582 1160 percipies:
3608 1109 3695 1149 nec

2135 1177 2185 1223 te.
2215 1184 2462 1229 moveant
2502 1175 2537 1229 ii
2584 1177 2673 1247 qui
2727 1177 3029 1249 importune
3066 1188 3346 1245 accusant;
3376 1196 3495 1236 nam
3536 1183 3616 1239 hic
3648 1193 3697 1241 et

2133 1262 2386 1320 l‘haristci
2408 1267 2744 1331 accusabant,
2769 1280 2819 1323 et
2838 1269 3112 1339 discipulis
3141 1271 3555 1342 exprobrabant.

2205 1357 2257 1411 5.
2288 1355 2578 1414 Moderatio
2619 1360 2808 1416 Christi
2834 1363 2886 1415 in
2911 1364 3028 1417 aliis
3065 1372 3112 1418 et
3150 1364 3404 1435 praxim
3442 1365 3696 1423 luxuriosis

2130 1448 2420 1505 mulieribus
2438 1452 2783 1518 emendandis,
2806 1454 3074 1510 imitanda.
3090 1455 3426 1512 —Attamen
3452 1458 3572 1513 nihil
3610 1460 3695 1514 ho-

2129 1556 2247 1597 rum
2276 1542 2548 1599 Christum
2574 1560 2605 1601 a
2630 1548 2893 1602 sententia
2920 1547 3183 1615 dimovit,
3212 1564 3391 1621 neque
3420 1551 3547 1606 dixit
3576 1553 3691 1609 ille:

2127 1634 2306 1691 Pudor
2330 1646 2413 1692 est
2455 1636 2553 1692 bos
2582 1638 2826 1709 jejunare
2854 1649 2911 1696 et
2944 1640 3045 1697 hos
3081 1656 3188 1697 non
3224 1641 3491 1712 jejunare.
3521 1644 3616 1700 Sed
3645 1655 3694 1701 ut

2125 1730 2357 1799 optimus
2383 1731 2707 1800 gubernator
2744 1748 2849 1788 non
2890 1735 3172 1792 commotis
3195 1734 3467 1803 fluetibus,
3487 1738 3577 1793 sed
3605 1741 3697 1794 arti

2123 1837 2236 1877 sum
2264 1823 2496 1878 intentus
2522 1832 2606 1879 est
2634 1842 2649 1879 :
2678 1824 2749 1879 ita
2780 1835 2833 1880 et
2869 1823 3116 1881 Christus
3156 1837 3281 1883 tunc
3323 1827 3468 1885 fecit.
3499 1829 3692 1885 Etenim

2126 1914 2297 1983 pudor
2315 1923 2452 1981 erat,
2480 1931 2585 1975 non
2633 1917 2773 1987 quod
2817 1918 2893 1973 illi
2925 1934 3029 1974 non
3058 1919 3385 1990 jejunarent,
3427 1922 3521 1977 sed
3564 1924 3693 1994 quod

2123 2016 2341 2075 propter
2378 2006 2637 2076 jejunium
2668 2008 2845 2065 letalia
2887 2012 3105 2066 vulnera
3136 2014 3465 2083 acciperent,
3506 2015 3690 2070 discin-

2119 2096 2393 2164 derentur,
2421 2098 2873 2170 dirumperentur.
2905 2103 3035 2170 Qua:
3065 2105 3226 2159 etiam
3272 2120 3371 2161 nos
3408 2108 3585 2163 animo
3616 2124 3692 2165 re-

2121 2198 2389 2259 putantes,
2419 2193 2498 2247 sie
2525 2208 2650 2264 erga
2690 2205 2906 2249 nostros
2948 2210 3046 2250 nos
3088 2211 3357 2267 geramus.
3388 2198 3446 2256 Si
3483 2214 3695 2257 uxorem

2119 2280 2337 2349 habeas,
2369 2284 2667 2350 ornatibus,
2709 2284 2833 2340 fuco
2857 2294 2913 2342 et
2956 2287 3237 2358 pigmentis
3265 2289 3503 2347 deditam
3538 2301 3590 2347 et
3616 2292 3695 2347 his

2117 2374 2432 2441 inhiantem,
2460 2376 2664 2431 deliciis
2694 2376 3003 2433 afﬂuentem
3025 2420 3039 2442 ,
3074 2380 3374 2451 loquacem,
3407 2391 3463 2438 et
3487 2398 3692 2452 prorsus

2117 2466 2356 2522 inutilem
2380 2480 2401 2533 ;
2425 2482 2743 2537 quamquam
2765 2468 2980 2524 difficile
3008 2470 3167 2525 estin
3194 2487 3296 2527 una
3328 2472 3555 2530 muliere
3584 2474 3690 2531 lucc

2112 2559 2292 2613 omnia
2318 2573 2675 2625 concurrere;
2716 2562 2980 2630 fingamus
3020 2570 3197 2617 tamen
3228 2578 3350 2619 esse
3378 2564 3562 2620 talem.
3591 2566 3695 2621 Sed

2112 2666 2230 2717 cur,
2265 2652 2492 2720 inquies,
2537 2651 2839 2716 mulierem,
2884 2666 2993 2708 non
3035 2653 3205 2708 virum
3242 2654 3531 2727 dcpingis?
3563 2658 3688 2713 Sunt

2111 2752 2257 2797 certe
2293 2743 2395 2799 viri
2441 2743 2744 2814 hujusmodi
2789 2744 3020 2800 muliere
3066 2745 3381 2803 deteriores.
3429 2748 3537 2811 Sed
3576 2749 3687 2820 quia

2109 2835 2441 2906 gubernandi
2475 2835 2709 2891 officium
2751 2837 2879 2891 viris
2930 2837 3182 2893 traditum
3220 2848 3323 2907 est,
3366 2838 3457 2896 hic
3485 2840 3689 2896 interim

2110 2926 2389 2982 mulierem
2428 2927 2797 2983 describamus
2826 2945 2838 2980 :
2868 2944 2975 2984 non
3003 2930 3145 3000 quod
3176 2931 3230 2984 in
3275 2930 3490 2997 feminis
3527 2934 3688 3001 major

2107 3020 2175 3072 sit
2205 3018 2466 3087 nequitia;
2498 3019 2662 3071 multa
2691 3019 2887 3089 quippe
2914 3029 2968 3075 et
2995 3021 3137 3091 apud
3162 3023 3304 3077 viros
3331 3025 3566 3096 reperire
3588 3036 3683 3087 est,

2109 3120 2231 3174 quae
2285 3106 2600 3162 mulieribus
2650 3123 2759 3164 non
2811 3124 3142 3183 competunt,
3199 3128 3258 3171 ut
3309 3120 3680 3184 homicidium,

2108 3195 2481 3265 sepulcrorum
2546 3197 2920 3268 eﬂ‘ossionem,
2982 3221 3105 3260 cum
3141 3204 3335 3261 belluis
3365 3221 3599 3277 pugnant
3638 3211 3679 3276 ί,

2107 3294 2161 3341 et
2215 3288 2382 3343 multa
2451 3289 2538 3345 bis
2605 3291 2822 3347 similia.
2873 3292 2952 3351 Ne
3008 3296 3210 3366 putetis
3273 3313 3407 3371 ergo
3470 3316 3571 3355 nos
3615 3316 3680 3355 ex

2105 3396 2271 3437 sexus
2331 3382 2639 3452 hujusntodi
2682 3396 2996 3460 contemptu
3044 3390 3161 3447 haec
3207 3392 3359 3448 effari
3411 3412 3428 3450 :
3474 3397 3615 3451 absit
3650 3411 3677 3450 a

2095 3487 2215 3538 me;
2244 3474 2337 3530 sed
2362 3474 2431 3550 ad
2455 3489 2570 3530 rem
2611 3490 2753 3532 nunc
2788 3477 2941 3547 juvat
2974 3478 3151 3550 imago
3184 3479 3510 3550 hujnsmodi.
3548 3481 3677 3550 Sup-

2092 3576 2322 3637 ponatur
2349 3581 2479 3638 ergo
2520 3569 2676 3625 nobis
2716 3570 2910 3626 mulier
2952 3570 3106 3638 talis,
3151 3572 3340 3643 virque
3378 3574 3499 3644 ejus
3535 3576 3672 3630 omini

2089 3658 2251 3714 modo
2279 3659 2490 3714 studeat
2516 3660 2682 3729 ipsam
2704 3662 3008 3716 emendare.
3029 3662 3309 3729 Quomodo
3334 3664 3674 3720 emendabit?

2086 3748 2203 3804 Non
2231 3750 2412 3806 omnia
2440 3750 2599 3805 simul
2633 3751 3013 3823 prtecipiendo,
3055 3754 3149 3809 sed
3192 3754 3390 3810 leviora
3424 3758 3667 3826 primum,

2086 3844 2278 3914 quibus
2306 3844 2395 3898 illa
2419 3859 2523 3899 non
2546 3845 2772 3899 multum
2786 3855 3028 3916 angatur.
3052 3846 3183 3901 Nam
3213 3848 3256 3902 si
3288 3857 3458 3903 totum
3480 3865 3509 3902 a
3535 3850 3673 3921 prin-

2085 3935 2227 4007 cipio
2248 3935 2537 3992 emendare
2573 3936 2814 4003 festines,
2846 3946 3014 3992 totum
3046 3938 3258 4007 perdes.
3300 3938 3378 3995 Ne
3407 3955 3539 4011 ergo
3563 3951 3673 3997 sta-

2086 4030 2179 4084 tim
2209 4028 2258 4085 ei
2287 4043 2451 4084 aurea
2476 4038 2784 4085 ornamenta
2814 4029 3057 4096 auferas;
3080 4030 3172 4086 sed
3201 4030 3317 4087 h:ec
3345 4033 3559 4089 interim
3582 4033 3674 4088 ha-

2084 4121 2227 4187 beat,
2261 4120 2431 4191 iisque
2456 4130 2636 4176 utatur
2676 4139 2690 4174 :
2722 4137 2845 4176 nam
2875 4122 3051 4178 minus
3081 4124 3276 4179 malum
3305 4124 3517 4180 videtur
3545 4125 3671 4181 ξιιυά

2082 4229 2221 4278 esse,
2253 4228 2412 4283 quam
2444 4212 2708 4283 pigmenta
2737 4221 2792 4267 et
2819 4211 2994 4268 fucus.
3034 4213 3127 4268 Illa
3162 4215 3393 4285 primum
3425 4215 3668 4271 auferan-

2083 4316 2187 4370 tur,
2217 4319 2322 4359 non
2345 4318 2415 4360 ex
2437 4304 2848 4359 comminatione
2867 4304 2949 4359 vel
2976 4304 3186 4371 timore,
3216 4306 3309 4362 sed
3331 4322 3396 4362 ex
3420 4308 3670 4364 suasione

2080 4405 2136 4452 ct
2164 4396 2405 4463 lenitate,
2432 4409 2499 4450 ex
2528 4394 2867 4450 accusatione
2907 4394 2962 4449 in
2995 4394 3128 4450 alias
3156 4396 3408 4452 mulieres
3451 4398 3667 4468 injecta,

2079 4508 2147 4547 ex
2177 4489 2389 4561 propria
2439 4498 2529 4544 tua
2574 4488 2839 4544 sententia
2886 4496 3047 4559 atque
3086 4498 3266 4560 gustu.
3296 4490 3391 4544 Dic
3438 4491 3517 4546 illi
3559 4491 3668 4546 fre-

2078 4593 2304 4655 quenter
2336 4601 2350 4638 :
2391 4582 2577 4638 Facies
2602 4597 2722 4637 cum
2757 4581 2848 4635 tali
2887 4590 3079 4637 ornatu
3122 4597 3228 4637 non
3271 4582 3518 4637 amabilis
3563 4592 3665 4647 est,

2080 4680 2187 4734 imo
2216 4678 2497 4747 injucunda
2532 4694 2546 4732 :
2588 4675 2773 4744 illique
2816 4674 3002 4741 suade,
3048 4674 3173 4730 ideo
3209 4674 3443 4731 maxime
3470 4675 3524 4730 id
3575 4675 3668 4731 tibi

2078 4770 2381 4840 displicere.
2410 4769 2536 4822 Post
2568 4778 2709 4822 tuam
2735 4776 2913 4821 autem
2939 4766 3266 4837 opinionem,
3284 4766 3509 4822 aliorum
3537 4781 3669 4837 quo-

2077 4879 2181 4934 que
2210 4862 2526 4918 sententiam
2566 4860 2738 4915 adduc
2768 4858 2819 4913 in
2848 4858 3106 4925 medium,
3134 4857 3350 4928 dieque,
3383 4858 3441 4914 id
3467 4859 3666 4913 fortun-

2077 4974 2165 5012 sas
2188 4957 2490 5012 deformare
2532 4953 2726 5017 solere,
2769 4964 2828 5007 ut
2875 4951 3123 5007 morbum
3160 4951 3230 5006 de
3267 4951 3445 5006 medio
3489 4952 3667 5006 tollas.

2079 5051 2218 5107 Nihil
2239 5048 2412 5104 adhuc
2439 5046 2507 5103 de
2536 5045 2776 5117 gehenna
2814 5044 3072 5114 loquaris,
3108 5043 3193 5098 vel
3220 5042 3289 5099 de
3315 5058 3478 5114 regno
3502 5060 3518 5096 :
3544 5059 3665 5097 nam

2078 5144 2273 5199 frustra
2303 5140 2419 5195 haec
2450 5138 2672 5194 dixeris.
2698 5134 2968 5191 Persuade
3019 5134 3138 5202 ipsi,
3197 5134 3386 5204 majori
3434 5134 3527 5188 tibi
3578 5149 3670 5186 ve-

2080 5233 2262 5304 luptati
2290 5245 2434 5290 esse.
2458 5229 2502 5283 si
2535 5229 2645 5298 ipsa
2685 5227 2775 5281 Dei
2799 5240 2934 5296 opus
2958 5225 3158 5279 nudum
3194 5226 3486 5280 ostendat:
3514 5224 3663 5279 illam

2076 5326 2218 5382 enim
2258 5338 2378 5393 qum
2408 5321 2598 5377 faciem
2634 5318 2904 5389 perfricat,
2950 5315 3141 5385 tendit,
3183 5316 3439 5386 depingit.
3480 5317 3665 5371 miritis

2077 5435 2183 5475 non
2224 5420 2511 5473 formosam
2557 5412 2747 5468 videri.
2797 5410 3032 5467 Primum
3078 5409 3450 5471 communibus
3501 5409 3661 5463 ratio-

2076 5511 2229 5569 ciniis
2255 5518 2303 5564 et
2327 5507 2566 5562 omnium
2605 5502 2823 5557 calculis
2852 5501 3095 5556 morbum
3136 5500 3352 5568 abigere
3397 5506 3580 5564 tenta;
3612 5504 3664 5551 et

2166 5609 2182 5638 ί
2209 5605 2304 5656 (ὶῗτ.
2335 5604 2505 5654 Adtwt.
2536 5599 2777 5652 l-‘riderici
2808 5599 2949 5652 Field
2991 5601 3048 5650 ad
3070 5615 3180 5664 pag.
3207 5601 3315 5649 35L
