3900 6194
176 316 276 374 569

179 443 458 502 poStqnam
477 430 620 485 illam
649 427 948 499 hujusmodi
983 428 1160 484 verbis
1188 429 1532 493 emolliveris,
1557 426 1646 481 illa
1663 427 1766 480 alia

176 524 367 592 adjice.
402 522 457 577 Si
490 521 655 576 semel
686 521 909 584 dixeris,
944 534 1041 575 nec
1067 520 1334 584 suaseris,
1370 517 1626 584 secundo,
1657 526 1766 573 ter-

178 616 271 677 tio,
317 626 373 670 et
408 615 603 683 saepius
630 615 803 678 dicas;
851 613 963 667 lucc
992 623 1235 683 repetere
1267 628 1333 666 ne
1362 612 1618 682 graveris,
1656 624 1762 663 non

174 708 357 763 odiosa
386 708 613 777 quadam
642 708 865 771 ratione,
896 706 991 761 sed
1032 705 1259 775 placide,
1292 718 1435 758 nunc
1470 700 1763 757 avertendo

176 813 247 867 te,
272 817 417 856 nunc
444 801 712 855 adulando
740 808 797 856 et
835 798 1081 855 colendo.
1129 799 1319 853 Annon
1352 797 1500 852 vides
1530 796 1762 866 pictores

176 894 335 949 modo
362 893 563 949 delere.
602 892 759 946 modo
800 892 1019 961 pictura:
1048 880 1430 961 superaddere,
1466 898 1522 943 ut
1561 888 1762 943 formo-

171 1001 285 1039 sam
316 987 505 1041 faciem
526 984 816 1054 depingant
834 985 857 1037 ?
878 983 954 1039 Ne
974 984 1050 1038 sis
1077 998 1205 1053 ergo
1231 982 1407 1037 minus
1431 996 1591 1052 sagax
1630 981 1753 1036 illis.

170 1077 305 1131 Nam
328 1076 373 1129 si
402 1077 471 1129 illi
497 1076 740 1146 corporis
770 1075 1052 1145 imaginem
1086 1075 1380 1144 pingentes,
1416 1082 1558 1127 tanta
1590 1081 1754 1126 utun-

176 1179 260 1224 tur
289 1168 559 1238 diligentia
587 1185 602 1222 :
629 1170 795 1224 multo
820 1169 985 1239 magis
1009 1182 1108 1224 nos
1132 1168 1365 1222 animam
1392 1165 1751 1231 efl'ormantes,

169 1276 383 1315 omnem
412 1261 710 1315 machinam
742 1275 955 1315 movere
985 1275 1080 1329 par
1107 1268 1208 1315 est.
1236 1258 1367 1313 Nam
1388 1258 1432 1314 si
1461 1258 1617 1328 hujus
1641 1258 1758 1311 ani-

167 1369 269 1407 mze
296 1352 486 1407 faciem
521 1351 744 1422 pulchre
786 1350 1170 1417 eﬁ‘ormaveris,
1203 1365 1306 1404 non
1335 1349 1539 1405 videbis
1564 1363 1755 1417 corpo—

166 1446 242 1499 ris
281 1446 634 1501 deformatam
669 1443 879 1507 faciem,
921 1460 1027 1498 non
1068 1444 1331 1498 rubricata
1368 1443 1527 1508 labia,
1562 1457 1666 1496 non
1692 1457 1755 1496 os

166 1553 308 1591 ursa:
336 1540 416 1593 ori
438 1545 717 1593 cruentam
750 1538 943 1601 simile,
976 1552 1082 1591 non
1115 1546 1231 1593 atra
1269 1536 1571 1607 supercilia,
1602 1536 1750 1606 quasi

163 1647 229 1685 ex
277 1630 400 1684 ollae
443 1629 682 1699 fuligine,
732 1644 837 1684 non
877 1629 1033 1684 illitas
1068 1643 1253 1698 genas,
1296 1637 1356 1683 ut
1384 1628 1749 1699 sepulcrorum

162 1724 418 1793 parietes.
456 1723 581 1777 llaec
617 1722 812 1792 quippe
839 1723 1013 1778 omnia
1059 1722 1224 1793 fuligo
1246 1762 1261 1788 ,
1305 1720 1475 1791 pulvis
1513 1730 1569 1775 et
1594 1722 1748 1788 riuis,

161 1816 495 1885 estreniique
524 1816 729 1870 factoris
758 1815 928 1886 signa.

231 1907 288 1962 6.
342 1906 535 1961 Verum
585 1906 768 1961 nescio
813 1919 919 1975 quo
960 1912 1116 1975 pacto
1162 1903 1215 1959 in
1261 1902 1564 1973 hujusmodi
1589 1903 1748 1959 verba

160 1998 413 2069 delapsus
440 1998 650 2062 sim,.et
667 1996 793 2051 dum
822 1996 955 2050 alios
990 1995 1175 2050 hortor
1203 2002 1260 2049 ut
1286 2009 1407 2050 cum
1444 2006 1752 2050 mansuetu-

158 2093 286 2149 dine
326 2098 617 2155 meucant,
663 2090 718 2145 in
763 2088 1090 2145 iracundiam
1138 2088 1253 2158 ipse
1293 2087 1574 2144 devolutus
1623 2087 1745 2142 sim.

162 2186 520 2241 Revertantur
573 2184 751 2254 itaque
810 2182 879 2237 ad
949 2180 1213 2237 mitiorem
1274 2181 1693 2236 admonitionem
1728 2220 1745 2246 ,

157 2280 446 2348 omniaque
482 2277 715 2333 feramus
762 2276 1041 2331 mulierum
1085 2276 1211 2330 vitia
1237 2316 1254 2341 ,
1300 2286 1360 2331 ut
1403 2292 1523 2346 quin
1564 2277 1613 2329 in
1648 2290 1747 2344 op-

158 2372 280 2424 tatis
328 2378 455 2423 sunt
495 2368 855 2439 perﬁciamus.
897 2369 1087 2423 Annon
1131 2368 1281 2423 vides
1315 2367 1581 2439 quomodo
1625 2367 1749 2423 feri-

156 2480 274 2518 mus
302 2463 533 2519 infantes
557 2463 829 2533 vagientes
854 2477 974 2517 cnm
1019 2476 1050 2515 a
1096 2476 1326 2516 mamma
1369 2471 1495 2517 sunt
1541 2462 1747 2515 abstrao

157 2554 318 2610 bendi
352 2574 366 2609 :
400 2555 684 2625 omniaque
724 2555 1044 2618 toleramus,
1089 2553 1155 2608 ad
1209 2553 1259 2608 id
1299 2553 1493 2619 solum,
1543 2561 1600 2607 ut
1642 2552 1744 2608 illis

153 2648 474 2703 suadeamus
498 2647 729 2718 priorem
750 2647 1025 2717 despicere
1043 2646 1319 2702 mensam?
1340 2644 1411 2699 Ita
1432 2653 1486 2701 et
1511 2659 1651 2700 nunc
1668 2644 1746 2698 fa-

152 2741 399 2795 ciamus:
431 2748 623 2793 ctetera
650 2738 827 2793 omnia
859 2738 1108 2803 feramus,
1151 2746 1209 2791 ut
1242 2737 1344 2792 hoc
1370 2751 1739 2807 assequamur.

151 2831 286 2885 Cum
317 2831 461 2885 enim
488 2828 615 2885 illud
636 2829 974 2884 emendatum
1006 2828 1181 2892 fuerit,
1214 2828 1355 2883 aliud
1386 2837 1531 2884 recte
1556 2843 1743 2897 proce-

150 2924 279 2979 dere
306 2923 544 2987 videbis,
571 2930 732 2993 atque
759 2921 824 2976 ad
865 2936 1025 2977 aurea
1055 2930 1369 2976 ornamenta
1398 2921 1579 2976 venies
1602 2960 1618 2988 ,
1642 2934 1741 2975 eo-

149 3014 383 3084 demque
417 3012 577 3069 modo
601 3012 670 3069 de
697 3012 779 3067 his
813 3012 975 3068 etiam
1000 3012 1266 3083 loqueris:
1290 3020 1345 3067 et
1367 3013 1446 3068 sic
1485 3012 1737 3082 paulatim

150 3120 373 3162 osorem
407 3108 735 3160 concinnans
754 3146 770 3172 ,
798 3100 907 3159 eris
931 3105 1103 3175 pictor
1124 3103 1354 3174 optimus
1378 3144 1393 3170 ,
1417 3104 1588 3160 fidelis
1624 3120 1741 3161 ser-

148 3207 278 3263 vus',
312 3197 545 3267 agricola
573 3200 840 3252 strenuus.
874 3196 1002 3251 Post
1029 3195 1146 3251 hzec
1174 3206 1349 3251 autem
1375 3238 1391 3263 ,
1424 3197 1476 3250 in
1504 3206 1739 3252 mentem

147 3289 244 3361 ipsi
270 3304 465 3344 revoca
490 3289 737 3358 antiquas
760 3288 878 3342 illas
894 3287 1165 3352 mulieres,
1183 3288 1388 3351 Suram,
1414 3288 1733 3357 Rebeccam,

145 3383 412 3436 formosas
453 3390 507 3435 et
553 3379 859 3443 deformes,
906 3389 962 3435 et
1003 3379 1223 3435 ostende
1267 3379 1341 3434 illi
1386 3395 1574 3435 omnes
1620 3382 1737 3436 illas

143 3474 307 3529 fuisse
334 3481 695 3542 temperantes
712 3482 765 3527 et
791 3471 947 3543 frugi.
963 3470 1093 3527 Nam
1116 3471 1207 3525 Lia
1238 3472 1551 3541 patriarcha:
1580 3487 1734 3539 uxor,

140 3580 259 3621 cum
294 3562 533 3619 formosa
562 3578 667 3618 non
692 3572 868 3630 esset,
914 3579 1184 3634 nunquam
1215 3564 1320 3618 tale
1345 3564 1614 3632 quidpiam
1641 3580 1736 3619 ex-

138 3656 417 3727 cogitavit,
441 3655 537 3712 sed
560 3654 817 3710 deformis
845 3671 965 3710 eum
993 3666 1172 3721 esset,
1204 3671 1304 3711 nec
1328 3657 1553 3711 multum
1583 3672 1733 3711 ama-

138 3760 284 3804 retur
313 3764 344 3802 a
376 3750 492 3803 viro
512 3790 527 3813 ,
551 3747 682 3802 nihil
714 3747 1016 3817 hujusmodi
1043 3748 1317 3815 adhibuit,
1344 3763 1519 3820 neque
1541 3748 1733 3805 faciem

137 3858 287 3896 suam
325 3842 573 3906 vitiavit,
605 3840 699 3895 sed
730 3841 926 3895 mansit
953 3841 1165 3911 integra
1200 3855 1524 3898 conservans
1568 3843 1733 3898 linea-

137 3944 315 3989 menta
342 3976 357 3998 ,
384 3932 597 3988 etiamsi
626 3932 813 3989 fuisset
837 3947 867 3988 a
897 3933 1183 4003 gentilibus
1208 3933 1451 3989 educata.
1485 3933 1562 3989 Tu
1601 3948 1733 3991 vero

136 4042 253 4097 qua!
282 4026 461 4081 ﬁdelis
488 4040 579 4089 es,
603 4024 754 4093 cujus
779 4035 936 4095 caput
963 4024 1227 4091 Christus,
1256 4026 1547 4081 satauieam
1575 4028 1731 4083 nobis

137 4120 444 4173 machinam
478 4117 729 4171 inducis?
759 4132 856 4171 nec
887 4119 1186 4174 recordaris
1218 4135 1371 4191 aquae
1402 4119 1543 4175 illius
1562 4162 1578 4187 ,
1610 4136 1729 4192 quae

1127 310 1197 370 ΙΝ
1236 310 1645 368 ΜΛΊἽΊΙᾹΞΟΜ
1684 309 1915 368 ΠΟΜΙΙ...
1958 311 2147 371 XXXI.
2189 315 2261 371 al.
2302 314 2519 371 XXXII.

3356 316 3463 374 370

1872 426 2025 485 faciei
2051 438 2154 484 tute
2177 429 2494 485 circumfusa
2535 428 2633 484 fuit
2656 470 2672 495 ,
2699 429 2946 486 sacriﬁcii
2972 472 2987 497 ,
3018 430 3161 502 quod
3187 430 3325 488 labia
3371 442 3457 488 tua

1869 522 2109 587 ornavit,
2141 523 2444 592 sanguinis,
2474 523 2565 593 qui
2593 522 2826 594 linguam
2859 534 3001 578 tuam
3026 526 3369 580 cruentavit?
3397 526 3455 579 Si

1868 615 2012 671 enim
2044 615 2159 670 lucc
2187 615 2365 671 omnia
2396 624 2568 670 tecum
2603 625 2900 685 reputares,
2929 614 3266 686 quantumvis
3292 633 3455 672 orna-

1869 708 2009 762 tibus
2036 706 2335 776 hujusmodi
2369 707 2547 763 dedita
2573 723 2722 763 esses
2745 748 2760 773 ,
2792 723 2898 763 non
2927 708 3156 763 auderes
3184 709 3452 777 pulverem

1866 798 2015 853 illum
2042 799 2383 868 cineremque
2412 798 2688 854 adbibere.
2717 798 2871 853 Disce
2910 809 2962 854 te
2986 798 3198 854 Christo
3225 799 3455 869 despon-

1864 900 2036 948 satam
2064 906 2203 958 esse,
2232 900 2284 946 et
2312 891 2414 945 hoc
2434 891 2667 946 dedecus
2692 905 2961 946 aversare.
2984 890 3170 961 Neque
3192 890 3333 945 enim
3364 892 3453 947 ille

1867 986 2057 1040 talibus
2083 984 2380 1040 delectatur
2402 984 2659 1055 picturis;
2688 984 2781 1039 sed
2808 985 2966 1039 aliam
3006 986 3195 1054 qumrit
3222 983 3455 1053 pulchri-

1865 1076 2101 1132 tudinem
2126 1117 2142 1141 ,
2171 1092 2331 1147 quam
2374 1076 2720 1133 vehementer
2759 1086 2934 1142 amat,
2964 1078 3156 1132 anima:
3200 1077 3449 1132 decorem

1862 1169 2002 1223 dico.
2033 1168 2185 1224 Hunc
2212 1177 2265 1225 te
2292 1168 2549 1240 propheta
2582 1184 2828 1238 qurerere
2856 1168 3007 1238 jubet
3036 1167 3118 1222 bis
3146 1168 3322 1222 verbis
3344 1186 3358 1226 :
3384 1167 3450 1221 Et

1860 1262 2176 1330 concupiscet
2200 1276 2289 1315 rea:
2313 1261 2541 1316 decorem
2560 1271 2701 1315 tuum
2729 1260 2898 1333 (Psal.
2923 1261 3011 1315 44.
3035 1260 3143 1327 12).
3170 1258 3247 1315 Ne
3272 1260 3449 1330 itaque

1859 1352 2125 1421 superflua
2166 1363 2221 1407 et
2257 1352 2506 1408 indecora
2545 1366 3084 1423 quaeramusuicque
3127 1352 3270 1406 enim
3313 1366 3449 1421 opus

1862 1443 1954 1498 Dei
1984 1442 2271 1513 quodpiam
2306 1442 2676 1512 imperfectum
2721 1451 2805 1498 est
2830 1484 2845 1509 ,
2874 1450 2932 1497 ut
2961 1451 3046 1497 tua
3074 1450 3228 1511 egeat
3266 1456 3448 1496 corre-

1857 1536 2055 1591 ctione.
2069 1535 2202 1590 Nam
2223 1535 2267 1590 si
2290 1536 2410 1604 quis
2430 1535 2785 1603 imperatoriae
2802 1534 3016 1604 imagini
3037 1543 3230 1587 erectae
3246 1532 3443 1602 aliquid

1855 1628 1925 1685 de
1949 1644 2048 1683 suo
2074 1629 2305 1699 adjicere
2332 1636 2577 1691 tentaret,
2607 1642 2711 1681 non
2744 1634 2887 1679 tutus
2914 1635 3055 1679 esset
3082 1633 3323 1687 conatus,
3350 1623 3443 1678 sed

1856 1731 2097 1777 extremo
2147 1722 2382 1791 periculo
2416 1721 2553 1776 foret
2591 1719 2869 1775 obnoxius.
2913 1719 3069 1789 Atqui
3114 1718 3274 1771 homo
3301 1718 3441 1771 illam

1854 1826 2106 1887 operatus
2130 1826 2232 1879 est,
2263 1825 2317 1870 et
2346 1815 2478 1870 nihil
2506 1814 2692 1883 adjicis
2725 1831 2737 1867 :
2773 1813 2859 1867 hic
2892 1829 3017 1867 \ero
3048 1813 3185 1867 Deus
3212 1823 3397 1866 auctor
3422 1850 3440 1878 ,

1854 1917 1908 1963 et
1930 1906 2228 1963 emendas?
2253 1905 2372 1961 Non
2396 1906 2599 1976 cogitas
2623 1903 2880 1975 gehennae
2923 1904 3137 1972 ignem?
3178 1917 3286 1957 non
3328 1903 3443 1955 ani-
3477 1934 3483 1941 -

1854 2016 1996 2055 mam
2025 1997 2368 2069 neglectam?
2400 1997 2521 2053 Ideo
2551 2011 2779 2065 namque
2811 1995 2898 2050 illa
2922 1995 3162 2065 neglecta
3192 2003 3295 2059 est,
3318 1993 3439 2064 quia

1855 2104 1963 2150 tota
2001 2109 2129 2149 cura
2179 2094 2231 2148 in
2273 2106 2491 2148 carnem
2531 2090 2723 2145 collata
2768 2089 2882 2153 fuit.
2913 2088 3112 2158 Ecquid
3156 2086 3225 2142 de
3264 2087 3440 2141 anima

1854 2184 2236 2258 loquor?Nam
2264 2184 2363 2255 ipsi
2399 2198 2613 2254 quoque
2639 2181 2788 2237 carni
2823 2181 3085 2236 contraria
3130 2178 3442 2249 contingunt

1854 2283 1919 2337 iis
1940 2296 2057 2349 qum
2083 2292 2178 2333 vos
2206 2278 2421 2350 optatis.
2447 2276 2542 2332 llic
2566 2291 2694 2332 vero
2718 2273 2952 2330 attende.
2980 2273 3072 2328 Vis
3099 2272 3329 2326 formosa
3356 2287 3442 2340 ap-

1852 2373 2075 2445 parere?
2098 2373 2209 2428 lloc
2237 2381 2288 2427 te
2316 2371 2609 2427 deformem
2640 2369 2890 2424 ostendit.
2920 2367 3012 2421 Vis
3048 2366 3257 2435 placere
3284 2364 3439 2419 viro?

1850 2466 1905 2521 ld
1933 2466 2083 2520 illum
2111 2478 2344 2519 maerore
2373 2462 2531 2517 afficit
2559 2475 2661 2516 :ac
2698 2474 2871 2529 neque
2909 2458 3058 2512 illum
3098 2456 3271 2512 Solum
3296 2495 3312 2521 ,
3342 2454 3437 2509 sed

1848 2567 2102 2615 externos
2148 2571 2339 2612 omnes
2377 2555 2472 2610 tibi
2520 2561 2861 2609 accusatores
2905 2550 3091 2605 efficit.
3134 2549 3224 2605 Vis
3255 2546 3438 2619 junior

1846 2650 2130 2722 apparere?
2144 2650 2256 2705 Hoc
2272 2658 2324 2706 te
2337 2648 2492 2704 citius
2512 2648 2565 2704 in
2585 2653 2912 2709 senectutem
2930 2641 3206 2699 ducet.Vis
3228 2639 3437 2696 ornari?

1850 2745 1960 2802 Hoc
1976 2744 2070 2800 tibi
2083 2743 2329 2799 dedecori
2346 2750 2450 2796 est.
2468 2739 2601 2796 Nam
2619 2737 2919 2811 hujusmodi
2937 2736 3129 2799 mulier
3140 2749 3247 2789 non
3256 2747 3435 2805 aequa-

1848 2839 1926 2895 les
1947 2838 2127 2904 modo,
2150 2836 2247 2893 sed
2273 2836 2497 2891 ancillas
2520 2834 2763 2899 conscias
2791 2842 2848 2888 et
2862 2830 3185 2887 domesticos
3203 2829 3434 2889 scientes

1848 2931 2049 3001 ptidore
2070 2930 2265 2993 afficit;
2300 2928 2574 2997 multoque
2602 2926 2770 2995 magis
2794 2926 3047 2993 seipsam.
3069 2920 3294 2979 Sedcur
3318 2920 3434 2983 lia-e

1845 3022 2015 3078 dicam
2037 3023 2060 3076 ?
2084 3021 2217 3077 Nam
2240 3020 2385 3091 quod
2409 3019 2647 3075 omnium
2676 3017 3045 3087 gravissimum
3086 3024 3168 3069 est
3205 3020 3430 3083 praeter—

1844 3114 1965 3170 tnisi
1984 3129 1999 3167 :
2019 3123 2071 3169 te
2092 3126 2283 3182 nempe
2311 3112 2476 3167 Deum
2503 3109 2795 3173 offendere,
2816 3107 3127 3163 castitatem
3142 3102 3431 3175 suffodere,

1843 3206 2121 3277 zelotypia:
2155 3203 2398 3259 flammas
2436 3200 2750 3264 accendere,
2780 3199 3058 3269 prostituta
3085 3197 3185 3252 sub
3228 3194 3431 3250 fornice

1843 3311 2017 3355 scorta
2037 3296 2254 3353 imitari.
2279 3297 2404 3351 llaec
2422 3298 2597 3365 itaque
2616 3294 2795 3349 omnia
2810 3292 3122 3363 cogitantes,
3140 3292 3431 3361 satanicam

1842 3406 2089 3461 pompam
2107 3430 2123 3454 ,
2150 3388 2574 3458 diabolicamque
2594 3396 2763 3441 artem
2791 3385 3147 3445 contemnite,
3177 3382 3428 3445 dimissos

1841 3497 1946 3553 que
1977 3482 2070 3537 illo
2095 3489 2285 3536 ornatu
2306 3519 2322 3545 ,
2352 3480 2459 3533 imo
2488 3477 2775 3541 dedecore,
2808 3474 3256 3546 pulchritudinem
3287 3473 3428 3527 illam

1840 3574 1894 3629 in
1924 3571 2204 3628 animabus
2232 3572 2422 3625 vestris
2451 3579 2705 3638 apparate
2723 3609 2739 3634 ,
2763 3583 2884 3638 quae
2911 3565 3116 3636 angelis
3142 3565 3385 3627 amabilis
3406 3603 3428 3630 ,

1841 3666 1955 3722 Deo
1978 3664 2227 3734 optabilis
2255 3670 2310 3717 et
2336 3660 2675 3717 consortibus
2703 3659 2880 3714 suavis
2902 3665 3005 3722 est,
3034 3666 3087 3711 ut
3115 3664 3169 3711 et
3194 3670 3432 3726 prtescu~

1841 3765 1948 3813 tem
1976 3765 2032 3813 et
2056 3755 2286 3811 futuram
2320 3752 2542 3823 gloriam
2568 3749 2970 3821 consequamini
2996 3767 3009 3803 :
3034 3762 3195 3819 quam
3224 3747 3427 3805 utinam

1839 3864 1939 3906 nos
1968 3861 2158 3903 omnes
2185 3847 2562 3916 adipiscamur,
2589 3844 2758 3914 gratia
2785 3853 2841 3898 et
2866 3843 3193 3912 benignitate
3217 3842 3426 3896 Domini

1839 3943 2009 3999 nostri
2032 3941 2159 3997 .lesu
2185 3939 2404 4005 Christi,
2434 3938 2517 3994 cui
2547 3937 2715 4009 gloria
2741 3945 2797 3993 et
2823 3936 3125 4006 imperium,
3150 3935 3201 3989 in
3229 3933 3425 3988 suzcula

1840 4036 2177 4093 smculorum.
2209 4035 2403 4090 Amen.

1237 4329 1582 4391 HOMILIA
1626 4330 1872 4393 XXXI.
1918 4331 2005 4393 al.
2051 4330 2329 4391 XXXII.

136 4476 264 4533 Car.
284 4478 340 4533 9.
370 4476 521 4531 v.18.
555 4474 680 4529 Haec
708 4473 800 4528 illo
828 4474 1077 4540 loquente,
1097 4489 1209 4527 ecce
1220 4474 1454 4544 princeps
1474 4473 1730 4545 ingressus

205 4569 459 4622 adorabat
480 4583 596 4620 cum
623 4567 828 4620 dicens:
856 4564 995 4619 Filia
1040 4582 1149 4618 utea
1175 4565 1323 4619 modo
1342 4566 1581 4636 defuncta
1609 4576 1681 4621 est
1709 4580 1728 4628 ;

204 4663 294 4717 sed
314 4660 451 4727 veni,
480 4661 683 4727 impone
706 4675 912 4713 manum
932 4667 1070 4713 tuam
1091 4676 1244 4729 super
1258 4677 1389 4726 eam,
1408 4670 1455 4716 et
1474 4663 1621 4715 vivet.
1642 4660 1729 4716 l9.

205 4752 275 4807 Et
302 4768 521 4824 surgens
542 4750 696 4806 Iesus
725 4760 963 4821 sequutus
988 4760 1059 4805 est
1085 4766 1200 4804 cum
1223 4792 1240 4815 ,
1268 4761 1316 4805 et
1334 4749 1577 4820 discipuli
1598 4752 1725 4815 eius.

208 4850 262 4904 1.
294 4848 448 4917 Opus
474 4860 755 4902 sermones
783 4852 1066 4915 sequutum
1096 4852 1199 4910 est,
1228 4842 1300 4898 ita
1325 4852 1382 4898 ut
1402 4843 1570 4913 magis
1587 4843 1730 4897 Pha-

138 4942 423 4996 ris:eorum
452 4952 547 4993 ora
590 4939 1079 5006 comprimerentur
1130 4953 1144 4989 :
1196 4949 1318 4990 nam
1369 4934 1458 5005 qui
1501 4933 1730 4989 accessit

138 5047 431 5104 synagoga:
478 5029 725 5099 princeps
766 5035 884 5082 erat
912 5068 927 5093 ,
979 5026 1259 5097 luctusque
1314 5024 1490 5096 gravis
1526 5042 1541 5079 ε
1576 5025 1733 5081 unica

139 5126 282 5179 enini
308 5123 487 5194 puella
508 5130 624 5177 erat
643 5162 659 5184 ,
700 5135 1072 5190 annorumque
1098 5118 1383 5175 duodecim
1403 5160 1419 5184 ,
1463 5117 1605 5189 quod
1634 5119 1734 5173 flos

138 5227 258 5271 erat
281 5215 500 5271 aetatis:
530 5222 585 5269 et
609 5214 789 5268 statim
816 5213 961 5267 illam
984 5213 1279 5267 suscitavit.
1303 5211 1454 5279 Quod
1491 5212 1535 5267 si
1563 5211 1737 5271 Lucas
1762 5258 1765 5261 .

141 5319 333 5365 narrat
352 5308 569 5363 venisse
597 5308 688 5377 qui
709 5307 949 5363 dicerent.
979 5324 993 5360 :
1028 5304 1156 5360 Noli
1184 5321 1370 5361 vexare
1404 5306 1735 5374 magistrum;

141 5412 343 5454 mortua
372 5398 511 5453 enim
536 5407 605 5453 est
632 5396 783 5465 (Luc.
805 5396 861 5453 8.
897 5395 991 5468 49)
1021 5414 1036 5452 :
1077 5396 1320 5452 dicemus
1349 5397 1481 5452 illud
1510 5438 1528 5463 ,
1577 5396 1735 5451 Modo

140 5493 386 5561 defuncta
411 5498 507 5556 est,
528 5504 558 5543 a
587 5498 828 5557 tempore
857 5488 911 5543 in
938 5489 1130 5545 itinere
1155 5488 1425 5559 insumpta
1448 5488 1735 5559 conjicien-

144 5585 211 5638 tis
237 5583 411 5639 fuisse
436 5622 452 5646 ,
484 5580 571 5636 vel
599 5579 958 5636 calamitatem
988 5579 1257 5650 augentis.
1289 5577 1405 5635 Mos
1431 5582 1573 5634 enim
1603 5594 1735 5649 sup-

143 5675 341 5746 piicum
373 5684 481 5741 est,
510 5673 649 5729 mala
677 5687 773 5728 sua
803 5674 980 5729 verbis
1014 5673 1275 5729 extollere
1294 5712 1309 5737 ,
1340 5680 1396 5728 et
1432 5671 1549 5741 plus
1578 5685 1737 5741 quam

148 5787 271 5829 vere
296 5773 369 5828 sit
394 5771 611 5840 dicere,
638 5777 698 5825 ut
727 5768 938 5825 facilius
964 5777 1177 5839 rogatos
1204 5774 1449 5825 exorent.
1482 5763 1515 5820 ν
1529 5763 1609 5820 ide
1636 5780 1730 5819 au-

1841 4483 1948 4530 tem
1974 4488 2131 4545 quam
2162 4472 2311 4528 rudis
2337 4472 2425 4526 sit.
2459 4471 2575 4527 Duo
2604 4471 2745 4525 enim
2777 4470 3011 4540 postulat
3036 4487 3064 4524 a
3092 4470 3304 4525 Christo
3327 4512 3340 4535 ,
3372 4480 3432 4525 ut

1838 4567 2039 4632 veniat,
2067 4575 2117 4619 ct
2146 4580 2361 4619 manum
2392 4564 2631 4632 imponat
2660 4561 2834 4633 :quod
2864 4563 3074 4641 signum
3102 4573 3221 4617 erat
3251 4564 3421 4631 ipsum

1838 4671 1957 4714 eam
1985 4655 2161 4711 adhuc
2212 4655 2503 4726 spirantem
2538 4654 2842 4723 reliquisse.
2870 4653 2982 4709 Hoc
3025 4663 3080 4709 et
3128 4653 3296 4726 Syrus
3338 4640 3427 4709 ille

1838 4747 2072 4803 Neeman
2102 4761 2133 4801 a
2185 4747 2441 4818 propheta
2486 4746 2699 4816 petebat
2749 4744 2833 4800 his
2859 4745 3035 4800 verbis
3066 4761 3082 4801 :
3113 4743 3287 4800 Exibit
3319 4788 3335 4812 ,
3384 4756 3429 4799 et

1838 4856 2046 4894 manum
2069 4855 2213 4895 suam
2234 4840 2455 4909 imponet
2482 4840 2561 4909 (4.
2590 4837 2713 4911 Reg.
2745 4839 2798 4895 5.
2829 4838 2940 4910 11).
2969 4838 3099 4894 Nam
3127 4837 3245 4894 visu
3271 4848 3323 4893 et
3344 4856 3429 4894 re-

1838 4932 1937 5003 bus
1966 4931 2068 4987 sub
2102 4945 2321 4986 sensum
2350 4930 2663 5005 cadentibus
2691 4946 2825 5001 opus
2854 4929 3052 4986 habent
3082 4931 3115 4985 ii
3138 4931 3225 5000 qui
3249 4930 3426 4984 rudio-

1838 5025 1913 5080 ris
1938 5023 2101 5078 animi
2127 5032 2271 5079 sunt.
2299 5023 2508 5078 Marcus
2535 5023 2688 5094 (Cap.
2717 5024 2769 5079 5'.
2790 5024 2879 5095 57)
2909 5038 3068 5092 porro
3096 5023 3227 5079 dicit
3253 5023 3425 5093 ipsum

1840 5123 1950 5169 tres
2011 5115 2362 5187 assumpsisse
2419 5115 2747 5185 discipulos,
2802 5114 3079 5184 Lucasque
3152 5113 3317 5185 (Cap.
3369 5115 3422 5169 8.

1840 5206 1930 5278 51)
1974 5206 2253 5272 similiter;
2304 5205 2391 5262 hic
2432 5221 2563 5261 vero
2608 5205 2896 5275 discipulos
2942 5205 3272 5275 simpliciter.
3321 5206 3428 5260 Cur

1840 5313 1969 5369 ergo
1995 5298 2301 5353 lllattlneum
2334 5312 2441 5353 non
2473 5298 2679 5367 accepit
2708 5335 2724 5360 ,
2757 5297 2846 5367 qui
2875 5312 3045 5366 nuper
3082 5300 3427 5354 accesserat?

1840 5392 1911 5448 Ut
1937 5392 2083 5447 illum
2117 5392 2168 5446 in
2192 5391 2448 5460 majorem
2481 5390 2823 5460 cupiditatem
2859 5389 3143 5460 injiceret,
3190 5400 3243 5447 et
3284 5391 3425 5463 quod

1841 5483 2205 5555 imperfectior
2241 5481 2415 5538 adhuc
2443 5492 2607 5537 esset.
2658 5479 2785 5537 Ideo
2811 5480 2955 5537 enim
3002 5482 3122 5539 illos
3161 5482 3425 5552 honorat,

1840 5586 1900 5631 ut
1928 5574 1982 5631 hi
2010 5575 2130 5631 illos
2159 5574 2451 5630 imitentur.
2481 5572 2731 5629 Matthan
2760 5584 2940 5629 autem
2966 5576 3095 5631 satis
3114 5583 3251 5644 erat,
3281 5576 3423 5647 quod

1841 5668 2114 5739 sanguinis
2144 5667 2285 5721 fluxu
2316 5664 2649 5721 laborantem
2680 5665 2922 5732 vidisset,
2954 5674 3009 5721 et
3047 5666 3186 5737 quod
3239 5668 3426 5723 eadem

1845 5776 2028 5823 mensa
2058 5759 2303 5830 dignatus
2334 5758 2550 5826 fuisset,
2580 5756 2817 5830 ejusdem
2841 5761 2966 5818 satis
2998 5758 3425 5832 participatione.
