3900 6194
486 302 584 360 s71
634 272 642 282 ’

483 419 804 491 Surgentem
835 429 999 486 porro
1022 412 1175 471 multi
1213 412 1427 484 sequuti
1452 419 1612 479 sunt,
1650 409 1803 482 quasi
1849 406 1918 463 ad
1965 419 2080 461 ma-

486 529 649 582 gnum
675 511 1011 577 miraculum,
1054 516 1108 565 et
1133 507 1207 564 ob
1250 505 1565 579 dignitatem
1592 501 1896 560 accedentis
1918 541 1937 568 ,
1964 508 2077 555 tum

487 609 650 665 etiam
681 605 806 679 quia
832 587 986 660 multi
1017 602 1193 658 adhuc
1230 600 1476 658 rudiores
1502 614 1609 654 non
1635 606 1742 653 tam
1771 595 1965 650 anima:
1983 608 2078 648 cu-

488 717 629 768 ram,
657 714 820 772 quam
847 697 1090 769 corporis
1110 694 1393 752 sanitatem
1418 690 1751 763 quaerebant:
1767 696 1821 743 et
1837 686 2076 743 conflue-

491 794 640 859 bant,
670 791 761 847 alii
778 790 890 848 suis
910 788 1175 861 compulsi
1195 784 1510 851 morbis,alii
1530 781 1824 839 curationis
1845 780 2076 836 aliorum

488 891 818 957 spectatores
834 898 954 940 esse
965 878 1527 953 cupientes;doctrinae
1544 886 1722 931 autem
1738 888 1898 929 causa
1920 870 2077 942 pauci

489 976 705 1033 interim
723 975 789 1031 ad
811 990 933 1031 eum
950 971 1297 1030 accedebant.
1321 969 1433 1027 Nec
1451 966 1719 1024 concessit
1734 980 1829 1021 eos
1857 963 2076 1019 domum

488 1067 718 1139 ingredi,
739 1066 834 1124 sed
859 1064 1151 1137 discipulos
1174 1072 1400 1129 tantum,
1426 1075 1602 1132 neque
1636 1074 1848 1123 omnes,
1880 1058 2078 1130 ubique

494 1176 597 1218 nos
620 1162 903 1217 instituens
922 1158 989 1214 ad
1005 1157 1147 1228 vulgi
1168 1155 1618 1212 existimationem
1645 1151 2038 1223 depellendam.

560 1251 757 1324 Agendi
788 1250 920 1306 ratio
944 1249 1170 1305 mulieris
1190 1250 1391 1320 ﬂuxum
1418 1246 1682 1318 sanguinis
1702 1243 1937 1314 patientis
1954 1283 1970 1308 ,
1995 1242 2074 1296 di-

495 1345 730 1400 scutitur.
760 1341 991 1399 Christus
1018 1342 1169 1396 homo
1192 1354 1293 1395 non
1322 1339 1538 1411 gloriam
1560 1336 1785 1391 amabat.
1805 1364 1878 1376 ——
1895 1333 1988 1390 20.
2007 1333 2078 1388 Et

490 1452 602 1492 ecce
627 1435 806 1491 mulier
834 1448 949 1504 qua:
975 1433 1237 1503 sanguinis
1274 1433 1471 1502 ﬂuxum
1501 1429 1786 1501 patiebatur
1807 1444 1839 1481 a
1884 1427 2077 1481 duode-

488 1530 587 1585 cim
615 1529 763 1583 annis
786 1570 800 1593 ,
827 1527 1034 1582 accessit
1056 1536 1230 1591 retro;
1256 1535 1303 1579 et
1325 1524 1488 1595 tetigit
1514 1523 1767 1592 ﬁmbriam
1796 1520 2077 1577 vestimenti

487 1621 620 1691 ejus.
647 1618 738 1674 21.
767 1617 978 1672 Dicebat
1006 1617 1139 1672 enim
1182 1616 1318 1669 intra
1346 1631 1401 1670 se
1452 1629 1472 1668 :
1513 1613 1576 1669 Si
1625 1614 1833 1683 tetigero
1879 1622 2075 1665 tantum

485 1714 834 1770 vestimentum
860 1712 992 1783 ejus,
1014 1710 1157 1765 salva
1184 1725 1289 1763 ero.
1309 1708 1423 1764 Cur
1443 1722 1548 1762 non
1574 1705 1802 1762 ﬁdenter
1828 1704 1896 1759 ad
1924 1705 2074 1759 illum

484 1802 758 1862 accessit?
784 1803 934 1872 Quod
959 1801 1186 1873 puderet
1213 1800 1282 1857 de
1311 1798 1539 1866 morbo;
1566 1812 1687 1855 sese
1708 1812 1940 1868 namque
1970 1798 2075 1852 im-

484 1896 740 1954 mundam
770 1896 1006 1969 putabat.
1059 1894 1191 1951 Nam
1227 1893 1276 1950 si
1338 1901 1671 1951 menstruata
1714 1907 1821 1946 non
1874 1891 2073 1946 munda

486 1990 794 2061 putabatur,
826 1988 1000 2044 multo
1030 1987 1200 2059 magis
1228 1985 1313 2041 illa
1330 2000 1448 2056 quae
1471 1985 1561 2039 tali
1587 1984 1777 2040 morbo
1797 1983 2076 2039 laborabat

486 2080 542 2137 id
587 2080 808 2137 credere
850 2087 1062 2150 poterat
1102 2095 1117 2132 :
1168 2076 1474 2148 huiusmodi
1520 2077 1664 2132 enim
1710 2075 2075 2131 immundities

487 2187 680 2244 magna
709 2172 1002 2228 secundum
1047 2169 1219 2241 legem
1263 2168 1546 2240 putabatur
1591 2182 1733 2224 esse.
1781 2167 1908 2223 Ideo
1952 2182 2074 2225 sese

484 2265 630 2321 abdit
657 2272 712 2322 et
736 2263 987 2320 occultat.
1017 2263 1266 2334 Alioquin
1297 2274 1427 2317 vero
1466 2260 1702 2316 nondum
1730 2260 1819 2316 illa
1850 2274 2074 2316 consen-

485 2365 694 2412 taneam
716 2363 770 2411 et
796 2354 1087 2426 perfectam
1115 2353 1184 2410 de
1208 2352 1299 2408 illo
1324 2352 1632 2423 opinionem
1669 2351 1902 2409 habebat
1930 2369 1945 2406 :
1977 2366 2076 2408 ne-

482 2463 587 2519 que
611 2447 756 2504 enim
787 2454 1027 2518 putasset
1062 2459 1122 2502 se
1146 2445 1317 2512 latere
1346 2458 1528 2515 posse.
1558 2444 1739 2499 Prima
1785 2458 1918 2501 vero
1947 2443 2067 2500 haec

482 2540 676 2597 mulier
697 2538 909 2611 publice
931 2537 1141 2595 accedit
1168 2553 1183 2594 :
1214 2537 1416 2594 etenim
1443 2536 1663 2603 audivit,
1697 2537 1872 2607 ipsum
1908 2537 2072 2593 etiam

481 2633 737 2691 mulieres
765 2647 957 2690 curare
976 2674 993 2699 ,
1024 2640 1079 2688 et
1119 2631 1350 2703 puellam
1376 2639 1641 2686 mortuam
1669 2630 1840 2687 adire.
1892 2629 1949 2686 ln
1974 2630 2073 2687 do-

481 2741 629 2782 mum
655 2734 839 2781 autem
865 2739 1060 2781 vocare
1087 2739 1195 2780 non
1220 2738 1351 2779 ausa
1390 2733 1474 2779 est
1496 2762 1514 2790 ,
1559 2723 1659 2779 etsi
1685 2723 1837 2779 dives
1878 2733 2026 2781 esset
2054 2736 2069 2780 :

483 2834 659 2891 neque
683 2818 897 2891 publice
922 2818 1169 2883 accessit,
1201 2817 1297 2873 sed
1317 2817 1456 2872 clam
1480 2830 1605 2872 cum
1628 2815 1737 2871 ﬁde
1753 2817 2072 2874 vestimenta

482 2912 676 2981 tetigit.
707 2909 825 2966 Non
843 2909 1125 2975 dubitavit,
1155 2920 1329 2979 neque
1349 2908 1404 2962 in
1432 2908 1607 2978 seipsa
1632 2908 1766 2963 dixit
1794 2926 1808 2962 :
1836 2907 1975 2964 Num
2005 2908 2073 2963 li-

482 3003 718 3061 berabor
739 3018 771 3059 a
799 3003 1008 3068 morbo,
1033 3001 1239 3057 necne?
1254 3001 1348 3057 sed
1370 3000 1439 3057 de
1455 3001 1685 3057 sanitate
1705 3001 2073 3071 recuperanda

482 3096 758 3153 conlidens
788 3096 1016 3152 accessit
1046 3113 1059 3149 :
1089 3095 1299 3151 Dicebat
1321 3094 1475 3161 enim,
1508 3093 1700 3164 inquit,
1727 3096 1865 3150 intra
1892 3110 1946 3150 sc
1971 3111 1990 3150 :
2008 3096 2074 3153 Si

480 3190 646 3245 solum
688 3190 894 3261 tetigero
934 3189 1280 3243 vestimentum
1319 3189 1431 3259 ejus
1456 3228 1472 3254 ,
1513 3187 1655 3242 salva
1700 3204 1807 3243 ero.
1838 3186 2075 3247 Noverat

483 3281 626 3338 enim
640 3295 704 3336 ex
729 3295 832 3351 qua
854 3278 1203 3350 egrederetur
1216 3278 1401 3347 domo,
1419 3292 1614 3349 nempe
1638 3279 2071 3350 publicanum,

485 3380 543 3430 ct
561 3375 781 3445 quinam
824 3379 1202 3442 sequerentur,
1252 3370 1505 3426 nimirum
1552 3381 1862 3441 peccatores
1895 3381 1953 3429 et
1981 3388 2075 3444 pm

482 3463 677 3520 blicani
706 3462 858 3519 :baec
887 3478 1016 3519 vero
1042 3462 1223 3518 omnia
1262 3462 1420 3518 tidem
1457 3463 1559 3534 ipsi
1596 3463 1872 3519 indebant.
1924 3464 2064 3533 Quid

479 3557 642 3629 igitur
704 3556 987 3613 Christus?
1039 3556 1155 3612 Non
1222 3556 1466 3628 pennisit
1531 3570 1651 3612 eam
1716 3558 1921 3627 latere,
1972 3559 2071 3615 sed

478 3650 534 3706 ie
574 3649 808 3706 medium
833 3649 1087 3715 adduxit,
1116 3655 1171 3703 et
1200 3648 1384 3703 multis
1429 3647 1500 3704 de
1538 3648 1717 3703 causis
1760 3648 1905 3704 illam
1951 3664 2068 3705 ma-

480 3741 729 3797 nifestam
754 3753 877 3796 esse
917 3738 1109 3794 voluit.
1135 3738 1471 3809 Quamquam
1501 3740 1720 3810 quidam
1762 3741 1943 3797 stolidi
1986 3741 2071 3797 di-

478 3846 623 3897 cant,
653 3830 755 3886 hoc
782 3831 958 3901 ipsum
992 3829 1115 3885 ideo
1147 3830 1339 3887 fecisse
1359 3868 1376 3897 ,
1408 3831 1550 3901 quod
1580 3831 1806 3901 gloriam
1833 3842 2069 3890 amaret.

479 3925 589 3983 Cur
611 3924 779 3991 enim,
805 3922 1085 3994 inquiunt,
1115 3936 1220 3978 non
1242 3922 1487 3992 permisit
1521 3922 1664 3978 illam
1689 3924 1899 3981 latere?
1927 3926 2071 3994 Quid

478 4019 647 4084 dicis,
674 4014 1029 4074 exsecrande?
1055 4015 1145 4086 qui
1168 4014 1321 4084 jubet
1342 4023 1542 4080 tacere,
1571 4015 1661 4085 qui
1690 4027 1940 4071 sexcenta
1962 4017 2070 4073 mi-

480 4109 662 4165 racula
694 4105 1088 4178 prmtereurrit,
1132 4104 1355 4175 gloriam
1396 4105 1589 4160 amat?
1626 4104 1736 4161 Cur
1764 4121 1892 4177 ergo
1921 4107 2068 4165 illam

481 4201 538 4257 in
566 4198 802 4256 medium
832 4196 1073 4253 adducit?
1102 4196 1280 4251 Primo
1306 4195 1472 4252 solvit
1498 4196 1741 4251 mulieris
1776 4197 2025 4254 timorem
2043 4235 2061 4267 ,

479 4308 551 4350 ne
574 4291 925 4350 conscientia:
948 4288 1179 4346 stimulis
1197 4288 1393 4360 agitata
1418 4329 1436 4353 ,
1480 4296 1664 4358 utpote
1691 4304 1812 4361 qua:
1835 4289 2066 4361 gratiam

478 4387 626 4443 illam
652 4384 909 4442 sulfurata
939 4392 1124 4447 esset,
1169 4381 1426 4452 scrupulo
1449 4381 1741 4438 laboraret.
1773 4381 2024 4439 Secundo
2044 4425 2062 4452 ,

478 4482 649 4551 ipsam
680 4477 921 4549 corrigit,
950 4476 1095 4548 quod
1125 4490 1184 4531 se
1209 4474 1378 4531 latere
1403 4482 1636 4545 putaret.
1670 4472 1872 4542 Tertio,
1904 4475 2067 4533 fidem

477 4572 597 4641 ejus
624 4569 876 4626 omnibus
895 4577 1080 4623 notam
1113 4565 1307 4633 reddit,
1338 4574 1395 4621 ut
1417 4565 1507 4621 alii
1537 4580 1654 4621 eam
1678 4564 2018 4623 imitarentur
2047 4584 2061 4622 :

479 4677 656 4734 neque
681 4665 862 4717 minus
886 4660 1095 4732 signum
1149 4658 1300 4726 edit,
1331 4671 1452 4713 cum
1497 4656 1732 4713 ostendit
1782 4672 1843 4713 se
1886 4658 2067 4713 omnia

476 4757 641 4823 scire,
670 4768 831 4827 quam
868 4767 989 4809 cum
1020 4752 1220 4808 ﬂuxum
1268 4750 1543 4823 sanguinis
1588 4749 1822 4805 cohibet.
1863 4749 2067 4807 Deinde

476 4847 980 4919 archisynagogum,
1003 4843 1157 4914 cujus
1178 4841 1309 4898 fides
1334 4839 1753 4912 periclitabatur,
1784 4854 1890 4911 quo
1911 4851 2067 4910 pacto

476 4940 657 4995 omnia
689 4936 1049 5011 perdidisset,
1082 4950 1179 5005 per
1203 4933 1481 4989 mulierem
1513 4932 1657 4987 illam
1683 4932 2063 5007 confirmabat.

476 5033 608 5089 Nam
626 5039 883 5089 venerant
897 5030 987 5101 qui
1003 5026 1260 5085 dicerent:
1272 5025 1396 5081 Noli
1411 5042 1591 5081 vexare
1605 5027 1932 5097 magistrum;
1946 5042 2067 5084 nam

476 5134 763 5181 mortuaest
790 5122 959 5194 puella
980 5120 1134 5193 (Luc.
1158 5119 1631 5190 8.49).Quiautem
1658 5119 1711 5174 in
1733 5117 1895 5175 domo
1908 5127 2067 5177 erant

478 5216 771 5272 irridebant
789 5232 934 5281 eum,
955 5208 1097 5286 quod
1114 5212 1320 5269 diceret
1341 5212 1484 5267 illam
1512 5210 1771 5278 dormire;
1793 5211 2064 5268 verisimi-

477 5308 634 5379 leque
660 5317 776 5363 erat
800 5314 1008 5377 patrem
1025 5304 1184 5362 etiam
1204 5303 1473 5376 quidpiam
1490 5301 1662 5358 simile
1680 5315 1897 5373 passum
1916 5316 2059 5359 esse.

544 5398 600 5453 2.
627 5397 753 5454 Ideo
776 5398 922 5454 illam
940 5396 1304 5454 infirmitatem
1333 5394 1479 5465 prius
1505 5393 1819 5461 emendans,
1855 5394 2060 5450 mulier»

474 5491 653 5549 eulam
680 5490 965 5547 addueitin
998 5489 1255 5545 medium.
1294 5485 1447 5555 Quod
1476 5486 1618 5543 enim
1650 5480 1940 5542 admodum
1972 5499 2034 5540 ru

470 5586 559 5642 dis
585 5586 673 5640 ille
703 5593 883 5649 esset,
919 5581 1043 5637 audi
1063 5580 1190 5652 quid
1220 5578 1318 5651 ipsi
1347 5578 1517 5634 dicat:
1545 5574 1628 5632 Ne
1654 5577 1851 5641 timeas,
1887 5584 1942 5629 tu
1970 5590 2045 5630 so-

475 5678 580 5733 lum
604 5676 768 5741 crede,
801 5686 848 5730 et
871 5674 1015 5732 salva
1058 5675 1152 5729 crit
1181 5674 1200 5745 (
1224 5672 1363 5729 Ibid.
1392 5687 1442 5726 υ.
1470 5671 1603 5743 50).
1631 5669 1766 5726 Nam
1792 5670 1861 5724 de
1903 5666 2061 5723 indu-

476 5771 607 5832 stria
645 5771 954 5829 morabatur
980 5811 999 5832 .
1030 5777 1088 5825 ut
1134 5775 1262 5824 tunc
1312 5764 1594 5821 accederet
1617 5804 1637 5831 ,
1690 5777 1812 5821 cum
1843 5769 2051 5818 mortua

1223 294 1281 353 S.
1319 290 1601 353 JOANNIS
1627 286 2099 350 CHRYSOSTOMI
2138 285 2458 345 ARCHlEP.
2497 284 3034 345 CONSTANTINOP.
3663 292 3757 349 372

2189 412 2380 471 esset,
2438 411 2498 458 ut
2540 403 2685 458 clara
2732 403 3062 461 resurrectio
3109 411 3278 461 esset.
3327 403 3524 462 Idcirco
3573 409 3760 465 tardius

2189 492 2429 560 incedit,
2488 503 2544 549 et
2614 495 2831 551 mulieri
2899 495 3068 551 multa
3137 494 3406 567 loquitur.
3458 507 3515 553 ut
3562 498 3759 555 interim

2190 584 2279 639 illa
2310 595 2636 652 moreretur,
2665 595 2722 643 et
2744 587 3068 643 accederent
3095 586 3186 658 qui
3226 589 3342 643 haec
3364 589 3683 657 nuntiarent,
3707 608 3753 647 at

2187 676 2468 733 dicerent:
2504 676 2636 733 Noli
2662 695 2845 734 vexare
2866 680 3191 751 magistrum.
3237 680 3351 736 Hoc
3375 690 3428 736 et
3451 684 3761 752 evangelista

2184 771 2488 827 subindicat
2526 771 2757 828 dicens:
2795 773 2976 828 Adhuc
3005 790 3064 829 eo
3102 775 3336 845 loquente
3358 815 3375 839 ,
3416 786 3654 830 venerunt
3698 778 3755 831 de

2183 865 2334 920 domo
2368 867 2593 921 dicentes
2621 881 2641 921 :
2672 866 2881 922 Mortua
2911 878 2984 923 est
3007 868 3121 937 ﬁlia
3161 878 3250 922 tua
3276 884 3297 922 :
3317 868 3423 923 noli
3454 883 3634 923 vexare
3665 887 3761 922 ma-

2183 956 2417 1027 gistrum.
2445 957 2671 1014 Volebat
2705 959 2849 1014 enim
2880 958 3115 1030 evulgari
3142 966 3200 1015 et
3225 958 3382 1015 credi
3402 968 3629 1014 mortem
3658 1001 3673 1025 ,
3702 975 3760 1016 ne

2184 1050 2512 1105 resurrectio
2553 1059 2813 1121 suspecta
2842 1060 3008 1107 esset.
3050 1051 3120 1106 Et
3149 1050 3252 1106 hoc
3278 1051 3475 1122 ubique
3502 1050 3650 1107 facit.
3678 1053 3762 1109 Sic

2181 1138 2318 1194 etin
2347 1148 2522 1196 morte
2572 1140 2759 1197 Lazari
2788 1182 2805 1208 ,
2859 1150 2984 1214 post
3026 1141 3294 1213 primam,
3335 1142 3630 1199 secundam
3662 1153 3759 1201 ter-

2185 1230 2421 1302 tiamque
2458 1232 2601 1289 diem
2647 1235 2895 1291 accessit.
2954 1234 3190 1306 Ideoque
3236 1235 3388 1292 illam
3439 1235 3495 1290 in
3536 1236 3759 1293 medium

2180 1323 2396 1381 adducit
2422 1332 2479 1382 et
2501 1327 2579 1381 ait
2609 1341 2625 1381 :
2650 1326 2740 1381 ΞΩ.
2774 1327 3006 1397 Con/ide,
3040 1327 3150 1396 ﬁlia
3172 1342 3192 1391 ;
3217 1326 3356 1383 sicut
3383 1335 3440 1384 et
3480 1329 3761 1400 paralytico

2181 1413 2415 1483 dicebat,
2436 1414 2672 1486 Con/ide,
2695 1418 2769 1489 με
2789 1418 3007 1490 (Matth.
3022 1418 3075 1474 9.
3095 1418 3557 1488 2).Formidolosa
3577 1421 3761 1492 quippe

2179 1509 2371 1565 mulier
2394 1518 2544 1575 erat,
2577 1511 2807 1582 ideoque
2833 1511 2985 1579 dicit,
3017 1509 3252 1582 Con/ide,
3276 1520 3334 1569 et
3387 1512 3552 1569 tiliam
3581 1526 3758 1571 vocat:

2180 1615 2305 1656 nam
2336 1600 2468 1659 fides
2515 1603 2660 1658 illam
2715 1602 2878 1658 filiam
2933 1603 3234 1671 effecerat;
3286 1605 3413 1661 hinc
3456 1606 3510 1661 in
3560 1606 3759 1663 laudent

2180 1693 2298 1763 ejus
2316 1694 2448 1749 dicit
2471 1712 2485 1750 :
2515 1695 2672 1751 Fides
2695 1706 2785 1752 tua
2806 1706 2854 1751 te
2872 1697 3068 1752 saluam
3094 1697 3233 1767 fecit.
3263 1697 3434 1755 Lucas
3456 1713 3589 1754 vero
3621 1700 3757 1768 plura

2179 1788 2280 1841 alia
2305 1788 2462 1845 nobis
2489 1789 2559 1846 de
2589 1790 2814 1846 muliere
2850 1799 3054 1845 narrat.
3083 1790 3218 1846 Cum
3246 1791 3396 1848 enim
3423 1793 3756 1859 accessisset,

2179 1878 2374 1951 inquit,
2404 1890 2660 1937 etcurata
2692 1881 2917 1949 fuisset,
2967 1897 3072 1938 non
3121 1884 3302 1939 statim
3328 1883 3476 1939 illam
3515 1884 3753 1940 Christus

2178 1971 2409 2038 vocavit,
2432 1972 2529 2029 sed
2555 1972 2702 2042 prius
2727 1972 2863 2028 dixit
2887 1991 2901 2028 :
2921 1974 3046 2040 Quis
3061 1991 3142 2030 nte
3165 1974 3367 2045 tetigit?
3390 1975 3597 2032 Deinde
3613 1976 3761 2033 Petro

2178 2074 2234 2120 et
2260 2065 2380 2121 aliis
2404 2065 2712 2123 dicentibus
2741 2083 2756 2121 :
2796 2065 3112 2138 Prteceptor,
3150 2066 3310 2123 turba:
3334 2077 3384 2123 te
3420 2068 3761 2139 constringunt

2178 2166 2227 2213 et
2255 2158 2597 2229 comprimunt
2623 2197 2638 2223 ,
2671 2168 2719 2213 et
2744 2157 2892 2224 dicis,
2925 2158 3052 2227 Quis
3075 2175 3155 2213 me
3177 2159 3336 2230 tetigit
3368 2157 3523 2232 (Luc.
3553 2159 3608 2215 8.
3634 2161 3761 2229 45}?

2178 2246 2320 2316 quod
2372 2248 2663 2304 maximum
2712 2249 2925 2320 signum
2978 2257 3137 2316 erat,
3189 2248 3363 2319 ipsum
3424 2264 3592 2319 carne
3646 2265 3761 2306 vere

2177 2340 2561 2396 circumdatum
2612 2340 2809 2408 fuisse,
2864 2348 2922 2397 et
2980 2339 3177 2396 fastum
3218 2356 3435 2397 omnem
3484 2341 3757 2398 calcasse:

2178 2445 2350 2501 neque
2376 2431 2522 2487 enim
2550 2432 2735 2501 procul
2779 2431 3164 2503 sequebantur,
3214 2432 3311 2489 sed
3341 2432 3580 2504 undique
3622 2450 3760 2489 com-

2177 2521 2502 2593 primebant;
2534 2523 2627 2578 ille
2656 2538 2809 2587 vero.
2839 2524 3029 2596 inquit,
3059 2524 3239 2580 dicere
3267 2525 3505 2595 perstitit
3534 2543 3548 2580 :
3584 2525 3759 2597 Tetigit

2176 2629 2257 2668 me
2270 2612 2455 2684 aliquis
2480 2630 2500 2670 :
2523 2615 2640 2670 novi
2659 2616 2792 2669 enim
2815 2616 3048 2671 virtutem
3074 2631 3137 2670 ea:
3168 2631 3247 2670 me
3275 2616 3492 2671 exivisse
3514 2614 3677 2682 (Ibid.
3712 2634 3755 2671 υ.

2176 2705 2306 2774 46);
2335 2705 2607 2762 rudiorem
2645 2706 3052 2777 responsionem
3079 2722 3175 2777 pro
3192 2707 3502 2763 auditorum
3534 2718 3687 2779 captu
3711 2719 3761 2764 et

2176 2799 2429 2869 opinione
2455 2799 2804 2856 concinnans.
2836 2799 2962 2856 llaec
3004 2810 3185 2858 autem
3214 2800 3428 2859 diccbat
3458 2843 3477 2869 ,
3531 2812 3590 2859 ut
3625 2804 3757 2858 illam

2176 2892 2242 2947 ad
2269 2892 2636 2949 conﬁtendum
2667 2892 2966 2951 induceret.
2998 2892 3230 2965 ideoque
3255 2909 3364 2950 non
3384 2897 3573 2953 statim
3626 2897 3758 2952 illam

2176 2986 2484 3056 arguit,quo
2498 2985 2810 3054 ostendens,
2829 2986 3076 3043 seomnia
3097 2985 3332 3056 perfecte
3353 2987 3761 3054 scire,susderet

2177 3075 2252 3130 illi
2283 3084 2341 3131 ut
2365 3076 2542 3132 omnia
2571 3091 2666 3132 sua
2708 3085 2899 3149 sponte
2938 3076 3276 3143 declararet,
3320 3086 3375 3133 et
3401 3079 3549 3148 quod
3576 3078 3758 3135 factiun

2176 3177 2291 3225 erat
2309 3167 2716 3237 praedicaret,ne
2732 3168 2778 3223 si
2799 3168 2914 3239 ipse
2928 3167 3460 3239 dixisset,suspeetus
3476 3170 3757 3227 videretur.

2249 3259 2407 3315 Fides
2435 3260 2661 3315 mulieris
2692 3259 2956 3330 sanguinis
2981 3260 3179 3330 ﬂuxum
3227 3260 3488 3331 patientis.
3511 3260 3760 3318 —Videu’

2176 3354 2456 3410 mulierem
2509 3354 2937 3425 archisynagogo
2978 3353 3456 3423 praestantiorem?
3484 3353 3602 3410 Non
3644 3356 3757 3410 reti-

2179 3449 2314 3511 nuit,
2366 3462 2473 3504 non
2504 3446 2892 3518 apprehendit;
2924 3445 3021 3502 sed
3072 3445 3303 3503 summis
3352 3455 3564 3501 tantum
3590 3447 3760 3518 digitis

2180 3540 2375 3611 tetigit,
2399 3548 2454 3595 et
2482 3555 2603 3594 cum
2627 3539 2811 3594 ultima
2835 3540 3087 3604 venisset,
3119 3538 3266 3608 prior
3289 3548 3479 3595 sanata
3499 3540 3757 3596 discessit.

2176 3633 2269 3689 ille
2298 3632 2563 3688 medicum
2592 3631 2812 3686 adduxit
2836 3631 3089 3695 domum;
3119 3630 3241 3685 huic
3262 3637 3440 3686 tactus
3468 3632 3622 3686 solus
3640 3632 3760 3685 satis

2174 3725 2304 3779 iuit:
2333 3738 2454 3778 nam
2474 3723 2573 3779 etsi
2601 3719 2913 3792 :egritudine
2942 3721 3217 3792 ligaretur,
3242 3720 3346 3775 fide
3364 3733 3469 3776 ceu
3485 3721 3585 3776 alis
3598 3721 3759 3777 adtol-

2177 3815 2408 3873 lebatar.
2438 3813 2718 3882 Perpende
2747 3821 2929 3869 autem
2955 3811 3229 3883 quomodo
3257 3812 3401 3867 illam
3450 3812 3753 3867 consoletur

2175 3908 2398 3964 dicens:
2432 3905 2590 3961 Fides
2614 3916 2703 3961 tua
2739 3914 2790 3961 te
2829 3906 3022 3961 salsam
3049 3904 3188 3975 fecit.
3234 3904 3392 3975 Atqui
3433 3904 3484 3960 si
3525 3912 3757 3960 ostenta-

2174 4001 2339 4057 tionis
2364 4014 2525 4056 causa
2556 4000 2609 4054 in
2639 3998 2874 4054 medium
2921 3997 3067 4054 illam
3114 3996 3453 4069 produxisset
3484 4037 3501 4066 ,
3562 4013 3757 4068 nequa-

2174 4109 2335 4167 quam
2366 4092 2496 4148 illud
2532 4092 2840 4162 adiecturus
2871 4099 3025 4155 erat;
3053 4089 3148 4147 sed
3181 4092 3297 4146 haec
3322 4089 3460 4146 dixit
3486 4099 3546 4146 ut
3584 4089 3758 4146 archi-

2173 4200 2505 4260 synagogum
2541 4184 2609 4240 ad
2638 4182 2967 4240 credendum
3012 4182 3351 4249 institueret,
3397 4192 3454 4237 et
3486 4184 3755 4240 mulierem

2172 4276 2577 4335 commendaret
2596 4316 2612 4343 ,
2643 4284 2804 4347 atque
2854 4274 2936 4330 bis
2964 4274 3141 4331 verbis
3170 4274 3502 4344 voluptatem
3535 4276 3632 4344 ipsi
3658 4276 3756 4329 uti-

2173 4368 2486 4440 litatemque
2512 4365 2779 4437 praeberet
2793 4366 3035 4435 corporis
3050 4365 3325 4420 curatione
3347 4380 3453 4419 non
3478 4367 3755 4421 minorem.

2172 4461 2325 4531 Quod
2352 4470 2530 4516 autem
2573 4458 2640 4513 ad
2677 4459 2957 4514 mulierem
3000 4456 3377 4512 celebrandam
3422 4465 3758 4528 canorosque

2171 4552 2536 4611 emendandos
2578 4551 2630 4607 id
2674 4550 2880 4613 fecerit,
2934 4564 3042 4604 non
3089 4557 3272 4605 autem
3320 4546 3407 4603 sui
3456 4548 3754 4605 ostentandi

2170 4664 2352 4716 causa,
2387 4648 2469 4702 vel
2487 4646 2609 4702 hinc
2633 4646 2983 4716 conspicuum
3004 4652 3107 4707 est,
3140 4640 3283 4713 quod
3314 4642 3451 4713 ipse,
3481 4642 3749 4699 hocetiam

2170 4740 2390 4810 dempto
2409 4734 2583 4811 signo,
2603 4737 2773 4792 nihilo
2793 4736 2968 4791 minus
2983 4733 3332 4790 admirandus
3356 4733 3571 4791 futurus
3594 4743 3752 4801 esset,

2177 4824 2587 4880 cutncrebriora
2608 4824 2877 4879 niValibus
2900 4822 3617 4879 imbribuscireumlluerent
3639 4839 3753 4879 eum

2179 4919 2464 4986 miracula,
2487 4928 2541 4975 et
2559 4919 2717 4990 longe
2742 4921 2951 4991 majora
2977 4918 3199 4976 iecisset
3216 4918 3573 4992 [acturusque
3589 4932 3752 4977 esset:

2181 5011 2539 5077 muliervero,
2573 5012 2681 5067 nis:
2696 5012 2746 5067 id
2768 5012 2842 5066 ita
2877 5010 3083 5068 factum
3119 5020 3290 5076 esset,
3314 5011 3491 5069 latens
3522 5023 3579 5068 et
3601 5012 3754 5068 tantis

2179 5118 2354 5161 vacua
2365 5104 2618 5161 laudibus
2627 5102 3249 5173 abscessissetJdeome
3262 5103 3435 5176 ipsam
3450 5106 3506 5160 in
3525 5106 3753 5161 medium

2142 5236 2147 5239 -
2180 5199 2472 5256 adductam
2494 5198 2808 5264 celebravit,
2829 5199 3060 5270 ejusque
3087 5199 3340 5254 timorem
3375 5199 3618 5269 depulit:
3638 5212 3755 5251 nam

2178 5296 2430 5347 Tremens
2446 5290 2727 5358 accessit”
2732 5291 2841 5347 bid.
2862 5308 2911 5346 υ.
2929 5291 3044 5363 47),
3063 5292 3264 5363 inquit,
3283 5292 3598 5364 ipsequeilli
3627 5291 3755 5345 iidu-

2166 5384 2304 5442 ciam
2337 5384 2549 5453 indidit,
2581 5393 2638 5440 et
2678 5398 2805 5440 cum
2832 5384 3078 5454 corporis
3121 5383 3429 5441 valetudine
3453 5424 3472 5452 ,
3518 5384 3627 5439 alia
3659 5383 3753 5453 ipsi

2169 5481 2358 5535 viatica
2386 5478 2573 5545 dedit,
2603 5477 2815 5545 dicens,
2853 5475 2990 5531 Vade
3012 5476 3064 5531 in
3087 5492 3212 5548 pace
3244 5476 3407 5548 (Ibid.
3436 5493 3487 5531 ν.
3518 5475 3635 5547 48).
3661 5476 3747 5531 23.

2175 5571 2392 5627 Veniens
2424 5579 2602 5625 autem
2643 5570 2697 5624 in
2734 5569 2941 5623 domum
2968 5568 3213 5640 principis
3234 5611 3251 5635 ,
3281 5570 3553 5639 ridensque
3590 5568 3749 5622 tibicio

2167 5676 2255 5718 nes
2284 5672 2330 5718 et
2371 5662 2570 5718 turbant
2604 5662 3001 5717 tuumtuum:
3030 5701 3047 5727 ,
3095 5661 3188 5716 24.
3220 5661 3351 5715 dixit
3380 5675 3401 5716 :
3446 5659 3709 5715 Discedite
3731 5672 3751 5713 :

2171 5772 2271 5813 non
2295 5766 2368 5813 est
2394 5756 2527 5812 enim
2546 5765 2745 5810 mortua
2773 5754 2943 5818 puclla
2963 5791 2980 5812 .
3016 5754 3106 5809 sed
3133 5753 3344 5810 dormit.
3370 5752 3435 5809 Et
3456 5750 3751 5808 deridebant
