3922 6288
350 229 463 289 573

1167 231 1228 290 S.
1265 227 1550 290 JOANNIS
1585 230 2078 294 CHRYSOS‘I'OMI
2117 236 2436 295 ARCHIEP.
2475 233 3022 294 CONSTANTINOP.
3667 233 3759 290 3ῗί

357 347 652 418 εἰργάσατο
695 345 792 400 καί
833 344 1082 418 ποιήσειν
1133 345 1424 417 ἔμελλεν)ο
1478 349 1512 418 ἠ
1543 346 1600 400 δὲ
1651 349 1806 420 γυνὴ,
1846 350 1895 402 εἰ
1951 349 2030 418 μὴ
2127 354 2345 406 πάντων
2384 353 2639 407 παιδεύου
2678 353 2759 418 ³⁸,
2799 350 2861 405 τὸ
2910 349 3114 418 ἄτυφον
3163 346 3257 401 καὶ
3305 344 3633 410 ἀκενόδοξον·
3679 350 3762 403 καὶ

355 429 512 480 τοῦτο
545 428 759 497 γέγονε,
790 427 1030 481 λαθοῦσα
1054 429 1120 482 ἂν
1150 430 1382 498 ἀπῆλθε,
1403 430 1512 484 τῶν
1547 431 1799 501 μεγάλων
1825 431 2027 484 τούτων
2129 433 2266 504 μετά
2308 434 2498 488 τούτου
2544 435 2767 487 κάκεῖνο
2815 432 3087 504 μάνθανε,
3125 430 3206 482 ὅτι
3255 431 3380 492 τοὺς
3422 430 3763 500 κοπτομένους

355 511 774 582 ἀπεστερημένη
804 511 1059 564 ἐπαίνων.
1091 511 1190 564 Διά
1210 511 1367 565 τοῦτο
1399 512 1570 584 αὐτὴν
1591 513 1672 572 είς
1699 514 1863 582 μέσον
1892 515 2029 582 ἀγαο

355 594 468 662 γὼν
497 594 822 665 ἀνεκήρυξε,
843 594 937 646 καὶ
958 595 1019 647 τὸ
1043 595 1160 658 δέος
1191 593 1411 660 ἐξέϐαλε
1447 595 1576 667 (καὶ
1601 595 1708 665 γάρ
1727 597 2024 666 τρέμουσα,

356 677 516 748 φησὶ,
545 676 880 750 προσῆλθε),
915 679 1008 731 καὶ
1038 678 1261 749 θαρρεῖν
1291 678 1460 748 αὐτὴν
1483 679 1865 748 παρεσκεύασε
1885 719 1900 742 ,
1931 679 2027 733 καὶ

358 757 500 828 μετά
526 759 628 829 τῆς
659 758 870 828 ὑγιείας
905 758 999 811 τοῦ
1033 758 1282 830 σώματος
1323 760 1418 812 καὶ
1441 759 1602 828 ἕτερα
1629 759 1765 831 αὐτῇ
1795 761 2025 814 δέδωκεν

356 841 566 910 ἐφόδια,
612 839 800 904 εἰπὼν,
857 842 1123 908 Πορεύου
1172 842 1243 894 ἐν
1279 841 1508 910 εἰρήνῃ.

431 922 660 978 Ἐλθὼν
683 922 753 976 δὲ
779 924 865 989 είς
888 921 1005 990 τὴν
1033 924 1228 977 οὶκίαν
1264 923 1371 978 τοῦ
1407 922 1698 992 ἄρχοντος
1718 961 1732 988 ,
1763 923 1858 976 καὶ
1884 921 2026 976 ἰδὼν

353 1006 501 1074 τσὺς
527 1006 812 1074 αὐλητὰς,
838 1006 937 1060 καὶ
963 1007 1067 1061 τὸν
1093 1007 1281 1074 ὄχλον
1307 1007 1765 1075 θορυϐούμενον,
1792 1007 2021 1074 ἐλεγενο

371 1090 767 1161 Ἁποχωρεῖτε·
805 1093 878 1146 οὐ
904 1092 1014 1159 γὰρ
1040 1089 1302 1144 ἀπέθανε
1326 1088 1392 1142 τὸ
1414 1087 1722 1156 κοράσιον,
1752 1089 1911 1143 ἀλλὰ
1928 1105 2028 1142 κα-

351 1173 572 1230 θεύδει.
602 1174 712 1228 Καὶ
728 1174 1066 1244 κατεγέλων
1091 1172 1278 1226 αὐτοῦ
1297 1173 1362 1224 ’⁵.
1385 1171 1542 1226 Καλά
1559 1187 1623 1240 γε
1639 1170 1749 1224 τῶν
1776 1173 2028 1242 ἀρχισυν-

355 1252 588 1322 αγώγων
611 1254 679 1308 τά
701 1257 996 1326 τεκμήρια,
1015 1256 1072 1307 ἐν
1086 1251 1163 1322 τῷ
1177 1254 1221 1284 ’⁸
1234 1253 1525 1307 ἀποθανεῖν
1541 1253 1692 1306 αύλοὶ
1709 1254 1804 1306 καί
1819 1253 1884 1306 κύ
1892 1253 2028 1324 μϐα·

355 1332 424 1387 λα
446 1336 641 1407 θρῆνον
667 1339 994 1408 ἐγείροντες.
1019 1336 1084 1388 Τί
1106 1333 1242 1390 οῦνὸ
1259 1334 1514 1405 Χριστός;
1544 1335 1682 1398 Τοὺς
1707 1336 1805 1406 μὲν
1831 1335 2026 1398 ἀλλους

355 1417 602 1483 ἅπαντας
619 1421 861 1485 ἐξέϐαλε,
881 1421 1006 1482 τοὺς
1029 1419 1086 1473 δὲ
1113 1417 1507 1488 γεγεννηκότας
1532 1419 1844 1489 εἰσήγαγεν,
1883 1417 2024 1471 ὥστε

358 1501 433 1572 μὴ
457 1502 774 1570 ἐγγενέσθαι
806 1506 1000 1562 εἰπεῖν.
1029 1503 1112 1555 ὃτι
1135 1502 1307 1563 ἄλλως
1331 1501 1374 1533 ⁸⁷
1404 1500 1737 1572 ἐθεράπευσε
1756 1518 1770 1532 ⁸
1803 1501 1898 1554 καὶ
1918 1505 2024 1572 πρὸ

351 1585 454 1655 τῆς
477 1587 824 1649 ἀναστάσεως
846 1587 903 1640 δὲ
924 1585 1130 1656 ἐγείρει
1149 1584 1226 1654 τῷ
1254 1584 1418 1654 λόγῳ,
1436 1584 1608 1652 λέγων
1627 1600 1642 1614 ο
1669 1585 1752 1637 Οὐ
1774 1584 2024 1650 τέθνηκε

351 1667 420 1719 τὸ
451 1667 758 1735 κοράσιον,
797 1668 959 1722 ἀλλὰ
989 1667 1286 1722 καθεύδει.
1327 1668 1437 1720 Kal
1466 1667 1735 1738 πολλαχοῦ
1768 1669 1824 1720 δέ
1867 1668 2024 1721 τοῦτο

353 1752 513 1803 ποιεῖ.
542 1750 754 1822 Ὠσπερ
781 1747 875 1804 οὖν
903 1752 947 1782 ’⁸
975 1752 1069 1804 καὶ
1096 1750 1190 1803 ἐπὶ
1233 1751 1333 1820 τῆς
1358 1749 1627 1820 θαλάττης
1658 1751 1887 1820 ἐπιτιμᾷ
1911 1753 2023 1813 τοῖς

353 1831 619 1903 μαθηταῖς
654 1833 862 1904 πρῶτον
882 1849 896 1863 ο
920 1831 1064 1886 οὕτω
1087 1833 1152 1893 δὴ
1179 1833 1274 1886 καὶ
1305 1831 1536 1886 ἐνταῦθα
1559 1831 1650 1884 τὸν
1674 1831 1900 1899 θόρυϐον
1927 1834 2022 1885 ἐκ-

2125 516 2230 581 ἐξω
2255 517 2354 587 τῆς
2377 516 2551 580 οἰκίας
2575 516 2796 580 ἐξέϐαλε
2817 554 2832 577 ,
2862 515 2956 566 καὶ
2982 511 3232 579 ἀναξίους
3251 511 3350 582 τῆς
3375 514 3615 581 τοιαύτης
3645 511 3768 564 θεω-

2128 599 2249 669 ρίας
2278 597 2543 668 ἀπέφηνεο
2570 597 2664 649 καὶ
2687 597 2761 667 μὴ
2785 594 3004 667 ἐξέλθῃς
3024 595 3159 664 μετά
3175 593 3285 670 τῶν
3297 591 3620 658 αὐλούντων,
3644 592 3766 648 ἀλλά

2129 681 2256 749 μένε
2291 681 2426 750 μετά
2462 681 2664 749 Πέτρου
2700 679 2793 731 καὶ
2830 679 3074 730 Ἰωάννου
3114 676 3209 728 καί
3255 674 3528 728 Ἰακώϐου.
3576 676 3635 728 Et
3671 676 3766 747 γάρ

2124 763 2244 814 τότε
2275 763 2524 826 ἐξέϐαλεν
2563 762 2802 824 ἐκείνους
2832 760 2956 826 ἔξω,
3000 759 3178 830 πολλῴ
3211 759 3411 829 μᾶλλον
3439 759 3531 812 νῦν
3558 760 3620 812 ⁸⁸.
3646 759 3766 812 Τότε

2121 847 2226 916 μὲν
2257 846 2366 917 γὰρ
2395 845 2548 898 ούπω
2570 845 2726 914 δῆλος
2768 846 2796 897 δ
2826 843 3052 903 θάνατος
3091 839 3160 912 ἦν
3196 841 3358 904 ὕπνος
3390 841 3765 910 γεγενημένοςο

2125 928 2218 981 νῦν
2257 927 2314 980 δὲ
2347 927 2442 982 καὶ
2473 926 2637 980 αὑτοῦ
2678 927 2772 980 τοῦ
2815 925 2966 996 ἡλίου
3004 923 3164 977 τοῦτο
3208 922 3600 994 φανερώτερον.
3645 922 3768 975 Ἀλλ’

2123 1011 2224 1064 οὐκ
2247 1010 2435 1082 ῆγειρέ
2457 1028 2549 1063 σου
2581 1009 2642 1063 τὸ
2662 1009 2952 1080 θυγάτριον
2977 1008 3107 1072 νῦν;
3152 1007 3311 1060 Ἀλλά
3341 1007 3555 1068 πάντως
3583 1007 3767 1076 ἐγερεῖ,

2123 1094 2218 1146 καί
2243 1092 2382 1163 μετά
2410 1092 2656 1156 πλείονος
2682 1094 2781 1163 τῆς
2811 1092 2988 1162 δόξης.
3037 1093 3245 1146 Ἐκεῖνο
3279 1091 3378 1161 μὲν
3415 1091 3524 1160 γάρ
3553 1088 3769 1142 ἀναστὰν

2125 1173 2286 1227 πάλιν
2325 1174 2562 1227 ἀπέθανε
2587 1189 2603 1205 ο
2637 1173 2701 1226 τὸ
2745 1174 2802 1226 δὲ
2840 1174 2929 1228 σὺν
2975 1173 3070 1227 ἐάν
3121 1175 3330 1243 ἀναστῇ
3353 1212 3368 1236 ,
3416 1172 3568 1242 μένει
3604 1169 3770 1222 λοιπόν

2124 1255 2393 1310 ἀθάνατον
2420 1256 2460 1287 ³⁷
2493 1256 2574 1310 δν.
2604 1255 2650 1287 ³⁸
2674 1256 2879 1326 Μηδεὶς
2909 1255 3087 1309 τοίνυν
3114 1254 3396 1309 κοπτέσθω
3420 1252 3624 1316 λοιπὸν,
3653 1251 3772 1322 μηᾶ

2125 1336 2408 1409 θρηνείτω,
2451 1338 2588 1408 μηδὲ
2616 1337 2770 1410 [561]
2803 1339 2864 1392 τὸ
2895 1338 3224 1409 κατόρθωμα
3269 1337 3364 1391 τοῦ
3396 1335 3632 1405 Χριστοῦ
3666 1336 3769 1389 διαο

2125 1420 2384 1474 ϐαλλέτω.
2418 1421 2524 1472 Kal
2562 1420 2671 1491 γάρ
2703 1421 2920 1490 ἐνίκησε
2964 1420 3056 1472 τόν
3087 1420 3335 1474 θάνατον.
3384 1419 3450 1473 Τί
3479 1419 3652 1471 τοίνυν
3687 1432 3772 1468 πε-

2126 1503 2282 1574 ριττά
2309 1502 2557 1573 θρηνεῖς;
2582 1501 2789 1566 ’Ὕπνος
2812 1503 2871 1555 τὸ
2899 1505 3131 1574 πρᾶγμα
3156 1503 3366 1573 γέγονε.
3402 1502 3466 1555 Τί
3505 1500 3664 1571 ὀδύρῃ
3690 1498 3773 1552 καί

2125 1585 2362 1650 κλαίειςς
2393 1585 2562 1637 Τοῦτο
2593 1584 2700 1656 γὰρ
2731 1586 2779 1638 εί
2811 1586 2904 1638 καὶ
2935 1586 3196 1656 Ἕλληνες
3219 1586 3452 1649 ἐποίουν,
3486 1582 3773 1652 καταγελᾷν

2123 1667 2228 1721 εδει
2249 1685 2264 1699 ο
2297 1669 2424 1722 ὅταν
2455 1669 2510 1720 δὲ
2546 1670 2575 1721 ό
2609 1668 2796 1732 πιστὸς
2821 1670 2879 1720 ἐν
2909 1669 3118 1732 τούτοις
3146 1671 3450 1739 ἀσχημονῇ,
3487 1667 3618 1720 ποία
3647 1668 3772 1720 ἀπο-

2121 1749 2308 1818 λογία;
2339 1751 2424 1814 τίς
2465 1750 2617 1804 ἐσται
2649 1750 2945 1821 συγγνώμη
2991 1749 3218 1804 τοιαῦτα
3249 1750 3662 1821 ἀνοηταίνουσι,
3690 1748 3774 1800 καὶ

2121 1831 2293 1886 ταῦτα
2327 1833 2467 1902 μετὰ
2493 1833 2682 1902 χρόνον
2708 1833 2961 1886 τοσοῦτον
2991 1833 3083 1886 καὶ
3127 1831 3275 1901 σαφῆ
3302 1831 3402 1901 τῆς
3441 1830 3774 1890 ἀναστάσεως

346 1913 534 1968 ϐάλλει
559 1915 658 1984 τῆς
684 1916 924 1979 διανοίας
952 1914 1061 1969 τῶν
1103 1914 1388 1985 παρόντων
1413 1953 1430 1978 ,
1462 1912 1600 1983 όμοῦ
1625 1913 1720 1967 καὶ
1740 1914 1786 1946 ³⁸
1811 1913 2025 1976 δεικνὺς

349 1995 431 2048 ὅτι
465 1995 688 2050 εὔκολον
727 1998 875 2068 αύτῷ
922 1998 1051 2059 τοὺς
1089 1995 1421 2066 τεθνηκότας
1469 1997 1681 2067 ἐγεῖραι
1729 1994 1780 2066 (ὃ
1823 1995 1887 2064 δὴ
1929 1996 2026 2050 καὶ

2121 1914 2422 1982 ἀπόδειξιν;
2458 1917 2531 1967 Σὺ
2564 1915 2620 1968 δὲ
2662 1914 2850 1986 ὥσπερ
2893 1915 3124 1985 αὐξῆσαι
3147 1915 3210 1968 τὸ
3243 1914 3500 1984 ἔγκλημα
3528 1911 3770 1973 σπεύδων,

2122 1997 2217 2051 καὶ
2240 1996 2545 2067 θρηνῳδοὺς
2567 1999 2698 2067 ἡμῖν
2717 1996 2870 2065 ἄγεις
2897 1997 3207 2068 Ἑλληνίδας
3230 1997 3519 2065 γυναῖκας,
3547 1995 3776 2060 ἐξάπτων

2121 2081 2184 2134 τὸ
2211 2081 2381 2144 πάθος
2402 2081 2468 2145 ³⁸,
2491 2082 2586 2133 καὶ
2615 2083 2714 2152 τὴν
2735 2082 2962 2150 κάμινον
2989 2080 3290 2152 διεγείρων,
3321 2079 3417 2133 καὶ
3446 2078 3550 2130 οὐκ
3574 2075 3772 2135 ἀκούεις

2121 2163 2216 2218 τοῦ
2256 2165 2468 2219 Παύλου
2513 2165 2791 2234 λέγοντοςο
2831 2166 2925 2230 Τίς
2957 2163 3350 2233 συμφώνησις
3378 2160 3612 2230 Χριστῷ
3641 2158 3774 2227 πρὸς

2123 2247 2374 2316 Βε.ιίαρ;
2403 2246 2440 2316 ἢ
2471 2248 2562 2314 τίς
2576 2248 2746 2316 μερὶς
2770 2245 2960 2311 πιστῷ
2985 2246 3133 2315 μετὰ
3153 2245 3444 2309 ἀπίστους
3474 2243 3582 2297 Kal
3607 2240 3774 2301 παῖδες

351 2077 445 2130 ἐπὶ
473 2077 569 2131 τοῦ
613 2080 866 2152 Λαζάρου
901 2079 1188 2150 πεποίηκε,
1237 2077 1412 2146 λέγων
1439 2094 1452 2130 τ
1496 2077 1759 2147 Λάζαρος
1785 2081 1818 2132 ό
1845 2079 2025 2146 φίλος

349 2159 518 2228 ἡμῶν
546 2161 696 2234 [560]
720 2163 1106 2231 κεκοίμηται),
1132 2163 1226 2215 καὶ
1255 2160 1373 2231 ἃμα
1404 2160 1673 2214 παιδεύων
1699 2163 1772 2231 μὴ
1794 2159 2024 2215 δεδιέναι

347 2244 439 2296 τὸν
464 2244 711 2299 θάνατον’
741 2247 802 2299 ού
833 2247 941 2318 γάρ
975 2242 1110 2299 εἶναι
1155 2244 1382 2298 θάνατον
1425 2243 1585 2297 αὑτὸν
1607 2242 1674 2305 ³⁸,
1703 2243 1818 2297 ἀλλ’
1857 2243 2024 2300 ὕπνον

346 2325 532 2380 λοιπὸν
556 2329 902 2400 γεγενῆσθαι.
934 2327 1153 2399 Ἐπειδὴ
1190 2327 1299 2398 γάρ
1328 2328 1424 2381 καὶ
1445 2326 1604 2390 αὐτὸς
1631 2325 1856 2397 ἔμελλεν
1883 2329 2020 2381 ἀπο-

344 2409 622 2482 θνήσκειν,
658 2413 715 2466 ἐν
741 2415 853 2476 τοῖς
879 2412 1080 2483 ἐτέρων
1103 2411 1320 2482 σώμασι
1349 2411 1865 2482 προπαρασκευάζει
1895 2412 2023 2475 τοὺς

345 2494 601 2565 μαθητάς
634 2493 878 2568 θαρρεῖν,
914 2495 1010 2548 καὶ
1045 2494 1237 2566 πράως
1264 2493 1450 2564 φέρειν
1475 2493 1574 2564 τὴν
1602 2492 1881 2564 τελευτήν.
1915 2493 2022 2548 Καὶ

347 2577 457 2647 γάρ
480 2577 644 2632 αὑτοῦ
674 2578 1124 2650 παραγενομένου
1148 2577 1189 2607 ³⁸
1223 2575 1408 2629 λοιπὸν
1438 2574 1605 2639 ὕπνος
1629 2577 1658 2628 ό
1685 2575 1910 2640 θάνατος
1931 2571 2021 2647 ἦν.

358 2662 497 2716 Ἀλλ’
527 2663 676 2734 ὅμως
706 2662 1012 2731 κατεγέλων
1043 2659 1240 2715 αὐτοῦ’
1280 2660 1442 2723 αὐτὸς
1470 2659 1526 2712 δὲ
1563 2659 1665 2712 ούκ
1709 2661 2025 2732 ἠγανάκτηο

348 2760 441 2798 σεν
468 2745 866 2816 ἀπιστούμενος
902 2743 989 2814 ἐφ’
1031 2741 1114 2806 οἷς
1149 2742 1346 2814 μικρὸν
1397 2741 1621 2806 ὕστερον
1659 2742 1850 2812 ἔμελλε
1901 2743 2022 2801 θαυ-

347 2831 700 2900 ματουργεῖνο
723 2827 845 2881 οὐδὲ
884 2826 1186 2897 ἐπετίμησε
1225 2825 1305 2897 τῷ
1331 2824 1558 2894 γέλωτι,
1594 2825 1680 2878 ἵνα
1714 2826 1809 2880 καὶ
1836 2827 2019 2892 αὐτὸς,

347 2911 444 2963 καὶ
470 2912 520 2964 οί
548 2910 727 2974 αὐλοὶ,
763 2909 859 2964 καὶ
886 2911 955 2962 τά
989 2908 1268 2978 κύμϐαλα,
1296 2908 1391 2961 καὶ
1418 2906 1489 2960 τά
1511 2907 1648 2962 ἄλλα
1679 2908 1857 2962 πάντα
1887 2909 2022 2963 ἀπό-

339 2991 510 3058 δειξις
541 2994 767 3063 γένηται
789 2990 884 3044 τοῦ
915 2990 1170 3045 θανάτου.

415 3080 488 3143 γ’.
557 3073 772 3144 Ἐπειδὴ
815 3073 925 3143 γάρ
974 3072 1050 3135 ὡς
1090 3070 1159 3124 τά
1191 3068 1364 3122 πολλά
1393 3068 1535 3139 μετά
1566 3069 1627 3124 τὸ
1671 3069 2023 3139 γενέσθαιτά

341 3153 597 3224 θαύματα
644 3152 968 3208 ἀπιστοῦσιν
1011 3152 1307 3223 ἄνθρωποι,
1342 3153 1856 3224 προκαταλαμϐάνει
1904 3158 2023 3220 ταῖς

340 3235 572 3299 οἰκείαις
593 3237 949 3310 ἀποκρίσεσιν
987 3234 1203 3298 αὐτούς’
1229 3235 1258 3288 ὃ
1288 3235 1354 3306 δὴ
1387 3236 1483 3290 καὶ
1519 3237 1612 3289 ἐπὶ
1637 3236 1732 3290 τοῦ
1771 3237 2021 3309 Λαζάρου

342 3318 560 3388 γέγονε,
591 3321 688 3373 καὶ
727 3321 821 3373 ἐπὶ
865 3317 960 3372 τοῦ
993 3317 1293 3382 Μωῦσέως.
1329 3318 1439 3372 Καὶ
1483 3318 1592 3390 γάρ
1625 3321 1830 3391 Μωῦσῇ
1865 3335 2018 3391 φησιο

349 3404 412 3457 Τί
429 3402 606 3457 τοῦτο
634 3402 700 3456 τὸ
728 3402 798 3455 ἐν
829 3400 905 3470 τῇ
935 3402 1091 3470 χειρί
1117 3417 1274 3467 σου;
1309 3403 1376 3456 ἵν’
1413 3403 1544 3458 ὅταν
1570 3403 1654 3477 ιδῃ
1686 3405 1810 3474 ὅφιν
1861 3421 2024 3474 γεγε-

2122 2415 2433 2486 εύρίσκουσι
2455 2415 2644 2483 λόγους
2666 2413 3036 2486 παραμυθίας,
3057 2411 3325 2478 λέγοντες·
3346 2407 3486 2478 Φέρε
3508 2406 3774 2475 γενναίως’

2122 2500 2348 2570 καὶγὰρ
2382 2499 2645 2552 ἀναλῦσαι
2674 2499 2735 2552 τὸ
2778 2495 3142 2566 γεγενημένον
3181 2493 3283 2546 οὐκ
3330 2491 3440 2556 ενι,
3477 2490 3598 2544 οὐδὲ
3644 2489 3774 2558 διορο

2123 2583 2296 2639 θῶσαι
2316 2581 2360 2613 ⁸ο
2375 2586 2486 2645 τοῖς
2507 2580 2724 2652 θρήνοις
2742 2596 2756 2610 ο
2791 2581 2856 2633 σὺ
2877 2578 2933 2632 δέ
2960 2579 2989 2631 ό
3006 2573 3412 2646 φιλοσοφώτερα
3439 2573 3537 2627 καὶ
3563 2571 3774 2643 χρηστό-

2121 2683 2255 2736 τερα
2309 2665 2516 2718 τούτων
2573 2661 2808 2726 ἀκούων,
2855 2661 2956 2714 οὐκ
3013 2657 3243 2729 αἰσχύνη
3294 2655 3520 2728 μείζονα
3570 2654 3773 2736 ἐκείνων

2121 2734 2445 2819 ἀσχημονῶν
2468 2763 2483 2809 ;
2513 2744 2650 2798 Οὐδὲ
2681 2743 2790 2814 γάρ
2817 2742 3066 2812 λέγομενο
3115 2741 3251 2811 Φέρε
3277 2738 3543 2808 γενναίως
3565 2778 3580 2801 ,
3605 2734 3772 2805 ἐπειδὴ

2121 2833 2183 2884 τὸ
2209 2828 2572 2900 γεγενημένον
2605 2825 2867 2880 ἀναλῦσαι
2885 2826 2984 2879 ούκ
3013 2825 3092 2879 ἐνι
3115 2841 3127 2856 ·
3152 2823 3308 2886 ἀλλά,
3337 2822 3474 2894 Φέρε
3507 2819 3770 2900 γενναίωςξ

2123 2915 2217 2969 καί
2243 2914 2350 2987 γὰρ
2383 2899 2750 2982 ἀναστήσεται
2783 2911 3021 2972 πάντων
3056 2907 3305 2961 καθεύδει
3335 2905 3396 2959 τό
3427 2904 3658 2964 παιδίον,
3692 2899 3776 2954 καί

2119 2997 2182 3050 ού
2222 2985 2520 3067 τέθνηκεν’
2559 2991 2840 3064 ἡσυχάζει,
2883 2993 2975 3044 καὶ
3022 2991 3120 3043 ούκ
3169 2987 3466 3042 ἀπόλωλεν.
3534 2985 3776 3040 Ἀνάστα·

2123 3097 2204 3143 σις
2249 3078 2358 3150 γάρ
2404 3076 2534 3132 αὐτὸ
2581 3075 2902 3139 διαδέξεται,
2934 3074 3028 3126 καὶ
3060 3071 3174 3142 ζωὴ
3202 3071 3438 3134 αἰώνιος,
3476 3070 3572 3124 καὶ
3595 3069 3774 3123 aem-

2123 3163 2236 3225 σία,
2275 3162 2369 3216 καὶ
2411 3159 2562 3228 λῆξις
2601 3157 2891 3230 ἀγγελική.
2925 3157 3038 3210 υύκ
3068 3155 3286 3219 ἀκούεις
3328 3153 3422 3208 τοῦ
3455 3151 3670 3224 ψαλμοῦ
3696 3150 3774 3203 λέ-

2121 3263 2331 3314 γοντος,
2367 3243 2789 3311 Ἐπίστρεψον,
2813 3239 2980 3310 ψυχή
3010 3257 3147 3309 μου,
3178 3241 3266 3305 είς
3303 3237 3420 3306 τὴν
3441 3233 3775 3292 ἀνάπαυσίν

2121 3347 2260 3394 σου,
2282 3327 2372 3382 ὅτι
2408 3327 2622 3395 Κύριος
2648 3323 3006 3395 εὐεργέτησε
3031 3339 3137 3386 σε;
3165 3322 3502 3393 Εύεργεσίαν
3529 3323 3558 3375 ό
3577 3321 3700 3383 Θεὸς
3722 3319 3774 3372 τὸ

2122 3415 2357 3485 πρᾶγμα
2385 3409 2574 3476 καλεῖ,
2605 3408 2698 3462 καὶ
2731 3409 2796 3461 σὺ
2826 3407 3077 3478 θρηνεῖς;
3106 3408 3214 3460 Καὶ
3242 3406 3296 3458 τί
3330 3404 3495 3458 πλέον
3522 3405 3590 3458 ἂν
3616 3402 3776 3472 ἐποίη-

2123 3513 2222 3558 σας
2241 3535 2255 3556 .
2292 3493 2342 3547 εἰ
2375 3491 2633 3562 πολέμιος
2659 3490 2756 3544 καὶ
2778 3489 2971 3560 ἐχθρὸς
3000 3488 3091 3542 τοῦ
3118 3488 3570 3559 τετελευτηκότος
3593 3485 3658 3558 ἦς
3681 3505 3695 3553 ;
3721 3487 3775 3540 Et

2121 3575 2230 3646 γάρ
2254 3575 2336 3629 δεῖ
2373 3573 2612 3645 θρηνεῖν,
2648 3572 2738 3626 τὸν
2767 3571 3011 3625 διάϐολον
3041 3571 3123 3625 δεῖ
3152 3572 3389 3644 θρηνεῖν.
3429 3571 3666 3633 Ἐκεῖνος
3696 3589 3775 3624 κο-

2121 3658 2360 3722 πτέσθω,
2391 3659 2598 3720 ἐκεῖνος
2622 3655 2926 3725 ὀδυρέσθω,
2961 3656 3045 3708 ὅτι
3087 3655 3223 3726 πρὸς
3248 3654 3318 3708 τά
3355 3653 3582 3724 μείζονα
3615 3652 3776 3707 ὁδεύο-

2124 3759 2224 3814 μεν
2255 3741 2456 3810 ἀγαθά.
2487 3739 2601 3810 Τῆς
2628 3738 2836 3792 ἐκείνου
2869 3737 3138 3806 πονηρίας
3167 3736 3294 3801 ἀξία
3322 3735 3463 3807 αῦτη
3493 3739 3527 3808 ἠ
3557 3733 3773 3805 οἰμωγὴ,

2119 3824 2240 3895 οὐχὶ
2267 3823 2360 3877 σοῦ
2389 3823 2483 3876 τοῦ
2520 3820 2913 3891 στεφανοῦσθαι
2945 3820 3228 3890 μέλλοντος
3266 3821 3361 3874 καὶ
3391 3819 3770 3874 ἀναπαύεσθαι.

2120 3907 2232 3962 Kal
2259 3906 2368 3978 γάρ
2411 3905 2576 3977 λιμὴν
2614 3903 2788 3968 εθδιος
2834 3905 2863 3958 ὁ
2907 3903 3161 3968 θάνατος.
3209 3903 3406 3956 Σκόπει
3447 3901 3583 3971 γοῦν
3613 3901 3775 3954 πόσων

2119 3989 2279 4059 γέμει
2326 3987 2513 4043 κακῶν
2561 3987 2590 4040 ὁ
2648 3986 2836 4056 παρὼν
2889 3985 3021 4056 βίοςο
3056 3987 3311 4056 ἐννόησον
3353 3986 3588 4048 ποσάκις
3627 3981 3775 4043 αὐτὸς

2120 4073 2417 4143 κατηράσω
2443 4071 2541 4141 τὴν
2573 4071 2854 4143 παροῦσαν
2890 4071 3056 4142 ζωήν.
3103 4071 3211 4124 Kal
3241 4070 3348 4140 γάρ
3381 4069 3476 4123 ἐπὶ
3510 4068 3573 4123 τὸ
3612 4070 3775 4138 χεῖρον

2121 4155 2192 4208 τά
2233 4156 2534 4226 πράγματα
2559 4154 2804 4226 πρόεισι,
2848 4154 2942 4206 καί
2975 4152 3036 4217 ἐξ
3063 4153 3238 4223 ἀρχῆς
3260 4151 3316 4204 δὲ
3352 4152 3414 4204 ού
3451 4152 3626 4222 μικρᾷ
3671 4165 3773 4202 συνο

2121 4235 2438 4307 ἐκληρώθης
2451 4235 2736 4307 καταδίκῃ.
2755 4237 2857 4291 Ἐν
2875 4235 2984 4306 γάρ
3001 4236 3223 4301 λύπαις
3247 4233 3384 4302 τέξῃ
3411 4234 3608 4298 τέκνα,
3636 4230 3770 4302 φησί·

2122 4321 2236 4384 καὶ,
2304 4320 2407 4372 Ἐν
2443 4315 2638 4386 ἱδρῶτι
2668 4317 2772 4372 τοῦ
2799 4318 3122 4386 προσώπου
3151 4333 3266 4371 σου
3287 4315 3446 4386 φάγῃ
3481 4317 3590 4372 τὸν
3609 4317 3774 4384 άρτω·

2123 4415 2260 4457 σου·
2292 4400 2409 4465 καὶ,
2451 4401 2548 4454 Ἑν
2568 4399 2648 4466 τῷ
2689 4402 2894 4469 κόσμῳ
2923 4399 3136 4469 θλῒψιν
3159 4399 3343 4464 ἕξετε.
3399 4398 3540 4452 ’Λλλ’
3573 4399 3632 4452 ού
3663 4395 3774 4466 περὶ

2121 4483 2230 4538 τῶν
2259 4485 2378 4537 ἐκεῖ
2399 4481 2637 4536 τοιοῦτον
2668 4483 2817 4536 οὐδὲν
2845 4484 3082 4554 εἴρηται,
3118 4483 3252 4536 ἀλλά
3279 4483 3585 4537 τούναντίον
3622 4484 3773 4543 ἅπαν,

2123 4569 2204 4623 ὅτι
2256 4567 2500 4636 Ἄπέδρα
2537 4567 2756 4634 ὀδύνη,
2801 4567 2998 4634 λύπη,
3043 4567 3142 4620 καί
3191 4567 3548 4636 στεναγμός·
3593 4565 3680 4619 καὶ
3703 4565 3773 4616 ὅτι

2137 4651 2280 4707 Ἀπὸ
2312 4648 2625 4704 ἀνατολῶν
2661 4649 2758 4704 καί
2789 4649 3037 4720 δυσμῶν
3067 4649 3308 4717 ἥξουσι,
3344 4650 3440 4703 καὶ
3469 4647 3775 4715 ἀνακλιθή-

2124 4749 2337 4789 σονται
2379 4735 2465 4799 είς
2506 4732 2648 4800 τοὺς
2677 4733 2947 4801 κόλπους
2987 4733 3263 4804 Ἀϐραὰμ,
3293 4735 3392 4789 καί
3433 4734 3661 4797 Ἰσαὰκ,
3688 4730 3773 4784 καί

2137 4815 2349 4872 Ἰακώϐ·
2401 4817 2497 4870 xal
2538 4816 2618 4870 ὅτι
2667 4815 2895 4886 νυμφὼν
2945 4817 3014 4870 τά
3069 4819 3188 4871 ἐκεῖ
3243 4817 3648 4887 πνευματικὸς,
3691 4811 3776 4868 καὶ

2125 4898 2351 4970 φαιδραὶ
2376 4897 2680 4969 λαμπάδες,
2707 4899 2802 4952 καὶ
2833 4899 3164 4970 μετάστασις
3188 4899 3323 4972 πρὸς
3347 4899 3438 4955 τὸν
3469 4898 3712 4972 οὐρανόν.

2191 4979 2235 5034 δ’
2240 4981 2325 5034 ,Τί
2340 4979 2520 5034 τοίνυν
2533 4981 2913 5052 καταισχύνεις
2929 4981 3020 5036 τὸν
3036 4981 3360 5050 ἀπελθόντας
3375 4983 3426 5038 τί
3447 4977 3774 5055 παρασκευάο

2123 5060 2238 5128 ζεις
2273 5063 2400 5128 τοὺς
2425 5063 2619 5128 ἀλλους
2654 5063 2947 5120 δεδοικέναι
2993 5067 3086 5121 καί
3123 5068 3346 5139 τρέμειν
3389 5066 3480 5121 τὸν
3529 5066 3773 5128 θάνατσνς

343 3486 597 3556 νημένον,
634 3485 709 3557 μὴ
737 3483 1059 3554 ἐπιλάθηται
1089 3486 1170 3539 ὅτι
1198 3486 1392 3557 ῥάϐδος
1416 3483 1485 3558 ἦν
1506 3487 1613 3558 πρὸ
1640 3487 1852 3554 τούτου,
1885 3489 2022 3544 ἀλλά

340 3569 441 3639 τῆς
467 3568 674 3632 οἰκείας
701 3568 1068 3640 ἀναμνησθεὶς
1087 3569 1270 3640 φωνῆς
1297 3571 1546 3642 ἐκπλαγῇ
1561 3571 1606 3602 ³¹
1625 3571 1687 3624 τὸ
1713 3573 2016 3643 γινόμενον.

343 3653 453 3705 Kal
487 3653 580 3706 ἐπὶ
611 3652 704 3706 τοῦ
735 3652 985 3723 Λαζάρου
1016 3652 1148 3723 φησί
1173 3668 1188 3684 ·
1219 3654 1345 3708 Ποῦ
1370 3657 1666 3710 τεθείκατε
1693 3659 1903 3723 αὑτάν;
1934 3656 2021 3710 ἴνα

341 3737 389 3787 οἱ
419 3735 686 3797 εἰπόντες,
722 3736 939 3802 Ἔρχου
974 3736 1072 3789 καὶ
1103 3735 1216 3798 ίδε,
1241 3738 1335 3791 καὶ
1365 3739 1446 3792 ὅτι
1477 3738 1652 3804 Ὀζει,
1682 3739 2021 3809 τεταρταῖος

342 3816 453 3885 γάρ
480 3817 644 3882 ἐστι,
683 3819 882 3888 μηκέτι
918 3818 1168 3871 ἀπιστεῖν
1205 3819 1421 3889 ἔχωσιν,
1449 3822 1532 3874 ὅτι
1566 3823 1758 3893 νεκρὸν
1790 3824 2018 3897 ἀνέστη-

344 3915 458 3954 σεν.
496 3898 646 3953 Ἰδὼν
673 3899 852 3953 τοίνυν
874 3899 944 3953 τά
969 3899 1224 3972 κύμϐαλα
1249 3902 1489 3967 καὶτοὺς
1511 3904 1722 3975 δχλους,
1754 3905 2020 3976 ἐξήγαγεν

343 3981 624 4047 ἅπαντας,
656 3983 750 4037 καὶ
780 3983 1065 4054 παρόντων
1096 3985 1206 4038 τῶν
1232 3985 1433 4053 γονέων
1465 3986 1888 4058 θαυματουργεῖ,
1923 3991 2020 4060 οὐχ

343 4064 540 4136 ἐτέραν
579 4067 889 4135 ἐπεισάγων
933 4066 1132 4139 ψυχὴν,
1181 4067 1297 4121 ἀλλ’
1345 4068 1514 4140 αὐτὴν
1555 4073 1653 4141 τὴν
1700 4070 2015 4135 ἐξελθοῦσαι

343 4148 655 4216 ἐπανάγων,
694 4149 787 4201 καὶ
823 4147 1012 4221 ὥσπερ
1045 4149 1104 4214 ἐξ
1147 4150 1317 4204 ὕπνου
1346 4150 1648 4224 διεγείρων.
1687 4153 1921 4224 Κατέχει
1959 4153 2016 4205 δὲ

342 4233 442 4303 τῆς
469 4231 666 4303 χειρὸς,
690 4231 1050 4305 πληροφορῶν
1074 4235 1198 4298 τοὺς
1217 4235 1481 4306 ὁρῶντας,
1507 4234 1647 4289 ὥστε
1677 4235 2018 4307 προοδοποιῆ-

344 4330 435 4368 σαι
463 4315 550 4370 διά
580 4316 678 4386 τῆς
717 4316 892 4386 ὅψεως
937 4319 1006 4388 τῇ
1047 4319 1227 4371 πίστει
1263 4321 1362 4390 τῆς
1404 4319 1772 4384 ἀναστάσεως.
1813 4320 1872 4374 '0
1917 4320 2018 4391 μὲν

343 4399 452 4471 γάρ
484 4401 667 4471 πατὴρ
711 4400 932 4468 ἔλεγεν,
978 4403 1215 4467 Ἐπίθες
1257 4401 1372 4471 τὴν
1412 4402 1581 4473 χεῖρα
1614 4419 1628 4434 ·
1672 4402 1833 4467 αὐτὸς
1864 4402 1921 4457 δέ
1961 4419 2016 4457 τι

343 4484 505 4538 πλέον
525 4484 569 4515 ³³
595 4487 762 4536 ποιεῖ·
783 4485 843 4537 ού
873 4485 981 4557 γάρ
999 4485 1324 4556 ἐπιτίθησιν,
1344 4486 1479 4539 ἀλλὰ
1495 4485 1588 4540 καὶ
1613 4485 1902 4557 κατασχὼν
1926 4486 2019 4539 ἀν-

347 4567 544 4636 ίστησι,
561 4565 775 4630 δεικνὺς
799 4567 882 4621 ὅτι
907 4569 1082 4622 πάντα
1100 4567 1250 4640 αύτῷ
1271 4570 1484 4639 ἐτοιμα.
1513 4569 1623 4623 Kal
1638 4571 1740 4622 οὐκ
1761 4571 2016 4638 ἀνίστησι

345 4650 530 4721 μόνον,
577 4648 710 4702 ἀλλά
752 4651 846 4703 καὶ
887 4651 1094 4722 τροφὴν
1131 4651 1343 4705 κελεύει
1380 4651 1598 4718 δοῦναι,
1655 4652 1741 4705 ἵνα
1778 4651 1851 4724 μὴ
1891 4651 2016 4724 δόξῃ

345 4731 638 4802 φάντασμα
664 4727 800 4784 εἶναι
831 4731 889 4784 τὸ
917 4733 1301 4804 γεγενημένον.
1338 4733 1448 4787 Kal
1469 4735 1570 4788 οὑκ
1595 4735 1756 4799 αὐτὸς
1780 4735 2014 4800 δίδωσιν,

343 4815 457 4869 ἀλλ’
507 4814 734 4878 ἐκείνοις
779 4813 990 4867 κελεύει
1022 4831 1037 4846 ο
1101 4815 1290 4887 ὥσπερ
1338 4819 1432 4870 καὶ
1479 4817 1572 4870 ἐπὶ
1615 4815 1708 4870 τοῦ
1760 4817 2014 4890 Λαζάρου

343 4894 464 4952 εἷπε
483 4902 526 4930 ³³
549 4917 564 4930 ·
601 4901 838 4954 Λύσατε
876 4898 1082 4964 αὐτὸν,
1111 4899 1209 4954 καί
1241 4900 1424 4970 ἄφετε
1448 4899 1724 4970 ὑπάγειν,
1746 4901 1842 4955 καὶ
1875 4901 2017 4973 μετά

342 4983 517 5037 ταῦτα
552 4983 802 5038 κοινωνὸν
832 4985 977 5038 ποιεῖ
1007 4982 1106 5053 τῆς
1132 4981 1430 5055 τραπέζης.
1453 4985 1565 5038 Kal
1591 4987 1700 5057 γάρ
1731 4985 2019 5058 ἀμφότερα

341 5065 430 5119 ἀεὶ
459 5065 889 5131 κατασκευάζειν
911 5065 1067 5121 εἴωθε
1084 5108 1099 5134 ,
1132 5068 1226 5121 καὶ
1251 5067 1346 5122 τοῦ
1373 5067 1604 5122 θανάτου
1629 5068 1725 5121 καὶ
1756 5067 1857 5139 τῆς
1878 5068 2017 5122 ἀνα·

345 5147 588 5210 στάσεως
629 5147 768 5218 μετά
798 5147 1083 5220 ἀκριϐείας
1127 5148 1344 5220 ἀπάσης
1377 5149 1476 5220 τὴν
1517 5146 1792 5213 ἀπόδειξιν
1829 5147 2016 5202 ποιού-
2122 5145 2178 5199 τί
2217 5149 2393 5210 ποιεῖς
2417 5147 2646 5213 πολλοὺς
2673 5153 3006 5221 κατηγορεῖν
3037 5151 3132 5204 τοῦ
3159 5150 3317 5217 Θεοῦ,
3343 5151 3419 5216 ὡς
3459 5150 3668 5222 μεγάλα
3691 5149 3773 5219 ἐρ·

347 5244 530 5297 μενος.
563 5230 634 5281 Σὺ
662 5229 720 5282 δέ
757 5247 846 5301 μοι
889 5229 966 5301 μὴ
994 5229 1092 5302 τὴν
1119 5229 1417 5284 ἀνάστασιν
1462 5229 1655 5284 σκόπει
1689 5229 1871 5301 μόνον,
1901 5230 2018 5283 ἀλλ’
2124 5230 2440 5302 γασαμένου
2483 5233 2661 5298 δεινά;
2705 5234 2906 5305 μᾶλλον
2957 5234 3016 5288 δὲ
3060 5234 3114 5288 τί
3161 5235 3300 5306 μετά
3337 5235 3510 5290 ταῦτα
3551 5235 3773 5305 πένητας

344 5317 428 5370 ὃτι
454 5317 548 5370 καί
569 5316 909 5388 παρήγγειλε
934 5319 1122 5391 μηδενί
1144 5320 1317 5374 εἰπεῖν
1333 5335 1350 5353 θ
1373 5317 1654 5373 καὶτοῦτο
1675 5317 1911 5390 μάλιστα
1929 5317 2019 5374 διά
2125 5314 2332 5380 καλεῖς,
2366 5317 2462 5370 καὶ
2491 5318 2830 5389 παρακαλεῖς
2861 5317 3041 5388 ἰερέας
3069 5318 3363 5387 εῦξασθαις
3395 5320 3514 5374 Ἵνα
3557 5319 3636 5382 εις
3659 5314 3772 5370 ἀνά-

422 5445 469 5475 ἐ
506 5441 682 5520 Vel-Ila
711 5443 805 5520 καί
849 5444 1247 5520 κατεγηαύτοῦ
1279 5445 1478 5520 desqu
1524 5443 1577 5520 ig
1620 5443 1682 5499 Β.
1717 5441 2012 5520 F._Argp._

2162 5444 2495 5520 ναῷ-[μετά
2522 5445 2583 5520 τὸ
2783 5519 2792 5520 7
2848 5449 2894 5481 ⁸⁷
2925 5447 3124 5520 ἄλλως]
3150 5449 3243 5506 Sic
3269 5449 3331 5504 Β.
3363 5449 3426 5505 C.
3456 5448 3514 5504 Ρ.
3536 5448 3708 5520 αίίιςτ,
3731 5455 3772 5520 εί

351 5530 454 5590 pou
495 5511 926 5590 plangato.A_rm.
959 5510 1136 5590 Vglgo
1159 5514 1344 5590 ἀλλος.
1392 5510 1610 5590 -Ἶ-οῦν
1641 5530 1762 5590 οιῐιι
1790 5512 1851 5590 Β.
1977 5513 2022 5590 ρ

2177 5510 2505 5590 καῖ’ἰῦσπερ
2546 5519 2638 5571 ἐπὶ
2681 5517 2818 5590 Edd.
2894 5520 2940 5590 ξ’
2977 5510 3124 5590 ὁμοῦ
3154 5520 3248 5574 καὶ
3280 5535 3391 5590 om.
3414 5515 3772 5590 7A.469.06_‘xal

348 5581 582 5673 δεικνὺς]
605 5580 728 5666 εἶτα
748 5580 1094 5673 δείκνυσιιες
1227 5583 1357 5673 αξητὺ
1392 5581 1763 5673 Ειίύ..λοιπξν]
1791 5583 2024 5673 αὑτὸνῃΒ

2158 5654 2170 5673 1
2205 5586 2272 5673 κ’)
2316 5580 2753 5673 παραγινομένου
2973 5580 3045 5673 [ξζ
3068 5589 3132 5673 Ε¹ζ
3206 5591 3251 5622 ³⁸
3285 5589 3378 5646 Sic
3409 5580 3772 5673 Eddfgodig

351 5603 582 5654 οεικνυς]
608 5603 728 5637 ειτα
748 5603 986 5637 οεικνυσι
1017 5603 1078 5638 ιι..
1157 5603 1202 5616 ’ν
1227 5603 1357 5638 αυτο
1392 5603 1529 5639 wu.
1555 5603 1763 5654 λοιπον]
1791 5603 1954 5638 αυτον
1984 5603 2024 5638 n

351 5653 676 5730 ἐκπλαγείη.
700 5721 726 5730 _
753 5652 800 5730 '_’
827 5670 880 5706 τι
897 5652 1235 5730 ,πλέρν]-εςὶρ
1273 5652 1566 5730 E.__c:_nu}ri_
1585 5653 1870 5730 μειζόνως.
1946 5655 2024 5730 ³⁸-

2227 5603 2272 5618 ⁸⁸
2316 5603 2753 5710 παραέινομενου
2783 5603 2848 5643 A.
2873 5603 2940 5672 μ.
2974 5603 3033 5644 υ.
3068 5603 3129 5646 Is.
3206 5603 3251 5622 "
3285 5603 3378 5646 διο
3409 5603 3542 5644 Md.
3573 5603 3772 5666 coalgcs

2158 5654 2351 5730 [λέγει
2382 5656 2549 5730 ξάμ-
2570 5658 2659 5730 ρξ’
2687 5659 2968 5730 παιδεύων
3005 5659 3066 5714 F.
3099 5660 3226 5715 Sav.
3262 5676 3316 5730 p.
3369 5675 3422 5730 p.
3467 5659 3602 5730 μετά
3631 5671 3772 5710 τουτο

353 5725 487 5811 βαιά.
545 5720 552 5722 “
592 5720 794 5849 ⁸⁸’νῦνλ
827 5722 922 5777 xal
969 5720 1240 5777 νῦνῈιῙιΙ.
1329 5724 1373 5756 ⁸¹
1413 5721 1497 5794 δν]
1536 5720 1613 5777 ὢν
1652 5723 1814 5811 Β.’δν
1853 5739 1966 5780 om.
2004 5725 2024 5781 ε

353 5794 699 5849 λευττεκότας.
802 5833 818 5849 .
920 5791 965 5826 ³⁹
999 5791 1194 5849 πένθος
1215 5791 1279 5849 C.
1314 5791 1379 5849 D.
1473 5793 1522 5828 ⁸⁸
1548 5789 1944 5849 διορθωσασθαι
1989 5795 2024 5849 Ε

2161 5720 2299 5781 ’Βθιιζ
2389 5728 2434 5760 ⁸⁸
2469 5727 2754 5781 ΗΘΙΚΟΝ.
2798 5731 2918 5782 Ὅτι
2971 5731 3033 5783 ού
3079 5731 3162 5786 δεῖ
3203 5720 3420 5802 θρήνεῖν
3467 5720 3590 5792 τοῦς
3635 5741 3771 5780 τετε·

2162 5812 2216 5849 ι).
2263 5812 2317 5849 1).
2355 5799 2418 5849 σὺ
2440 5797 2495 5849 δὲ
2531 5797 2967 5849 φιλοσοτιὶιτεοος
3003 5801 3098 5849 καὶ
3147 5802 3500 5849 vom-1:61:00:
3543 5815 3595 5849 τ.
3626 5798 3677 5849 ἀ.
3710 5791 3765 5849 Ρ.

348 5794 699 5866 λευτηκότας.
750 5789 818 5850 Ᾱ.
920 5791 965 5826 ³⁹
999 5791 1194 5858 πένθος
1215 5791 1279 5849 Co
1314 5791 1379 5850 Do
1473 5789 1522 5828 “
1548 5789 1944 5866 διορθώσασθαι
1989 5795 2125 5856 Edd.
2162 5812 2216 5868 ι).
2263 5812 2317 5868 p.
2355 5799 2418 5854 σὺ
2440 5797 2495 5852 δὲ
2531 5797 2967 5868 φιλοσοφώτερος
3003 5801 3098 5856 καί
3147 5789 3500 5873 χρηστότερος
3543 5789 3595 5854 τ’.
3710 5791 3765 5850 F.

1026 5483 1040 5498 .
1079 5444 1244 5498 αὑτοῦ
1279 5445 1475 5500 desunt
1524 5443 1577 5499 in
1620 5443 1682 5499 Β.
1717 5441 1778 5499 F.
1809 5442 1962 5498 Arm.

2125 2332 2222 2402 μὲν
2266 2330 2530 2401 Ἑλλήνων
2558 2332 2606 2384 οἰ
2642 2331 2812 2402 μηδὲν
2841 2330 2970 2400 περί
2997 2330 3344 2388 ἀναστάσεως
3368 2325 3573 2388 εἰδότες
3592 2366 3607 2389 ,
3639 2324 3774 2393 ὅμως
3871 2363 3873 2370 .
