3900 6194
256 223 361 280 373

254 356 389 394 eam.
421 336 646 394 Pulchra
672 346 820 391 certe
865 333 1410 406 archisyttagogorum
1455 334 1686 398 indicia,
1716 349 1837 389 cum

255 443 375 501 post
401 440 629 483 mortem
657 427 801 483 tibia:
829 436 882 481 et
930 424 1172 496 cymbala
1201 425 1267 479 ad
1298 425 1480 478 lletutn
1534 433 1833 483 moverent.

250 520 387 589 Quid
421 520 583 591 igitur
605 517 895 573 Christus?
924 517 1071 571 Alios
1100 530 1291 570 ontnes
1314 515 1552 585 expulit,
1590 523 1837 584 parentes

251 620 435 666 autem
457 608 767 668 introduxit.
797 623 862 662 ne
891 607 997 662 dici
1032 616 1215 677 posset
1239 606 1403 660 alium
1436 606 1711 660 curavisse
1740 624 1755 660 :
1783 612 1840 661 et

250 716 538 776 antequam
566 702 811 767 suscitet,
841 717 973 756 voce
995 700 1125 755 illud
1147 700 1334 764 ellicit,
1363 715 1486 754 eum
1508 699 1604 765 ait,
1624 697 1747 753 Non
1763 706 1836 753 est

249 806 453 850 mortua
471 795 665 865 puella,
699 792 788 846 sed
819 792 1026 846 dormit.
1053 791 1230 846 Multis
1249 805 1460 861 quoque
1484 790 1603 844 aliis
1625 790 1677 844 in
1704 789 1837 846 locis

249 889 354 942 hoc
382 886 510 941 facit
533 901 631 940 :ac
658 886 799 939 sicut
841 884 891 938 itt
919 882 1054 938 mari
1085 883 1314 952 primum
1336 881 1629 953 discipulos
1660 881 1839 937 incre-

250 981 396 1049 pavit
422 1000 436 1035 :
464 980 544 1033 sic
571 987 627 1032 et
669 976 770 1030 Itoc
800 976 917 1029 loco
950 991 1017 1031 ex
1050 975 1394 1045 prmsentium
1415 973 1684 1028 mentibus
1716 987 1838 1041 per-

246 1071 617 1126 turbationem
646 1068 790 1138 ejicit
811 1109 826 1131 ,
871 1067 1031 1121 simul
1059 1066 1373 1131 ostendens,
1404 1065 1561 1120 litcilc
1588 1065 1687 1119 sibi
1714 1080 1836 1121 esse

243 1173 493 1219 mortuos
520 1163 784 1216 suscitare
811 1160 971 1231 (quod
993 1160 1153 1214 etiatn
1182 1159 1233 1213 itt
1256 1158 1455 1212 Lazaro
1478 1158 1601 1212 fecit
1625 1157 1832 1212 dicetis:

244 1257 479 1313 Lazarus
506 1255 696 1308 anticus
723 1264 891 1307 noster
914 1251 1098 1304 dormit
1116 1249 1295 1323 [Joan.
1324 1250 1411 1306 II.
1439 1247 1575 1319 11]).
1606 1263 1710 1303 una
1737 1248 1838 1304 do-

243 1365 376 1404 cens
405 1364 512 1401 non
554 1344 842 1401 timendam
885 1359 1006 1397 esse
1051 1352 1277 1397 mortem
1309 1358 1324 1395 :
1355 1356 1529 1411 neque
1552 1341 1696 1395 enim
1722 1338 1834 1408 jam

244 1458 367 1496 esse
398 1450 648 1500 mortem,
678 1436 773 1491 sed
802 1450 1072 1491 somnum.
1098 1433 1229 1488 Nam
1255 1433 1376 1504 quia
1405 1432 1520 1502 ipse
1539 1432 1836 1487 moriturus

240 1543 381 1592 erat.
412 1532 642 1586 aliorum
668 1543 895 1599 corpora
941 1527 1252 1583 sitscitattdo
1300 1525 1594 1596 discipulos
1621 1539 1832 1595 praepa-

244 1626 400 1681 rabat
424 1623 490 1678 ad
513 1621 760 1676 ﬁduciam
790 1617 1105 1675 sumendam
1123 1659 1138 1683 ,
1170 1627 1509 1687 mortemque
1526 1631 1678 1672 suam
1709 1616 1839 1673 leni-

243 1729 331 1774 ter
358 1715 652 1772 ferendam.
678 1714 969 1782 Postquam
994 1711 1136 1768 enim
1162 1711 1276 1782 ipse
1304 1710 1601 1766 advenerat
1626 1750 1641 1775 ,
1687 1724 1836 1767 mors

237 1813 353 1883 jam
381 1810 595 1866 nonnisi
619 1822 840 1863 somnus
870 1814 1006 1861 erat.
1049 1807 1298 1860 Attamen
1323 1802 1640 1859 deridebattt
1666 1818 1791 1859 eum
1817 1821 1832 1859 :

241 1907 365 1977 ipse
389 1920 517 1959 vero
543 1918 647 1957 non
696 1900 912 1967 indigne
943 1898 1064 1954 tulit
1090 1939 1106 1965 ,
1147 1914 1270 1953 cum
1319 1913 1423 1952 non
1457 1896 1741 1953 crederent
1769 1896 1835 1953 iis

238 2010 514 2067 quattnox
544 1994 659 2063 ipse
709 1989 1025 2046 mirabiliter
1071 1997 1390 2059 operaturus
1434 1995 1553 2043 erat
1591 2004 1605 2043 :
1655 2001 1836 2057 neque

239 2088 546 2159 increpavit
574 2086 810 2142 ridentes
833 2126 850 2151 ,
880 2092 938 2139 ut
963 2092 1019 2139 et
1064 2083 1207 2139 risus
1235 2090 1292 2138 et
1313 2081 1459 2137 tibia:
1486 2089 1543 2137 et
1587 2080 1834 2154 cymbala

234 2182 458 2252 aliaque
476 2180 676 2246 omnia,
705 2177 897 2233 mortis
926 2184 1110 2231 essent
1145 2173 1477 2230 testimonia.

317 2276 371 2330 3.
402 2273 630 2329 Christus
657 2270 908 2343 quomodo
936 2266 1356 2323 resurrectione»:
1380 2281 1507 2336 quas
1532 2264 1837 2335 aperabatur

235 2367 501 2423 anitatem
528 2365 792 2419 adstruere
814 2363 1015 2417 soleret.
1046 2360 1263 2415 Fastunt
1308 2370 1355 2415 et
1400 2375 1580 2414 vanam
1619 2360 1835 2429 gloriam

235 2460 452 2515 omnino
472 2459 729 2512 vitandum
743 2466 835 2510 est.
855 2454 907 2509 Μ
916 2473 997 2511 ars
1013 2472 1112 2509 non
1132 2452 1416 2508 metuenda.
1432 2451 1560 2508 νὸιω
1575 2454 1836 2524 prwsentis

233 2551 637 2621 malm—Quia
662 2552 805 2606 enim
850 2564 995 2620 sape
1037 2548 1289 2604 miracula
1338 2556 1539 2617 patrata
1585 2562 1691 2602 non
1718 2562 1836 2604 cre-

233 2647 377 2701 dunt
404 2629 794 2709 homines,‘sua
824 2643 1059 2713 ipsorum
1089 2640 1442 2711 responsione
1480 2640 1599 2695 illos
1628 2655 1834 2710 praeve-

235 2738 343 2804 ttit,
374 2745 433 2791 ut
471 2744 526 2792 et
573 2736 627 2791 itt
671 2734 873 2790 Lazaro
896 2743 951 2789 et
982 2733 1033 2787 in
1062 2733 1241 2803 Moyse
1288 2731 1483 2786 factum
1522 2740 1625 2787 est.
1667 2731 1832 2802 Moysi

236 2846 472 2899 namque
492 2829 661 2883 dixit:
689 2827 826 2895 Quid
851 2827 946 2881 hoc
970 2838 1042 2880 est
1068 2826 1119 2879 in
1148 2842 1301 2878 manu
1327 2834 1413 2877 tua
1439 2824 1632 2897 (Exod.
1660 2825 1712 2878 1.
1742 2824 1835 2895 9.)?

235 2940 297 2978 ut
327 2938 449 2978 cum
470 2922 687 2976 vidisset
715 2929 1016 2989 serpentem
1039 2918 1254 2983 factum,
1280 2933 1384 2972 non
1410 2917 1831 2981 oblivisceretur,

235 3017 444 3087 virgam
467 3014 613 3084 prius
642 3012 835 3076 fuisse;
865 3012 957 3065 sed
988 3008 1133 3063 vocis
1157 3008 1384 3078 propria:
1413 2990 1742 3069 recordatus.
1766 3006 1835 3062 de

235 3125 298 3165 re
320 3116 471 3179 gesta
499 3106 924 3174 obstupesceret.
965 3103 1029 3156 Iit
1056 3102 1124 3155 de
1152 3100 1353 3155 Lazaro
1380 3100 1454 3154 ait
1485 3116 1499 3153 :
1530 3097 1629 3153 Ubi
1657 3099 1833 3170 posui-

234 3204 328 3258 stis
360 3202 516 3255 eum?
546 3210 603 3253 ut
626 3199 717 3270 qui
742 3197 1014 3260 dixerunt,
1055 3194 1201 3263 Veni,
1230 3203 1277 3249 et
1302 3194 1411 3249 vide
1428 3209 1449 3258 ;
1476 3204 1551 3259 et,
1580 3191 1702 3247 Jam
1731 3197 1832 3263 [ω-

233 3306 325 3361 tet,
352 3293 727 3365 quatriduanus
755 3290 887 3344 enim
915 3297 985 3343 est
1016 3286 1197 3359 (Joan.
1229 3287 1317 3342 II.
1343 3287 1433 3343 34.
1465 3286 1578 3357 59),
1602 3301 1708 3340 non
1735 3285 1834 3340 dti-

235 3389 407 3445 bitare
439 3395 681 3459 possent,
730 3384 858 3455 quin
912 3383 1082 3452 ipsum
1130 3389 1397 3435 mortuum
1444 3378 1830 3434 suscitavissct.

237 3480 441 3535 Videas
483 3478 646 3547 igitur
684 3473 922 3546 cymbala
953 3483 1006 3527 et
1043 3471 1252 3535 turbas.
1284 3484 1473 3524 omnes
1507 3468 1672 3538 ejicit,
1701 3480 1751 3522 et
1779 3468 1831 3522 in

236 3572 525 3645 praistetttia
567 3578 844 3638 parentum
873 3563 1185 3637 miraculum
1228 3570 1630 3631 operatur,non
1674 3560 1830 3613 aliam

238 3665 497 3731 inducens
524 3662 781 3725 animant,
810 3657 901 3713 sed
926 3657 1068 3711 illam
1097 3655 1264 3726 ipsam
1291 3669 1411 3725 quae
1440 3653 1647 3707 exierat
1670 3652 1830 3706 redu—

236 3776 386 3826 cens,
418 3768 475 3813 ct
500 3755 655 3829 quasi
682 3771 748 3809 ex
785 3768 974 3807 somno
999 3751 1259 3806 excitans.
1300 3746 1663 3817 Appreltendit
1704 3759 1832 3800 veto

234 3870 479 3918 manum,
500 3864 557 3904 ut
585 3855 916 3921 spectatores
945 3843 1203 3900 certiores
1229 3842 1437 3907 tierent,
1454 3847 1509 3895 et
1526 3838 1629 3894 hoe
1645 3853 1829 3893 excin-

237 3948 324 4016 pio
350 3946 493 4000 viam
522 3949 737 4012 pararet
763 3937 829 3992 ad
858 3937 1015 3992 ﬁdem
1044 3933 1469 3991 resurrectionis.
1500 3932 1657 3987 Pater
1679 3946 1830 3985 nant-

237 4054 340 4108 que
366 4036 584 4092 tlicebat
613 4050 626 4086 :
657 4030 869 4101 lmpone
897 4045 1101 4084 manum
1131 4025 1344 4098 (Matth.
1378 4022 1562 4096 9.I8);
1591 4022 1679 4077 illc
1706 4036 1832 4075 vero

238 4134 357 4202 plus
385 4132 547 4194 facit;
595 4143 703 4184 non
748 4126 973 4196 imponit
997 4123 1177 4185 enim,
1223 4120 1319 4176 sed
1362 4116 1737 4189 apprehendit,
1777 4125 1834 4170 et

237 4225 463 4279 suscitat
491 4229 780 4282 mortuam,
808 4216 1097 4273 ostendens
1127 4212 1303 4268 omnia
1334 4211 1432 4281 ipsi
1464 4221 1708 4281 prompta
1734 4224 1832 4278 pa-

240 4329 459 4386 tutaque
501 4330 643 4370 esse.
693 4312 875 4383 Neque
924 4308 1084 4365 modo
1125 4307 1365 4369 suscitat,
1406 4304 1498 4359 sed
1528 4303 1705 4358 cibum
1732 4300 1833 4371 ipsi

238 4414 366 4466 dare
389 4410 563 4481 iubet,
611 4421 678 4462 tte
705 4405 978 4460 videretur
1020 4417 1108 4456 res
1138 4413 1261 4455 esse
1287 4396 1616 4468 phantasma.
1652 4392 1834 4462 Neque

242 4505 354 4566 ipse
382 4502 498 4561 dat,
528 4498 622 4554 sed
649 4498 782 4551 alios
806 4496 938 4551 dare
975 4493 1129 4564 jubet
1161 4506 1174 4544 :
1204 4488 1652 4561 quelliatlllltitltllll
1690 4496 1743 4540 et
1769 4484 1836 4539 de

242 4596 443 4650 Lazaro
470 4592 546 4645 ait
579 4608 594 4646 :
626 4589 817 4644 Solvite
855 4588 1021 4651 illum,
1068 4594 1115 4640 et
1152 4583 1302 4637 sinite
1339 4580 1477 4633 abire
1521 4577 1697 4649 (Joan.
1746 4576 1834 4630 II.

241 4688 355 4757 Il),
386 4695 445 4741 et
475 4691 659 4753 postea
691 4694 889 4734 mensa:
915 4684 1220 4733 consortem
1248 4671 1430 4727 ellicit.
1456 4669 1669 4724 Etenim
1696 4682 1839 4722 scm-

243 4798 335 4853 per
362 4792 653 4848 utrumque
677 4772 1030 4842 comprobare
1051 4769 1208 4832 solet,
1241 4776 1292 4822 et
1325 4777 1551 4821 mortem
1581 4772 1633 4817 et
1660 4776 1839 4816 resur-

241 4873 537 4929 rectionem
580 4866 977 4924 accuratissime
1005 4870 1284 4917 assertant.
1317 4856 1397 4913 Tu
1422 4871 1550 4911 vero
1579 4870 1647 4910 nc
1666 4853 1836 4908 solam

240 4968 689 5028 resurrectionem
711 4960 1014 5035 perpendas
1034 4958 1212 5024 velim,
1243 4953 1338 5012 sed
1361 4953 1521 5008 etiam
1542 4948 1681 5021 quod
1705 4963 1841 5018 pra:-

237 5065 443 5135 ceperit
471 5071 531 5117 ut
563 5056 763 5115 nemini
791 5055 1064 5114 dicerent;
1105 5059 1161 5106 et
1186 5062 1282 5120 per
1322 5045 1504 5101 omnia
1530 5042 1728 5135 discas,
1760 5038 1839 5135 Ia-

240 5132 379 5213 sium
409 5166 717 5222 vanamque
754 5147 981 5220 gloriam
1010 5158 1135 5200 esse
1175 5139 1396 5196 omnino
1424 5134 1689 5192 vitandam
1716 5150 1729 5186 :
1777 5132 1840 5186 il-

242 5250 440 5320 ludque
470 5252 730 5318 prieterea
753 5240 951 5304 discas,
979 5236 1154 5306 ipsum
1174 5234 1416 5304 lugentes
1443 5239 1593 5286 extra
1618 5226 1836 5320 domum

241 5317 487 5411 cjccisse,
518 5347 682 5407 atque
706 5334 849 5389 velut
894 5328 1143 5399 indignos
1189 5325 1282 5380 tali
1323 5317 1839 5411 spectacttloidecla-

243 5410 410 5489 rasse.
438 5431 523 5487 'I‘u
560 5443 690 5483 vero
727 5440 795 5480 ne
823 5436 986 5479 exeas
1024 5433 1147 5475 cum
1197 5415 1527 5477 tibicinibus;
1556 5410 1654 5469 sed
1685 5424 1840 5464 mane

241 5545 359 5582 cum
392 5524 575 5587 Petro,
599 5519 807 5576 Joanne
838 5523 894 5571 et
916 5512 1138 5570 Iacobo.
1172 5508 1303 5564 Nam
1332 5506 1375 5562 si
1404 5518 1528 5560 tunc
1554 5504 1671 5559 illos
1699 5502 1840 5555 tot-as

241 5618 417 5689 cjecit,
444 5612 620 5668 multo
640 5608 810 5679 magis
835 5620 975 5661 nunc
1003 5604 1054 5659 id
1079 5601 1254 5657 faciat.
1275 5599 1423 5653 Tunc
1443 5597 1584 5651 enim
1603 5595 1841 5649 nomluttt

246 5711 412 5783 palam
440 5715 562 5766 erat
602 5712 831 5762 mortem
868 5701 977 5773 jam
1004 5710 1250 5757 somnum
1277 5706 1398 5749 esse
1442 5689 1629 5746 factam
1654 5704 1668 5743 :
1693 5698 1840 5741 nunc

1216 218 1282 274 IN
1319 216 1725 275 MAT’I‘IIA'SUII
1766 217 1996 276 IIOMIL.
2038 216 2232 280 XXXI.
2268 227 2345 285 al.
2383 222 2601 289 XXXII.

3428 243 3533 300 374

1945 346 2124 393 autem
2151 340 2267 409 ipso
2289 343 2406 399 sole
2446 345 2643 401 clarius
2669 357 2770 404 est.
2799 349 2866 405 At
2896 368 3037 409 nunc
3069 368 3174 410 non
3197 355 3358 413 liliant
3387 369 3530 416 tuam

1942 430 2259 520 suscitavit?
2293 433 2399 488 Sed
2439 437 2716 493 suscitabit
2754 440 2896 496 illam
2931 458 3053 498 cum
3097 447 3301 516 majore
3341 450 3529 520 gloria.

1946 516 2036 573 Illa
2073 524 2214 577 enim
2245 542 2366 595 quae
2389 532 2644 594 surrexit,
2678 533 2869 589 iterum
2900 548 3107 594 mortua
3136 552 3251 606 est;
3287 516 3371 597 tua
3405 561 3533 600 vero

1942 623 2065 704 eum
2110 618 2438 685 surrexerit,
2486 623 2722 679 manebit
2758 626 3094 684 immortalis.
3137 630 3308 689 Nemo
3350 635 3531 704 itaque

1944 702 2202 774 deinceps
2224 705 2423 776 lugeat,
2442 725 2616 777 neque
2631 714 2982 779 lamentetur,
3003 731 3161 773 nemo
3196 718 3399 773 Christi
3438 702 3522 774 vi-

1944 794 2172 849 ctoriam
2187 799 2711 857 calumttietur.Vicit
2724 806 2867 857 enim
2883 805 2969 859 ille
2979 816 3228 862 mortem.
3248 808 3386 876 Quid
3398 826 3526 881 ergo

1946 881 2150 941 frustra
2169 888 2387 957 ploras?
2406 891 2548 947 Mors
2566 907 2794 950 somnus
2806 896 2994 951 ellecta
3014 908 3120 952 est.
3146 897 3286 964 Quid
3312 900 3525 956 lamen-

1946 976 2073 1029 taris
2109 986 2163 1031 et
2192 976 2385 1047 luges?
2429 980 2560 1037 Illud
2584 984 2727 1039 enim
2773 986 2818 1039 si
2862 987 3090 1055 gentiles
3124 990 3376 1057 lacerent,
3414 992 3535 1048 irri-

1943 1064 2104 1121 dendi
2134 1079 2316 1124 essent
2349 1091 2363 1126 :
2392 1086 2516 1127 cum
2544 1085 2723 1132 autem
2755 1077 2925 1134 ﬁdelis
2947 1078 3048 1134 hoc
3075 1081 3298 1151 turpiter
3325 1083 3532 1152 fecerit,

1942 1172 2100 1225 quam
2123 1158 2339 1216 habebit
2361 1166 2757 1221 excusatimtettt
2778 1170 2801 1223 ?
2824 1187 2942 1240 qua:
2970 1174 3121 1227 venia
3142 1176 3246 1230 erit
3268 1175 3381 1232 [nec
3406 1176 3550 1233 insi-'

1945 1250 2152 1320 piettter
2180 1256 2462 1324 agentibus
2486 1270 2603 1327 post
2626 1270 2827 1315 tantum
2857 1266 3112 1333 temporis
3138 1279 3192 1322 et
3216 1268 3416 1323 claram
3444 1287 3535 1326 re-

1943 1346 2288 1401 surrectionis
2311 1350 2721 1417 probationem?
2747 1356 2823 1410 Τυ
2851 1371 2994 1422 vero,
3026 1373 3090 1414 ac
3121 1363 3165 1415 si
3192 1362 3407 1418 studeas
3431 1363 3534 1419 hoc

1942 1448 2217 1505 peccatum
2245 1441 2595 1513 ampliﬁcare,
2624 1448 2863 1515 pl'ﬂ'llCZIS
2893 1452 2967 1517 (η)
2997 1450 3152 1506 nobis
3175 1454 3401 1523 gentiles
3438 1455 3532 1510 ad-

1942 1527 2114 1594 ducis,
2159 1531 2358 1587 luctutn
2397 1536 2637 1590 excitans
2665 1548 2718 1592 et
2754 1539 3024 1596 fornacem
3068 1543 3358 1599 incendens
3391 1563 3405 1599 :
3434 1561 3534 1603 nec

1941 1622 2095 1676 audis
2142 1624 2364 1680 Paulum
2406 1626 2670 1683 dicentem
2703 1648 2717 1683 :
2754 1631 2884 1698 Qua:
2935 1635 3149 1689 societas
3188 1635 3380 1692 Christi
3417 1655 3531 1693 eum

1941 1711 2150 1768 Belial?
2173 1727 2262 1769 aut
2302 1734 2414 1786 quae
2438 1721 2602 1788 portio
2629 1721 2795 1789 ﬁdelis
2832 1740 2947 1777 cum
2985 1725 3181 1789 inﬁdeli
3219 1727 3297 1799 (2.
3324 1728 3440 1783 Cor.
3474 1730 3529 1785 6.

1946 1805 2077 1877 15)?
2104 1805 2264 1863 Certe
2283 1810 2529 1878 gentiles,
2558 1814 2646 1880 qui
2675 1812 2803 1869 ttilttl
2826 1815 2893 1870 de
2921 1818 3314 1874 resurrectione
3333 1820 3529 1883 sciunt,

1941 1900 2257 1955 consolandi
2287 1910 2462 1957 tamen
2487 1904 2722 1961 rationes
2751 1906 3043 1973 inveniunt,
3088 1911 3327 1965 dicentes
3355 1930 3368 1966 :
3401 1910 3533 1966 For-

1943 1993 2068 2048 titer
2098 1992 2269 2060 feras;
2299 2008 2473 2064 neque
2517 1996 2716 2064 poteris
2747 1997 2798 2051 id
2837 1997 2977 2068 quod
3006 1999 3201 2054 factum
3231 2009 3333 2067 est,
3371 2001 3535 2057 inlec-

1943 2098 2053 2142 tuttt
2083 2087 2332 2153 reddere,
2362 2088 2444 2144 vel
2487 2088 2735 2145 lamentis
2765 2106 2877 2145 rem
2907 2102 3149 2158 mutare;
3191 2104 3246 2147 tu
3274 2109 3403 2149 vero
3442 2097 3531 2165 qui

1940 2180 2268 2236 sublimioris
2309 2182 2643 2253 utiliorisque
2674 2182 3029 2255 philosophia:
3066 2195 3330 2256 pratcepta
3356 2187 3531 2250 audis.

1941 2287 2047 2326 non
2080 2271 2351 2328 erubescis
2394 2274 2631 2343 turpiora
2657 2290 2814 2344 quam
2846 2276 2917 2330 illi
2947 2278 3146 2346 agens?
3170 2277 3354 2348 Neque
3380 2279 3523 2334 enim

1940 2364 2169 2420 dicimus
2198 2381 2297 2422 nos
2339 2384 2354 2420 :
2407 2367 2641 2424 Fortiter
2683 2368 2858 2434 feras;
2904 2385 3009 2424 tton
3058 2385 3342 2441 possumus
3387 2373 3529 2428 enim

1939 2456 2082 2527 quod
2108 2457 2305 2519 factum
2334 2467 2419 2514 est
2442 2458 2692 2514 inlectum
2732 2459 2986 2523 reddere;
3018 2458 3135 2525 sed,
3174 2460 3408 2517 Fortiter
3449 2460 3531 2517 l‘e-

1941 2564 2063 2611 ras;
2094 2564 2217 2605 nam
2244 2551 2463 2606 omnino
2490 2559 2766 2622 resurget;
2796 2551 2993 2606 dormit
3019 2552 3162 2607 enim
3193 2552 3389 2622 puella,
3421 2569 3529 2609 non

1941 2653 2147 2698 mortua
2174 2653 2259 2699 est
2287 2661 2301 2697 :
2330 2643 2575 2713 quiescit,
2604 2658 2705 2699 nec
2732 2645 2905 2713 periit.
2929 2642 3078 2698 Illam
3105 2645 3333 2716 excipiet
3362 2660 3531 2701 resur~

1941 2736 2139 2802 rectio,
2172 2735 2276 2789 vita
2318 2736 2664 2805 sentpitcrna,
2702 2735 3092 2802 immortalitas,
3123 2751 3240 2791 sors
3268 2737 3527 2807 angelica.

1938 2826 2055 2882 Non
2085 2828 2238 2883 audis
2262 2827 2531 2884 Psalmum
2559 2827 2846 2894 dicentem,
2874 2828 3189 2892 Convertere,
3208 2827 3380 2882 animo
3398 2845 3528 2894 mea,

1939 2919 1994 2972 in
2013 2919 2231 2989 requiem
2277 2928 2451 2985 tuam,
2496 2918 2615 2985 quia
2666 2917 2912 2972 Dominus
2960 2918 3200 2989 benefecit
3241 2918 3328 2972 tibi
3358 2917 3528 2986 (Psal.

1940 3012 2064 3065 114.
2095 3011 2193 3081 7)?
2218 3011 2356 3067 Deus
2379 3023 2607 3066 mortem
2636 3009 2950 3067 beneﬁcium
2986 3021 3159 3077 vocat,
3187 3021 3239 3066 et
3264 3020 3319 3066 ιιι
3351 3011 3532 3081 ltiges?

1944 3101 2009 3156 Et
2034 3101 2160 3173 quid
2190 3101 2417 3171 amplius
2439 3101 2641 3158 laceres
2671 3101 2716 3158 si
2745 3100 2978 3157 defuncti
3008 3102 3254 3157 inimicus
3281 3113 3336 3158 et
3361 3101 3532 3157 hostis

1939 3194 2124 3250 esses?
2143 3194 2198 3250 Si
2221 3194 2528 3264 lugendum,
2552 3194 2766 3249 diabolo
2788 3194 3073 3266 lugendum
3093 3203 3194 3251 est.
3219 3195 3311 3251 Ille
3328 3195 3527 3265 lugeat.

1944 3288 2031 3343 ille
2053 3289 2392 3349 lamentetur.
2426 3288 2548 3357 quia
2577 3288 2645 3341 ad
2671 3289 2874 3357 majora
2898 3287 3036 3343 bona
3067 3287 3356 3359 pergimus.
3384 3285 3531 3343 Illius

1942 3380 2172 3450 nequitia
2202 3378 2359 3449 digna
2391 3388 2474 3434 est
2501 3378 2761 3449 ejusmodi
2788 3379 3130 3446 lamentatio;
3153 3393 3309 3435 secus
3334 3388 3411 3446 tu,
3437 3381 3527 3451 qui

1937 3473 2005 3527 ad
2033 3486 2286 3528 coronam
2314 3480 2367 3526 et
2386 3471 2623 3540 requieta
2652 3470 2880 3526 vocaris.
2906 3470 3040 3525 Nam
3062 3481 3247 3541 portus
3273 3471 3540 3542 tranquil-

1939 3564 2023 3620 lus
2067 3577 2214 3618 mors
2254 3571 2357 3618 est.
2398 3561 2677 3631 Perpende
2702 3562 2862 3632 igitur
2894 3569 3025 3634 quot
3071 3562 3225 3618 malis
3264 3561 3419 3632 plena
3458 3562 3532 3618 sit

1939 3656 2041 3710 vita
2074 3670 2311 3725 pricsetts
2334 3671 2352 3712 :
2379 3656 2552 3727 cogita
2574 3653 2785 3725 quoties
2810 3655 2909 3723 Ipsi
2931 3654 3291 3712 maledixeris.
3318 3656 3451 3711 Nam
3476 3656 3529 3712 in

1939 3747 2093 3818 pejus
2118 3762 2332 3817 semper
2370 3761 2457 3804 res
2495 3755 2807 3812 vertuntur,
2851 3755 3012 3818 atque
3052 3762 3081 3800 a
3112 3748 3374 3818 principio
3421 3764 3529 3804 non

1937 3841 2200 3897 modicam
2231 3839 2626 3895 damnationem
2671 3839 2891 3895 sortitus
2920 3854 2998 3895 es.
3040 3839 3104 3894 In
3130 3840 3408 3903 doloribus.
3450 3840 3533 3898 in-

1936 3932 2073 4004 quit,
2120 3933 2287 4003 paries
2327 3934 2461 4000 ﬁlios
2488 3931 2641 4001 (Gen.
2671 3932 2726 3987 5.
2764 3930 2852 4002 I6)
2886 3949 2898 3983 :
2928 3941 3002 3994 et,
3039 3929 3104 3986 In
3147 3932 3330 3987 sudore
3367 3931 3530 3986 vultus

1938 4027 2011 4079 tui
2037 4025 2263 4081 comedas
2286 4042 2467 4096 panem
2489 4035 2633 4079 tuum
2658 4023 2762 4096 (Ib.
2796 4041 2843 4078 υ.
2873 4026 2961 4095 17)
2987 4042 3001 4081 ;
3026 4036 3100 4092 et,
3136 4026 3199 4079 In
3226 4025 3416 4079 mundo
3441 4026 3534 4080 tri-

1935 4121 2243 4175 bulationem
2267 4118 2508 4175 habebitis
2531 4118 2709 4191 (Joan.
2733 4118 2821 4174 16.
2845 4119 2955 4189 ⁸55).
2982 4120 3051 4173 At
3076 4118 3143 4175 de
3164 4118 3352 4174 futuris
3370 4118 3531 4174 rebus

1940 4210 2072 4268 nihil
2119 4210 2426 4280 Itujusmodi
2464 4209 2683 4273 dicitur.
2729 4209 2841 4265 imo
2880 4210 3207 4264 contrarium
3255 4222 3477 4279 prorsus
3514 4226 3529 4262 :

1943 4304 2137 4375 Eﬂ’ugit
2166 4302 2334 4368 dolor,
2356 4302 2561 4357 tristitia
2577 4310 2627 4357 et
2649 4300 2865 4372 gemitus
2893 4298 3049 4371 (lsai.
3074 4299 3165 4355 35.
3197 4298 3286 4368 I0)
3312 4317 3327 4354 :
3353 4308 3428 4363 et,
3454 4299 3529 4353 Αι

1939 4398 2130 4452 oriente
2152 4405 2199 4450 et
2233 4396 2491 4451 occidente
2514 4394 2729 4459 venient,
2759 4403 2807 4448 et
2831 4393 3115 4449 rerumbent
3135 4394 3189 4447 in
3217 4394 3335 4447 sinu
3364 4393 3530 4448 Alim-

1942 4492 2040 4556 hw,
2085 4501 2133 4545 et
2164 4489 2335 4554 Isaac,
2375 4499 2423 4544 et
2450 4487 2612 4544 Jacob
2642 4487 2855 4559 (Matth.
2888 4486 2941 4542 8.
2987 4485 3077 4558 11)
3109 4503 3122 4540 :
3154 4495 3209 4543 et
3236 4486 3345 4543 illic
3369 4501 3533 4557 spon-

1941 4598 2034 4640 sus
2059 4582 2370 4654 spiritualis,
2400 4581 2632 4637 lucerna:
2674 4578 2909 4651 fulgidae,
2940 4581 3216 4636 translatio
3234 4581 3291 4636 in
3316 4580 3529 4638 ctelum.

2015 4677 2067 4731 ι.
2096 4675 2204 4731 Cur
2230 4687 2359 4742 ergo
2387 4680 2653 4727 mortuum
2683 4669 2981 4742 deturpas?
3017 4687 3114 4727 cur
3136 4671 3258 4727 aliis
3287 4672 3532 4728 timorem

1945 4779 2337 4838 tremoremque
2362 4767 2549 4822 mortis
2572 4765 2843 4822 accersis?
2871 4781 2969 4821 cur
2988 4766 3325 4821 occasionem
3352 4765 3533 4820 multis

1947 4861 2154 4930 praebes
2174 4860 2447 4917 iucusandi
2475 4861 2665 4925 Deum,
2688 4869 2873 4929 utpote
2892 4860 2983 4930 qui
3005 4874 3194 4929 magna
3215 4858 3403 4914 fecerit
3421 4873 3534 4912 ma-

1952 4955 2033 5015 la?
2063 4954 2172 5009 luto
2213 4968 2342 5009 vero
2375 4968 2473 5009 cur
2503 4962 2687 5023 postea
2726 4966 2990 5023 pauperes
3042 4965 3202 5005 vocas
3224 4990 3240 5016 ,
3271 4958 3326 5004 et
3350 4964 3531 5004 sacer-

1944 5048 2099 5104 dotes
2126 5061 2283 5118 rogas
2309 5046 2377 5102 ad
2406 5045 2768 5117 precandum?
2791 5044 2860 5101 Ut
2882 5045 2937 5100 in
2966 5043 3203 5114 requiem
3229 5042 3417 5111 abeat,
3446 5042 3532 5097 itt-

1946 5145 2097 5215 qnies
2116 5184 2131 5207 ,
2163 5142 2210 5198 is
2237 5141 2326 5212 qui
2354 5148 2595 5196 mortuus
2618 5147 2741 5203 est,
2771 5147 2830 5192 ut
2860 5137 3146 5207 propitium
3176 5134 3371 5193 habeat
3394 5134 3535 5205 judi-

1944 5255 2085 5295 cem.
2115 5237 2189 5292 Ea
2233 5236 2392 5307 igitur
2416 5234 2485 5289 de
2513 5247 2672 5288 causa
2716 5230 2894 5301 ploras
2921 5239 2975 5285 et
3021 5228 3363 5299 ingemiscis?
3394 5228 3537 5300 Ergo

1948 5342 2122 5388 tecum
2148 5331 2261 5400 ipse
2294 5341 2495 5397 pugnas
2514 5367 2532 5386 .
2561 5339 2684 5380 cum
2707 5323 2783 5378 illi
2809 5330 3150 5392 tempestates
3177 5337 3332 5392 paras
3355 5322 3446 5392 qui
3467 5322 3535 5376 ad

1952 5434 2161 5495 portum
2181 5421 2328 5476 abiit.
2362 5419 2430 5474 Et
2453 5418 2580 5489 quid
2611 5416 2837 5471 faciam?
2862 5415 3105 5486 inquies:
3137 5414 3189 5470 id
3215 5422 3403 5470 natura
3425 5416 3538 5471 exi-

1946 5519 2042 5589 git.
2083 5515 2199 5571 Non
2229 5521 2314 5569 est
2350 5521 2555 5567 natura:
2590 5508 2743 5578 culpa
2785 5523 2958 5577 neque
2994 5522 3177 5563 rerum
3213 5506 3412 5575 seriei;
3443 5506 3536 5561 sed

2011 5629 2086 5694 (a)
2107 5625 2392 5694 De‘praellca
2413 5623 2529 5694 vide
2545 5622 2860 5694 Atttiquit._'_t‘.
2882 5623 3005 5694 5,_p.
3020 5621 3102 5687 II,
3126 5628 3178 5673 et
3199 5621 3264 5673 de
3287 5618 3438 5672 forma
3456 5631 3533 5670 au-

1950 5684 2052 5745 tem
2068 5684 2277 5756 mnta:
2299 5684 2695 5750 supplementum
2714 5691 2767 5735 T.
2791 5685 2843 5747 5,
2862 5697 2911 5748 p.
2938 5685 3014 5735 Il.
