3900 6194
400 278 506 334 ’575

1107 258 1167 315 S.
1206 249 1485 313 JOANNIS
1512 229 2001 304 ’CllllYSOSTOMl
2045 229 2362 288 ABCBIEP.
2402 224 2943 301 CONS’I‘ANTINOP.

3449 270 3452 273 λ
3566 219 3668 278 376

394 410 503 451 nos
521 390 611 463 qui
636 383 816 444 omnia
837 394 931 438 sus
947 376 1124 446 deque
1144 371 1419 433 vertimus,
1446 362 1637 421 molles
1657 356 1879 463 niﬂliliﬂ‘l
1899 366 1991 463 SI“-
2222 355 2276 401 ιθ
2315 345 2576 463 δι’θνίῃθά
2606 345 2756 463 illum
2794 359 2917 401 €850
2954 344 3335 463 "liﬂnlﬂﬁlm;
3363 341 3440 399 Ne
3465 344 3670 463 fligi”

408 445 856 553 mnstvnostram
892 467 1182 545 prodimus
1222 461 1590 521 nobilitatem,
1642 460 1725 553 et"
1748 445 1991 553 inlideles

406 537 704 636 deteriores
742 537 986 624 iacimus.
1025 554 1307 628 Quomodo
1333 551 1478 609 enim
1507 560 1632 603 cum
1659 542 1767 597 alio
1791 537 1991 636 tle-im-

407 630 733 727 mortalitate
752 650 1116 715 disseremus?
1134 662 1239 720 qua
1263 643 1471 701 ratione
1489 637 1741 711 gentilem
1758 631 1827 687 ad
1848 630 1994 685 illam

405 731 729 816 credendam
753 738 1088 811 inducemus,
1129 750 1254 797 cum
1278 734 1446 806 magis
1467 745 1626 802 quam
1652 727 1743 783 ille
1764 729 1994 783 mortem

402 854 724 911 horreamus
762 851 819 901 et
846 834 1165 897 timeamus?
1207 829 1354 888 liulti
1380 835 1530 883 certe
1551 839 1618 880 ex
1661 817 1992 911 gentilibus;

545 936 998 999 immortalitatem
1040 943 1146 983 non
1188 920 1515 984 credebant,
1548 913 1787 1015 Amortuis
1836 908 1993 976 ﬂliis',

413 1005 657 1108 imposita
678 1031 779 1086 sibi
799 1038 997 1084 corona
1021 1022 1122 1095 (a),
1143 1025 1347 1073 vestem
1372 1008 1654 1068 candidam
1685 1005 1993 1108 induerunt,

413 1140 469 1186 ut
491 1094 815 1199 praesentem
856 1114 1081 1189 gloriam
1127 1112 1558 1199 aucuparentur;
1589 1109 1645 1154 tu
1674 1110 1803 1153 vero
1832 1094 1999 1199 nepb

412 1184 643 1278 futuram
682 1184 899 1285 quidem
943 1204 1166 1278 gloriam
1195 1210 1378 1255 cessas
1403 1193 1709 1250 eﬂ‘eminato
1737 1200 1889 1243 more
1916 1184 1996 1239 la-

415 1311 663 1377 mentari,
685 1284 739 1364 et
762 1305 1032 1376 plangere.
1056 1294 1162 1353 Sed
1190 1290 1443 1347 heredem
1477 1302 1583 1341 non
1613 1284 1796 1345 habes,
1825 1291 2000 1377 neque

413 1369 817 1461 successorem?
841 1369 978 1461 Quid
1006 1402 1134 1443 vero
1163 1383 1349 1447 malis,
1380 1380 1643 1435 bonorum
1667 1384 1880 1429 tuorum
1907 1369 2001 1423 he-

414 1496 596 1553 redem
626 1504 747 1548 esse
766 1530 782 1554 ,
813 1502 881 1541 an
911 1478 1202 1540 ctelorum?
1229 1473 1358 1547 quid
1397 1470 1587 1537 malis,
1615 1482 1684 1523 an
1716 1474 1773 1521 ut
1798 1464 1886 1520 ille
1911 1472 2000 1517 tua

412 1586 645 1656 excipiat
669 1580 826 1645 bona,
856 1589 979 1648 quae
1008 1570 1157 1627 brevi
1188 1562 1535 1637 relinquenda
1570 1568 1757 1656 erunt,
1779 1570 1850 1656 an
1881 1568 1999 1656 ma-

372 1705 376 1710 ·
416 1644 599 1736 nentia
620 1644 932 1741 internoque
952 1666 1092 1724 bona
1107 1663 1134 1718 τ
1159 1661 1313 1717 illum
1335 1654 1588 1712 heredem
1608 1665 1716 1707 non
1743 1644 1999 1713 habuisti,

417 1770 513 1829 sed
538 1766 724 1824 habuit
765 1762 946 1819 Deus:
978 1753 1206 1814 nonfuit
1232 1750 1459 1807 coheres
1483 1745 1708 1802 fratrum
1739 1752 1961 1796 suorum
1980 1777 1997 1802 ,

417 1864 511 1921 sed
541 1861 642 1917 fuit
667 1856 886 1915 Christi.
918 1853 989 1910 Et
1007 1848 1095 1907 cui
1117 1855 1318 1913 vestes,
1348 1840 1575 1912 inquies,
1602 1836 1689 1892 cui
1714 1832 1858 1890 aedes
1876 1872 1894 1899 ,
1917 1829 2005 1886 cui

420 1970 605 2014 servos
646 1960 703 2008 et
747 1962 905 2020 agros
941 1936 1347 2013 relinquemus?
1387 1933 1490 2004 Ipsi
1521 1928 1795 2002 profecto,
1825 1924 2007 2020 et‘sic

422 2051 584 2106 tutius
613 2017 842 2116 repones
863 2081 879 2106 ,
904 2050 1070 2110 quam
1093 2034 1143 2090 si
1168 2032 1412 2095 viveret;
1444 2024 1578 2082 nihil
1601 2021 1801 2116 quippe
1826 2026 1880 2074 te
1900 2017 2005 2071 im-

424 2142 588 2215 pedit.
617 2114 750 2194 Nam
775 2135 820 2190 si
851 2128 1064 2188 barbari
1091 2140 1198 2183 una
1218 2137 1340 2181 cum
1363 2117 1633 2177 defunctis
1767 2114 2004 2215 ipsorum

414 2206 663 2289 cremare
685 2225 863 2283 solent
879 2263 896 2289 ,
920 2219 1092 2276 multo
1114 2215 1285 2287 magis
1305 2224 1358 2270 te
1375 2226 1475 2284 par
1495 2217 1581 2267 est
1601 2208 1669 2264 ad
1693 2206 2004 2264 defunctum

420 2323 634 2380 mittere
659 2332 722 2376 ea
750 2330 871 2387 qua)
899 2312 964 2369 ad
994 2312 1171 2382 ipsum
1217 2307 1525 2378 pertinent,
1554 2315 1662 2356 non
1686 2308 1750 2355 ut
1774 2299 1828 2354 in
1851 2296 2005 2353 eine-

423 2431 536 2473 rem
565 2413 888 2470 reducantur
914 2416 972 2463 ut
1000 2407 1089 2462 illa
1108 2445 1124 2474 ,
1151 2401 1248 2460 sed
1273 2409 1333 2457 ut
1371 2398 1631 2468 majorem
1669 2393 1745 2450 illi
1780 2390 2009 2464 gloriam

421 2506 668 2577 pariant;
698 2509 756 2558 et
779 2500 824 2556 si
852 2506 1101 2570 peccator
1122 2491 1376 2558 decessit,
1398 2498 1459 2546 ut
1483 2494 1703 2562 peccata
1727 2484 2006 2549 cluantur;

419 2602 465 2658 si
491 2600 688 2671 justus,
716 2604 775 2652 ut
800 2595 879 2650 illi
899 2589 1164 2648 mercedis
1188 2602 1252 2643 ac
1270 2581 1640 2644 retributionis
1661 2585 2006 2671 augmentum

421 2666 661 2748 accedat.
692 2690 762 2743 At
788 2686 971 2741 videre
996 2682 1174 2752 ipsum
1196 2675 1507 2736 desideras?
1552 2670 1812 2729 Eamdem
1849 2666 2011 2739 igitur

424 2792 585 2853 quam
613 2779 728 2849 ipse
763 2775 927 2831 vitam
959 2772 1194 2841 transige
1215 2809 1233 2837 ,
1271 2776 1327 2825 et
1354 2766 1464 2822 cito
1490 2764 1580 2821 illa
1623 2775 1775 2817 sacra
1803 2758 2012 2815 visione

425 2847 796 2929 frueris—Illud
824 2868 986 2922 etiam
1012 2863 1186 2933 cogita
1207 2899 1222 2926 ,
1254 2868 1309 2916 te
1332 2858 1376 2914 si
1399 2870 1499 2912 nos
1519 2868 1629 2910 non
1655 2849 1891 2907 audieris
1909 2888 1923 2914 ,
1956 2847 2011 2902 in

428 2966 605 3021 futuro
629 2962 683 3019 id
722 2959 943 3015 omnino
971 2964 1319 3026 experturum
1340 2963 1485 3007 esse.
1508 2947 1711 3004 Verum
1740 2941 1889 2999 nulla
1916 2938 2013 2996 tibi

426 3070 634 3117 meroes
661 3055 804 3111 erit:
836 3062 959 3106 nam
986 3064 1016 3104 a
1047 3042 1303 3118 temporis
1331 3039 1679 3099 diuturnitate
1713 3033 2015 3094 consolatio

431 3152 519 3208 illa
543 3150 637 3207 tibi
661 3146 900 3204 accedet.
931 3143 989 3200 Si
1013 3154 1174 3213 porro
1197 3152 1343 3195 nunc
1364 3130 1733 3208 philosophari
1756 3127 2013 3195 volueris,

426 3245 537 3301 duo
565 3238 832 3316 praecipua
872 3234 1199 3300 lucraberis;
1233 3242 1286 3288 te
1308 3230 1507 3303 quippe
1534 3242 1565 3283 a
1593 3225 1755 3283 malis
1782 3223 2016 3280 circum-

432 3315 696 3396 stantibus
720 3347 909 3399 eroes,
937 3340 993 3387 et
1019 3326 1382 3401 splendidiore
1416 3336 1615 3380 corona
1644 3335 1675 3376 a
1704 3319 1818 3375 Deo
1842 3315 2015 3372 dona-

432 3431 594 3487 beris.
617 3428 1029 3497 Eleemosynam
1050 3420 1193 3477 enim
1214 3418 1518 3487 multasque
1538 3414 1674 3470 alias
1688 3414 1912 3469 virtutes
1926 3424 2020 3465 su-

432 3530 582 3592 perat
609 3517 972 3577 calamitatum
1011 3510 1314 3570 tolerantia.
1344 3508 1527 3581 Cogita
1560 3507 1733 3578 ipsum
1776 3503 1872 3561 Dei
1915 3500 2015 3558 Fi-

431 3614 560 3669 lium
587 3619 858 3667 mortuum
886 3620 1041 3674 esse;
1074 3604 1165 3660 ille
1193 3615 1293 3674 pro
1324 3610 1377 3657 te
1414 3607 1657 3655 mortuus
1682 3604 1767 3653 est
1784 3636 1801 3663 ,
1835 3604 1891 3650 tu
1920 3607 2021 3664 pro

433 3707 626 3777 teipse.
654 3702 795 3758 Dixit
815 3710 1031 3756 autem:
1064 3697 1126 3752 Si
1151 3694 1386 3768 possibile
1411 3702 1505 3758 est,
1535 3700 1809 3746 tramenta
1830 3706 1910 3744 me
1930 3704 2020 3743 ea-

435 3797 509 3852 lia:
532 3798 623 3851 iste
644 3793 870 3866 (Matth.
890 3791 983 3847 '26.
1010 3788 1120 3861 59)
1146 3807 1160 3843 ε
1190 3804 1255 3843 ae
1282 3786 1496 3842 tristitia
1521 3798 1862 3854 naturamque
1885 3781 2021 3838 alle-

435 3898 556 3944 etus
581 3897 810 3942 mortem
840 3898 947 3941 non
990 3882 1207 3953 ell'ugit,
1240 3879 1337 3936 sed
1364 3880 1525 3935 etiam
1569 3878 1812 3949 plurimis
1853 3886 2027 3933 tortus

435 3981 793 4045 cruciatibus,
835 3987 1062 4033 mortem
1102 3972 1266 4030 subiit
1302 3987 1408 4027 non
1447 3970 1758 4042 vulgarem,
1787 3970 1881 4025 sed
1909 3983 2027 4024 om-

438 4075 588 4129 nium
626 4070 989 4140 turpissimam
1023 4085 1039 4125 :
1079 4076 1137 4123 et
1171 4073 1296 4121 ante
1344 4073 1573 4120 mortem
1619 4062 1829 4134 ﬂagella
1855 4103 1871 4129 ,
1901 4071 2027 4118 ante

439 4167 646 4238 ﬂagella
678 4179 808 4221 vero
850 4160 1089 4218 convicia
1112 4202 1128 4226 ,
1159 4158 1494 4223 derisiones,
1539 4156 1930 4222 contumelias,
1974 4164 2029 4212 te

441 4260 728 4315 instituens
759 4255 827 4312 ad
866 4254 1043 4311 omnia
1075 4252 1285 4309 fortiter
1323 4238 1562 4307 ferenda.
1591 4248 1698 4305 Sed
1733 4257 1854 4319 post
1879 4262 2027 4304 mer-

442 4364 571 4417 tcm,
604 4359 884 4423 postquam
913 4362 1107 4418 corpus
1137 4344 1481 4412 deposuerat,
1513 4341 1641 4397 illud
1670 4356 1791 4396 eum
1824 4340 2030 4411 majore

442 4447 616 4519 gloria
662 4442 983 4514 resumpsit,
1027 4449 1185 4510 teque
1209 4438 1347 4493 bona
1375 4450 1473 4508 spe
1498 4436 1666 4491 fulcit.
1698 4434 1824 4490 limo
1848 4433 1893 4490 si
1924 4449 2031 4489 non

447 4536 625 4592 fabula
670 4541 797 4590 sunt
818 4574 836 4602 ,
863 4546 934 4590 ne
958 4531 1184 4603 plores:
1216 4530 1332 4585 haec
1361 4528 1406 4584 si
1432 4526 1711 4584 credibilia
1738 4536 1893 4597 putas
1917 4567 1932 4594 ,
1965 4541 2035 4582 ne

450 4627 802 4701 Iaerymen's;
832 4625 881 4682 si
904 4638 1033 4682 vero
1057 4622 1268 4681 ﬂeveris
1287 4664 1303 4690 ,
1332 4613 1604 4692 quom'odo
1630 4619 1833 4690 poteris
1869 4619 2036 4692 genti-

449 4721 589 4778 libus
617 4717 946 4792 persuadere
978 4725 1031 4773 te
1056 4729 1185 4772 vere
1211 4714 1473 4770 credere?

521 4814 575 4871 5.
610 4811 804 4867 Hortus“
827 4824 931 4865 non
958 4808 1067 4864 sine
1087 4805 1241 4861 modo
1264 4803 1489 4875 lugendi.
1518 4831 1592 4844 -
1617 4803 1687 4858 At
1724 4801 1820 4858 tibi
1859 4800 2037 4858 adhuc

451 4902 805 4962 intolerabilis
846 4911 1006 4956 casus
1032 4897 1124 4954 ille
1149 4895 1395 4952 videtur?
1439 4893 1583 4965 Ergo
1625 4907 1732 4948 non
1775 4891 2040 4964 lugendus

452 4999 577 5058 ideo
601 4995 692 5052 ille
716 5000 820 5059 est,
846 4991 935 5064 qui
962 5005 993 5047 a
1021 4997 1105 5047 tot
1124 4987 1517 5045 calamitatibus
1541 4985 1651 5057 jam
1670 4985 1934 5041 estliber.
1962 4982 2041 5041 Ne

450 5094 633 5161 itaque
676 5085 776 5156 ipsi
824 5081 1086 5139 invideas.
1131 5079 1267 5136 Nam
1312 5079 1411 5134 tibi
1438 5078 1513 5132 ob
1553 5077 1894 5136 immaturum
1924 5076 2042 5147 ejus

455 5181 659 5235 obitum
685 5186 917 5233 mortem
947 5182 1136 5248 optare
1157 5214 1174 5243 ,
1205 5173 1534 5244 lugereque,
1569 5170 1696 5242 quia
1737 5184 1844 5225 non
1871 5169 1999 5226 vivit
2023 5212 2040 5235 .

456 5282 515 5329 ut
544 5272 670 5327 talia
700 5271 867 5327 multa
912 5269 1178 5342 patiatur,
1218 5266 1382 5322 invidi
1426 5275 1577 5323 certe
1617 5273 1723 5321 est.
1766 5263 1887 5320 Noli
1914 5279 2045 5337 ergo

460 5366 696 5434 mgitare
730 5362 908 5433 ipsum
946 5373 1236 5432 numquam
1273 5357 1491 5414 domum
1537 5369 1662 5412 esse
1704 5354 2002 5411 rediturum
2025 5395 2042 5425 ,

526 5519 600 5579 (α)
633 5514 714 5565 De
732 5512 1056 5579 Xenophonte
1075 5513 1268 5579 dicitur,
1293 5514 1451 5579 ipsum
1472 5524 1584 5562 cum
1605 5518 1865 5579 coronatus
1900 5509 2051 5560 sacri-

463 5573 648 5631 ﬂeiret.
671 5583 727 5626 ut
740 5573 923 5625 audivit
942 5573 1089 5624 lilium
1110 5577 1160 5625 in
1180 5573 1427 5625 Mantiutea
1452 5586 1612 5637 pugna
1631 5573 1887 5634 cecidisse,
1911 5583 2050 5637 coro-

466 5655 578 5692 nam
609 5639 926 5709 deposuisse,
972 5638 1058 5709 ubi
1092 5648 1214 5686 vero
1252 5637 1431 5709 acriter
1456 5635 1772 5709 pugnantem
1806 5635 2050 5686 corruisse

467 5694 719 5765 conquirit,
747 5694 971 5750 coronam
984 5700 1164 5753 iterum
1185 5694 1328 5760 capiti
1350 5694 1652 5760 imposuisse.
1708 5751 1715 5758 ,

2094 438 2270 509 ipsum
2300 453 2404 494 non
2437 438 2576 494 ultra
2607 438 2712 493 huc
2739 452 2861 494 esse
2887 445 3173 494 venturum
3193 478 3211 505 ,
3239 437 3338 493 sed
3364 436 3533 507 cogita
3563 435 3672 497 ha-e

2097 528 2326 586 visibilis
2349 546 2453 586 non
2485 531 2557 585 ita
2580 540 2639 585 ut
2660 539 2786 586 sunt
2811 544 3063 585 mansura
3087 570 3104 594 .
3130 530 3226 587 sed
3255 529 3671 589 multimoda

2092 635 2238 678 esse.
2267 621 2398 677 Nam
2440 623 2675 690 celum,
2706 630 2878 688 terra,
2903 638 3053 678 mare
3094 631 3151 677 et
3190 623 3373 679 omnia
3416 632 3676 680 transmu-

2094 721 2311 781 tantur,
2362 724 2600 787 tuncque
2634 716 2804 771 illium
2841 727 2992 771 tuum
3029 718 3259 788 recipies
3289 717 3479 788 majori
3498 717 3665 787 gloria

2099 817 2421 863 coronatum
2442 809 2567 867 '.Et
2586 806 2632 862 si
2657 807 2878 877 quidem
2913 817 3169 879 peccator
3196 810 3328 864 abiit
3353 849 3369 871 .
3414 807 3669 879 natuitia:

2098 912 2289 954 cursus
2306 898 2635 968 interceptus
2650 897 2769 964 luit;
2790 911 2965 968 neque
2983 897 3126 954 enim
3145 897 3191 955 si
3205 896 3516 954 mutandum
3531 897 3678 955 illam

2100 989 2217 1046 fore
2247 989 2385 1045 Deus
2413 989 2747 1061 pnevidisset
2766 1029 2784 1056 ,
2815 989 2961 1044 illum
2992 997 3116 1044 ante
3147 989 3513 1060 ptenitentiam
3542 989 3680 1045 abri-

2098 1081 2305 1153 puisset
2321 1097 2339 1147 ;
2357 1080 2402 1135 si
2423 1095 2552 1136 vero
2565 1079 2743 1151 justus
2761 1080 3009 1137 discessit
3023 1122 3039 1147 ,
3069 1081 3123 1136 in
3145 1088 3261 1138 tuto
3287 1081 3424 1136 bona
3444 1096 3540 1136 sua
3563 1095 3681 1152 pos»

2096 1174 2261 1230 sidet.
2329 1172 2483 1230 Unde
2539 1174 2879 1229 manifestum
2935 1183 3020 1230 est
3069 1174 3340 1247 laerymas
3404 1184 3524 1231 tuas
3579 1189 3682 1231 non

2098 1282 2222 1322 esse
2274 1267 2536 1338 lacrymas
2584 1268 2806 1333 amoris,
2858 1267 2954 1323 sed
3009 1268 3390 1326 irrationabilis
3440 1269 3683 1326 aﬂ'ectus.

2100 1357 2234 1413 Nam
2279 1359 2325 1414 si
2374 1359 2683 1415 defunctum
2734 1374 2947 1415 amares
2973 1401 2990 1428 ,
3034 1360 3270 1431 gaudere
3314 1369 3588 1432 oporteret
3633 1372 3687 1417 et

2104 1453 2272 1511 la-tari
2298 1494 2315 1517 .
2364 1453 2507 1524 quod
2557 1468 2589 1508 a
2628 1454 2981 1523 pr:esentibus
3029 1453 3278 1510 ﬂuctibus
3325 1453 3400 1510 sit
3449 1462 3684 1525 ereptus.

2103 1546 2242 1616 Quid
2300 1547 2444 1603 enim
2503 1549 2771 1617 amplius,
2839 1563 3063 1617 quaeso,
3124 1548 3309 1604 videre
3368 1548 3497 1604 est?
3554 1547 3689 1616 Quid

2106 1643 2376 1699 insolitum
2442 1652 2499 1698 et
2562 1644 2804 1698 novum?
2866 1643 3055 1699 Nonne
3118 1642 3308 1698 eadem
3374 1644 3491 1715 ipsa
3555 1659 3690 1715 quo-

2104 1736 2235 1794 tidie
2254 1738 2452 1793 revolvi
2476 1736 2753 1793 videmus?
2778 1736 2924 1792 Diem
2952 1749 3056 1790 nos
3078 1734 3298 1805 excipit,
3321 1744 3532 1790 noctem
3553 1735 3687 1803 dies,

2106 1828 2340 1886 hiemem
2381 1838 2537 1884 mstas
2556 1869 2571 1895 ,
2601 1836 2841 1884 mstatem
2874 1827 3046 1884 hiems
3066 1869 3080 1891 ,
3113 1836 3167 1883 et
3195 1826 3322 1883 nihil
3353 1828 3601 1899 amplius.
3628 1827 3691 1885 Et

2108 1921 2227 1978 haec
2244 1919 2459 1992 quidem
2480 1936 2695 1991 semper
2721 1920 2908 1976 eadem
2939 1936 2952 1974 :
2983 1919 3121 1975 mala
3150 1934 3277 1976 vero
3306 1934 3521 1991 semper
3549 1921 3691 1977 inso-

2106 2014 2198 2070 lita
2240 2023 2295 2069 et
2335 2028 2493 2068 nova.
2543 2012 2666 2067 llmc
2706 2027 2839 2083 ergo
2879 2012 3094 2070 volebas
3121 2012 3267 2067 illum
3296 2013 3541 2084 quotidie
3563 2013 3693 2069 hau-

2106 2108 2216 2166 rire
2242 2110 2304 2173 ’.
2342 2117 2400 2164 et
2442 2104 2529 2164 hic
2566 2123 2813 2171 manere,
2860 2118 3153 2179 aegrotare,
3204 2107 3419 2179 lugere,
3471 2108 3691 2175 timene,

2112 2212 2374 2268 tremere,
2419 2209 2477 2258 et
2519 2200 2623 2256 alia
2672 2200 2797 2255 mali
2834 2200 2977 2271 pati,
3019 2199 3123 2255 alia
3161 2199 3493 2256 formidare?
3518 2199 3695 2269 Neque

2108 2293 2253 2350 enim
2273 2294 2452 2349 dicere
2478 2292 2641 2358 ausis,
2673 2292 2913 2363 potuisse
2935 2293 3087 2348 illum
3112 2292 3327 2364 longum
3354 2291 3458 2348 hoc
3484 2292 3696 2362 pelagus

2072 2422 2079 2426 ι
2110 2383 2460 2456 trajicientem
2479 2423 2497 2453 ,
2524 2384 2847 2441 mmroribus
2880 2383 3432 2454 sollicitudinibusque
3472 2392 3693 2438 nouunt

2106 2492 2253 2536 esse.
2278 2477 2360 2534 Ad
2386 2477 2503 2534 haec
2526 2478 2796 2549 perpende
2822 2485 2873 2533 te
2898 2492 3005 2533 non
3031 2476 3283 2549 genuisse
3312 2476 3693 2543 immortalem;

2110 2584 2177 2627 ac
2194 2570 2237 2627 si
2268 2585 2374 2626 non
2398 2570 2509 2640 jam
2536 2578 2777 2626 mortuus
2795 2579 2957 2635 esset,
2989 2569 3147 2641 paulo
3173 2577 3355 2640 [mstca
3384 2569 3696 2626 moriturum

2113 2662 2296 2719 fuisse.
2339 2664 2410 2718 At
2430 2679 2553 2720 non
2578 2664 2802 2720 satiatus
2822 2678 2946 2720 eius
2974 2662 3116 2719 illius
3140 2663 3532 2720 consuetudine
3550 2662 3576 2716 ?
3597 2661 3696 2719 Sed

2113 2759 2187 2817 ibi
2203 2775 2416 2831 semper
2437 2761 2527 2816 illo
2549 2760 2761 2817 frueris.
2790 2762 2859 2817 At
2888 2761 3053 2818 velles
3080 2760 3166 2817 hic
3193 2760 3366 2832 ipsum
3390 2759 3615 2817 videre?
3637 2759 3699 2815 Et

2114 2852 2240 2923 quid
2284 2853 2466 2909 vetat?
2502 2852 2652 2909 Licet
2694 2853 2789 2908 tibi
2837 2852 2986 2909 illum
3014 2852 3218 2921 videre,
3247 2852 3293 2908 si
3324 2852 3507 2923 sapias
3535 2869 3552 2909 :
3582 2863 3698 2921 spes

2115 2947 2259 3013 enim
2306 2946 2601 3003 futurorum
2649 2947 2765 3016 ipso
2805 2947 2918 3002 visu
2961 2946 3159 3002 clarior
3183 2955 3284 3002 est.
3313 2945 3393 3001 Tu
3422 2959 3556 3002 vero
3579 2946 3621 3001 si
3646 2944 3696 2999 in

2118 3041 2264 3112 regis
2306 3047 2484 3107 esset,
2534 3039 2712 3112 ibique
2757 3039 3008 3108 ﬂoreret,
3056 3054 3164 3095 non
3212 3037 3504 3111 qumsisses
3558 3038 3698 3093 illum

2118 3133 2304 3191 videre
2345 3148 2362 3188 :
2405 3146 2470 3189 ac
2513 3147 2633 3189 cum
2670 3132 2737 3187 ad
2765 3132 2921 3204 longe
2946 3132 3223 3189 meliorem
3250 3140 3452 3188 sortem
3476 3128 3664 3186 abierit
3683 3169 3698 3195 ,

2120 3234 2338 3297 propter
2366 3239 2585 3296 parvum
2615 3223 2869 3281 absentia
2899 3232 3107 3295 tempus
3129 3224 3310 3280 animo
3336 3222 3556 3289 delicis,
3585 3235 3699 3278 cum

2121 3320 2358 3377 maxime
2397 3329 2700 3376 consortem
2742 3327 2915 3375 tecum
2960 3317 3198 3374 habeas?
3238 3317 3345 3374 Sed
3391 3317 3565 3373 virum
3603 3330 3701 3371 non

2122 3413 2331 3471 habes?
2356 3413 2426 3468 At
2465 3413 2856 3469 consolatorem
2901 3411 3065 3468 habes
3098 3411 3311 3467 Patrem
3343 3409 3701 3482 orphanorum

2125 3515 2181 3563 et
2206 3505 2447 3562 iudicem
2479 3505 2779 3560 viduarum.
2812 3503 2949 3560 Audi
2978 3502 3199 3559 Paulum
3232 3501 3371 3559 hanc
3397 3500 3703 3557 viduitatem

2124 3597 2334 3655 beatam
2362 3597 2746 3671 praedicantem
2770 3636 2788 3664 ,
2828 3611 2893 3652 ac
2917 3596 3185 3652 dicentem
3216 3612 3230 3651 :
3264 3594 3390 3663 Qua.-
3412 3605 3580 3649 autem
3602 3608 3705 3647 rm

2126 3693 2279 3748 vidua
2306 3702 2379 3747 est
2398 3700 2445 3747 et
2471 3690 2701 3746 solitaria
2724 3690 2943 3759 sperauit
2969 3689 3022 3744 in
3050 3688 3271 3745 Domino
3293 3690 3371 3760 (l.
3391 3686 3531 3745 Tim.
3560 3688 3613 3744 5.
3630 3684 3704 3759 5).

2127 3784 2341 3841 Etenim
2373 3783 2487 3838 haec
2517 3781 2791 3853 probatior
2815 3781 2935 3848 erit,
2959 3796 3080 3851 qua:
3107 3780 3364 3852 majorem
3389 3779 3705 3844 exhibuerit.

2128 3877 2457 3947 patientiam.
2494 3874 2611 3930 Noli
2639 3874 2800 3945 igitur
2823 3872 3008 3944 lugere
3032 3872 3101 3928 de
3126 3886 3188 3929 ea
3214 3886 3275 3928 re
3297 3886 3416 3943 qua:
3441 3871 3538 3928 tibi
3564 3884 3710 3927 coro-

2131 3986 2253 4027 nam
2296 3977 2482 4041 parat,
2526 3968 2593 4024 de
2636 3983 2739 4040 qua
2784 3966 3088 4023 mercedem
3129 3965 3389 4037 postulas.
3418 3962 3709 4022 Reddidisti

2131 4064 2273 4119 enim
2318 4059 2658 4133 depositum,
2689 4059 2735 4115 si
2766 4058 2819 4114 id
2843 4058 2985 4130 quod
3016 4058 3109 4115 tibi
3136 4056 3398 4114 creditum
3418 4064 3540 4113 erat
3564 4055 3710 4113 exhi-

2131 4155 2314 4213 buisti.
2339 4153 2419 4209 Ne
2446 4154 2520 4209 sis
2550 4167 2680 4226 ergo
2705 4151 2930 4208 sollicita
2949 4192 2965 4217 ,
2994 4150 3041 4207 si
3072 4149 3126 4205 in
3149 4148 3403 4206 thesauro
3427 4146 3710 4205 inviolabili

2132 4249 2274 4324 quod
2317 4247 2633 4320 possidehas
2669 4244 2982 4317 deposuisti.
3013 4242 3069 4301 Si
3099 4256 3263 4314 porro
3287 4240 3574 4307 didiceris,
3601 4252 3712 4313 qua:

2134 4346 2200 4401 sit
2228 4357 2464 4415 prmsens
2485 4341 2586 4396 vita
2612 4383 2626 4407 ,
2644 4354 2764 4410 qum
2794 4337 3005 4401 futura;
3035 4334 3286 4407 quodque
3305 4333 3420 4389 haec
3439 4334 3513 4389 sit
3529 4345 3711 4389 aranea

2135 4446 2191 4493 et
2206 4436 2412 4503 umbra,
2430 4431 2607 4489 omnia
2623 4445 2752 4487 vero
2776 4444 2896 4501 quae
2919 4430 2972 4485 in
2989 4428 3075 4483 illa
3091 4435 3236 4493 sunt,
3266 4426 3486 4481 immota
3507 4425 3714 4480 immor-

2138 4529 2397 4599 taliaque,
2426 4540 2535 4581 non
2579 4524 2685 4579 alio
2712 4522 2892 4594 egebis
2936 4533 3206 4576 sermone.
3233 4516 3387 4574 Nunc
3412 4517 3557 4573 enim
3585 4516 3714 4570 illius

2137 4630 2260 4677 tuus
2279 4620 2346 4676 ab
2367 4617 2515 4674 omni
2530 4615 2825 4672 mutatione
2840 4620 3056 4683 ereptus
3070 4619 3154 4667 est
3175 4627 3190 4665 :
3212 4610 3257 4667 si
3278 4618 3458 4668 autem
3476 4609 3563 4666 hic
3578 4621 3716 4664 man-

2138 4716 2314 4781 sisset,
2344 4712 2479 4769 lorte
2493 4710 2685 4776 bonus,
2700 4709 2836 4764 forte
2859 4706 3030 4762 malus
3050 4706 3256 4761 iuturus
3274 4711 3409 4762 erat.
3431 4704 3625 4760 Annon
3642 4701 3716 4756 vi-

2139 4808 2399 4878 des,quot
2423 4802 2667 4859 homines
2686 4800 2824 4856 ﬂlios
2850 4813 2974 4855 suos
3002 4796 3275 4854 abdicant?
3291 4803 3348 4853 et
3364 4804 3497 4868 quot
3521 4794 3718 4867 pejores

2141 4898 2397 4959 abdicatis
2416 4902 2678 4968 coguntur
2699 4892 2844 4949 domi
2863 4890 3121 4948 retinere?
3142 4890 3266 4947 Haec
3289 4890 3470 4961 itaque
3484 4889 3537 4945 in
3549 4896 3719 4944 mente

2144 5001 2419 5052 versantes
2433 4986 2889 5060 philosophemur:
2908 4982 3141 5041 ita'enitu
3157 4990 3211 5040 et
3223 4982 3475 5040 deuincta
3482 4980 3618 5054 grati
3630 4977 3719 5034 eri-

2145 5098 2285 5151 mus,
2302 5090 2357 5140 et
2380 5079 2519 5151 apud
2536 5078 2779 5135 homines
2793 5075 2975 5132 multis
2992 5074 3233 5131 laudibus
3251 5071 3511 5141 fruemur,
3523 5081 3674 5142 atque
3690 5083 3718 5123 a

2150 5179 2260 5236 Deo
2280 5189 2524 5247 magnam
2547 5172 2814 5245 patientia:
2838 5168 3141 5227 mercedem
3160 5166 3480 5236 referemus,
3496 5175 3718 5222 aeterna-

2147 5285 2251 5342 que
2264 5271 2404 5327 bona
2417 5279 2809 5337 consequemur
2827 5279 2843 5328 ;
2867 5277 2987 5335 quae
3016 5272 3217 5319 utinam
3237 5274 3338 5318 nos
3363 5276 3557 5317 omnes
3570 5256 3723 5328 adipi-

2148 5376 2377 5427 scamur,
2402 5360 2569 5433 gratia
2590 5366 2646 5415 et
2671 5357 2997 5429 benignitate
3023 5354 3232 5411 Domini
3249 5354 3416 5411 nostri
3429 5353 3557 5410 Jesu
3575 5350 3720 5405 Chri-

2150 5456 2240 5524 sti,
2254 5454 2337 5511 cui
2355 5452 2521 5526 gloria
2532 5459 2589 5509 et
2606 5449 2968 5523 imperium,in
2980 5447 3175 5504 saaeula
3188 5446 3525 5504 stimulorum.
3539 5443 3718 5502 Amen.

2215 5560 2232 5628 ξ
2259 5555 2381 5628 Mor.
2408 5553 2554 5614 Ben,
2572 5558 2775 5615 tuncque
2796 5549 2959 5605 omnia
2980 5562 3087 5603 cum
3128 5561 3317 5615 majore
3340 5543 3498 5612 gloria
3517 5539 3713 5619 arripiat

2154 5617 2289 5686 ﬁlius
2307 5623 2435 5667 tuus.

2220 5692 2242 5725 ι
2273 5686 2381 5750 alii,
2403 5684 2586 5739 videre.
