3900 6194
1139 311 1203 369 IN
1243 303 1646 367 MATTIIEUM
1688 300 1913 358 ιιοιιιι.
1956 297 2170 355 XXXII.
2212 299 2285 353 al.
2326 298 2562 355 XXXIII.

3426 295 3532 355 578

1364 510 2032 581 HOMILIA..\'XXII.
2080 509 2165 571 al.
2210 510 2508 573 XXXIII.

263 692 389 747 CAP.
436 687 494 743 9.
540 701 592 736 v.
628 682 722 737 27.
766 676 834 732 Et
887 674 1234 745 proﬁciscente
1277 668 1395 721 inde
1447 662 1608 726 Iesu,
1651 653 1844 725 sequuti

335 787 454 834 sunt
495 790 605 829 eum
633 773 735 825 duo
762 770 878 824 cteci
898 806 914 832 ,
943 765 1217 818 clamantes
1244 767 1290 812 et
1315 756 1531 810 dicentes
1561 766 1580 805 :
1608 749 1848 803 Miserere

338 868 516 931 nostri,
539 863 616 933 ﬁli
642 858 825 914 Dauid.
848 857 938 911 28.
971 853 1037 907 Et
1059 868 1172 904 cum
1194 849 1404 903 venisset
1429 845 1478 897 in
1509 843 1734 903 domum,
1757 851 1846 887 ac-

335 926 585 1014 cesserunt
605 953 673 1006 ad
700 967 812 1005 eum
834 949 934 1001 duo
951 944 1069 1000 eieci
1097 958 1116 997 :
1141 951 1185 995 et
1211 939 1331 992 dicit
1353 936 1423 991 eis
1446 933 1594 988 Jesus
1625 946 1643 983 :
1669 926 1847 983 Credi-

339 1054 404 1107 tis
444 1049 565 1119 quia
590 1048 684 1100 hoc
710 1058 910 1113 possum
946 1035 1148 1109 facere?
1178 1033 1358 1086 Dicunt
1385 1028 1430 1083 ei
1450 1069 1464 1089 ,
1496 1024 1706 1094 Utique,
1745 1018 1852 1071 Do-

341 1114 496 1198 mine.
529 1138 621 1194 29.
665 1135 707 1190 Τ
710 1150 805 1188 unc
844 1131 999 1200 tetigit
1028 1126 1200 1182 oculos
1224 1137 1393 1177 eorum
1420 1119 1593 1171 dicens
1611 1156 1625 1179 ,
1656 1114 1851 1169 Secun-

341 1237 467 1289 dum
487 1231 639 1301 [idem
657 1236 870 1281 vestram
896 1223 986 1292 fiat
1011 1217 1167 1273 vobis.
1192 1216 1281 1271 50.
1310 1211 1379 1265 Et
1398 1208 1557 1281 aperti
1579 1215 1694 1260 sunt
1718 1201 1852 1258 oculi

343 1341 515 1382 οοηιιη
524 1363 539 1377 .

347 1419 402 1472 1.
450 1413 560 1469 Cur
600 1410 718 1465 illos
753 1407 1045 1463 clamantes
1073 1394 1373 1470 protrahit?
1402 1393 1497 1447 Ilic
1518 1405 1726 1445 rursum
1758 1401 1856 1441 nos

275 1510 502 1567 instituit
528 1505 594 1560 ad
623 1516 809 1556 vanam
835 1500 1057 1569 gloriam
1085 1489 1407 1562 fugiendam.
1434 1485 1566 1553 Quia
1587 1482 1730 1538 enim
1755 1480 1855 1533 do-

277 1619 398 1659 mus
423 1619 454 1658 e
482 1601 655 1654 vicino
678 1604 814 1656 erat,
835 1593 959 1645 illuc
989 1588 1137 1643 duxit
1167 1577 1592 1657 eos,utseorsim
1623 1580 1854 1629 sanaret.

180 1732 181 1735 η
278 1698 441 1766 quue
488 1693 661 1763 palam
704 1696 787 1744 est
830 1701 895 1741 ex
933 1701 998 1737 eo
1026 1677 1165 1749 quod
1197 1671 1548 1747 praeceperit,
1575 1678 1633 1723 ut
1660 1665 1859 1723 nemini

276 1757 540 1843 dicerent.
586 1782 768 1849 Neque
806 1790 993 1848 parum
1029 1769 1196 1827 Judaei
1228 1767 1350 1822 inde
1377 1763 1688 1831 culpantur,
1719 1757 1858 1829 quod

280 1881 333 1935 bi
353 1922 370 1945 ,
399 1878 591 1949 quibus
609 1872 787 1928 nullus
810 1868 1086 1922 oculorum
1114 1877 1242 1917 usus
1271 1866 1385 1915 erat
1407 1900 1423 1923 ,
1450 1872 1515 1910 ex
1542 1853 1722 1909 auditu
1745 1852 1862 1905 solo

281 1973 442 2027 ﬁdem
483 1965 709 2035 amplexi
738 1964 848 2015 sint
877 1977 891 2013 :
925 1958 997 2011 illi
1021 1965 1195 2010 autem
1220 1951 1471 2006 miracula
1502 1947 1772 2008 videntes,
1801 1958 1864 1998 ac

284 2074 449 2117 testes
497 2058 753 2112 habentes
797 2054 940 2123 ipsos
985 2047 1171 2103 oculos
1191 2088 1205 2110 ,
1236 2054 1419 2100 contra
1450 2056 1607 2110 quam
1634 2038 1757 2090 (δεινοί
1791 2035 1866 2089 fa-

280 2154 445 2208 ciant.
474 2148 608 2203 Vide
639 2157 814 2200 autem
857 2142 1066 2196 illorum
1105 2135 1264 2191 animi
1295 2133 1539 2187 ardorem
1570 2138 1677 2182 tum
1704 2143 1732 2180 a
1757 2126 1868 2180 cla-

284 2262 435 2301 tuore
460 2285 475 2307 ,
516 2250 623 2295 tum
654 2240 721 2292 ab
755 2239 864 2306 ipsa
896 2231 1138 2303 precandi
1171 2228 1391 2283 ratione.
1422 2223 1536 2278 Non
1563 2222 1703 2275 cttim
1735 2219 1866 2273 sim-

285 2341 496 2412 pliciter
531 2339 904 2393 accesserunt;
942 2326 1034 2382 sed
1066 2337 1250 2389 magna
1278 2334 1407 2373 voce
1431 2317 1721 2372 clamantes
1741 2353 1756 2378 ,
1791 2310 1871 2364 ui-

286 2408 361 2486 hil
399 2428 544 2483 aliud
584 2441 739 2496 quam
792 2421 1031 2475 Miserere
1072 2414 1423 2486 proferentes.
1466 2408 1658 2463 Filium
1690 2414 1869 2459 autem

286 2523 503 2581 Davidis
548 2516 922 2588 appellabant,
966 2510 1087 2581 quia
1115 2507 1467 2562 honoriﬁcum
1498 2517 1689 2556 nmnen
1724 2498 1873 2553 vide-

286 2617 446 2672 batur
473 2629 613 2668 esse.
649 2612 803 2678 Srcpe
833 2619 1059 2675 namque
1085 2600 1356 2672 prophetae
1384 2611 1536 2667 reges
1558 2595 1677 2648 illos
1697 2633 1712 2656 ,
1741 2605 1874 2662 quos

288 2710 557 2765 honorare
606 2716 931 2774 magnosque
959 2696 1248 2768 praulieare
1278 2692 1560 2753 volebant,
1590 2687 1667 2741 sic
1692 2685 1876 2754 appel-s

290 2802 475 2856 labant
522 2797 731 2868 (Ifzeclt.
774 2795 862 2848 54.
910 2792 1001 2845 23.
1053 2787 1213 2842 Zm-h.
1261 2784 1347 2838 i2.
1377 2782 1437 2850 8)
1488 2782 1709 2835 l‘omntn
1745 2791 1874 2830 vero

289 2891 570 2957 adductos,
599 2888 832 2943 secundo
853 2888 1161 2952 interrogat.
1196 2878 1260 2933 Ut
1286 2876 1566 2947 plurimum
1594 2870 1735 2926 enim
1759 2877 1877 2923 stn-

289 2989 453 3044 dcbat
498 2984 857 3054 supplicantes
884 2994 1105 3040 sanare,
1135 2991 1199 3027 ne
1230 2972 1348 3042 quis
1377 2975 1587 3040 putaret
1608 2966 1779 3037 ipsum
1809 2962 1873 3016 ad

292 3079 548 3137 miracula
578 3074 829 3146 patranda
863 3088 956 3142 per
985 3067 1391 3123 ostentationem
1424 3062 1628 3116 insilire
1658 3076 1672 3107 τ
1706 3073 1877 3128 neque

290 3188 354 3229 ea
400 3172 573 3227 solum
617 3168 685 3223 de
726 3179 921 3221 causa.
966 3161 1060 3215 sed
1084 3160 1241 3214 etiam
1276 3165 1332 3209 ut
1354 3153 1662 3209 ostenderet
1691 3148 1880 3219 dignos

294 3268 418 3321 illos
462 3279 582 3318 esse
620 3261 709 3331 qui
749 3264 1102 3318 curarentur;
1144 3262 1197 3305 et
1232 3265 1299 3305 ne
1326 3251 1445 3316 quis
1473 3246 1710 3307 diceret,
1739 3242 1781 3294 si
1814 3254 1879 3293 ex

294 3355 665 3415 misericordia
715 3362 914 3405 tantum
964 3344 1218 3405 sanabat,
1255 3339 1557 3410 oportuisse
1582 3346 1769 3388 oumes
1797 3344 1882 3384 sa-

297 3468 471 3506 nare:
507 3448 665 3501 habet
706 3445 846 3497 euitn
891 3434 1255 3493 misericordia
1298 3430 1580 3501 quamdam
1620 3426 1881 3480 rationem

296 3561 365 3601 es
417 3542 519 3596 ﬁde
556 3536 848 3608 roganlittllt
879 3532 1112 3601 petitam.
1141 3527 1322 3596 Neque
1350 3524 1467 3578 ideo
1497 3527 1696 3573 tantum
1724 3516 1882 3570 ﬁdem

296 3638 368 3691 ab
396 3635 502 3689 illis
527 3607 724 3700 exigit;
754 3625 845 3681 sed
875 3626 993 3694 quia
1019 3622 1296 3684 dixerant,
1323 3614 1429 3669 Fili
1453 3610 1654 3675 David,
1683 3616 1742 3663 ut
1766 3607 1887 3661 illos

300 3730 366 3783 ad
396 3728 521 3797 quid
545 3722 823 3780 sublimius
844 3721 1101 3788 erigeret,
1129 3723 1181 3769 et
1207 3710 1427 3767 doceret
1454 3705 1578 3776 quid
1599 3703 1667 3759 de
1687 3716 1747 3757 se
1770 3700 1886 3755 exi-

301 3821 630 3878 stimandum
660 3826 837 3881 esset,
860 3807 1204 3879 interrogavit
1238 3824 1251 3860 :
1284 3802 1495 3858 Creditis
1518 3798 1635 3869 quia
1660 3798 1754 3850 hoc
1772 3809 1887 3869 pos-

303 3935 416 3973 sum
461 3911 668 3985 facere?
692 3908 805 3963 NOII
834 3906 1007 3968 dixit,
1039 3900 1269 3956 Creditis
1295 3898 1434 3966 quod
1472 3892 1667 3961 DUSSlm
1702 3901 1890 3958 rogare

305 4013 521 4068 Patrem
545 4020 720 4060 meum
739 4045 753 4064 ,
785 4000 866 4056 vel
892 4041 907 4063 ,
930 3995 1081 4065 Quod
1110 3993 1303 4064 possim
1331 3987 1575 4058 precari;
1608 3983 1722 4048 sed,
1744 3978 1892 4045 Quod

303 4121 410 4175 ego
450 4101 636 4173 possim
682 4097 776 4150 hoc
816 4094 1000 4164 facere.
1031 4086 1168 4156 Quid
1196 4095 1374 4139 autem
1401 4079 1519 4135 illi?
1550 4076 1763 4145 Utique,
1792 4073 1894 4127 Do-

306 4165 463 4253 mine:
504 4192 618 4248 Non
644 4189 752 4260 jam
783 4187 928 4242 illum
961 4183 1121 4236 ﬁlium
1154 4175 1316 4233 David
1344 4179 1563 4236 vocant,
1590 4168 1683 4224 sed
1711 4165 1777 4221 ad
1808 4179 1896 4219 su-

308 4289 557 4345 blimiora
600 4282 819 4345 volant,
858 4284 912 4332 et
949 4272 1230 4329 Dominum
1272 4267 1417 4321 illum
1444 4261 1785 4318 conﬁtentur.
1819 4257 1898 4310 Ae

310 4392 443 4439 tunc
481 4378 698 4434 demum
748 4383 962 4428 manum
994 4362 1244 4434 imposuit
1269 4360 1479 4423 dicens,
1510 4352 1800 4409 Secundum
1829 4350 1897 4418 [i-

310 4476 430 4529 dem
474 4478 689 4523 vestram
716 4466 804 4534 ﬁat
828 4460 983 4516 vobis.
1013 4457 1068 4512 Id
1092 4470 1219 4509 vero
1246 4452 1369 4506 facit
1390 4491 1407 4516 ,
1440 4457 1498 4502 ut
1528 4446 1684 4500 ﬁdetn
1711 4456 1897 4497 eorum

313 4563 634 4623 conﬁrmet,
686 4553 1037 4622 ostendatque
1084 4547 1228 4617 ipsos
1277 4546 1327 4597 in
1374 4551 1579 4611 partem
1613 4536 1791 4605 operis
1813 4550 1900 4584 ve-

317 4657 511 4717 uisse,
559 4665 622 4703 ac.
670 4647 1002 4706 testiﬁcetur,
1053 4654 1159 4693 non
1211 4630 1529 4689 adulationis
1583 4628 1695 4681 lure
1743 4623 1901 4678 verba

317 4749 505 4801 fuisse.
552 4742 735 4810 Neque
780 4737 922 4793 enim
970 4732 1128 4796 dixit,
1170 4725 1487 4796 Aperiantur
1538 4719 1673 4775 oculi
1700 4716 1903 4783 vestri;

317 4840 438 4905 sed,
467 4808 757 4893 Secundum
783 4830 934 4901 ﬁdem
958 4834 1169 4881 vestram
1188 4820 1279 4891 ﬁat
1303 4816 1439 4872 vobis
1466 4830 1485 4868 :
1506 4814 1555 4869 id
1576 4810 1716 4883 quod
1742 4808 1904 4865 etiam

321 4934 510 4991 multis
552 4924 934 4986 accedentibus
974 4920 1133 4982 dicit,
1163 4924 1287 4969 ante
1314 4908 1555 4979 corporis
1575 4904 1904 4961 curationem

322 5027 485 5082 ﬁdem
515 5025 569 5078 in
595 5018 787 5075 animis
815 5023 1051 5069 statuere
1076 5009 1260 5063 volens
1282 5047 1299 5071 ,
1332 5015 1387 5058 ut
1415 5013 1470 5059 et
1499 5001 1617 5056 illos
1641 4996 1906 5053 celebrio-

322 5134 446 5181 res,
490 5123 548 5170 et
584 5113 719 5168 alios
753 5104 1099 5163 studiosiores
1138 5099 1403 5155 redderet.
1435 5095 1507 5149 Ita
1535 5102 1587 5147 et
1620 5092 1670 5145 in
1696 5086 1907 5158 paraly-

326 5213 431 5266 tico
477 5205 603 5263 facit
649 5222 663 5258 :
708 5210 991 5269 antequam
1033 5208 1227 5263 corpus
1276 5190 1544 5251 ﬁrmaret,
1577 5182 1806 5236 animam
1830 5178 1909 5247 ja-

323 5314 537 5363 cenlem
586 5296 745 5368 erigit
784 5294 970 5348 dicens
1001 5309 1015 5344 :
1047 5285 1290 5355 Con/ide,
1332 5281 1441 5349 fili,
1479 5277 1801 5332 remittuntur
1825 5269 1912 5326 tibi

331 5404 538 5468 peccata
570 5400 657 5444 tua
678 5430 693 5454 ,
727 5384 956 5457 puellam
984 5394 1110 5435 vero
1146 5378 1212 5430 ab
1238 5390 1295 5429 se
1325 5371 1690 5426 resuscitatam
1718 5379 1913 5434 appre-

333 5488 518 5544 hendit
542 5527 556 5549 ,
578 5492 634 5538 ct
659 5497 751 5552 per
774 5478 949 5534 cibum
976 5470 1154 5528 docuit
1177 5468 1296 5539 quis
1322 5465 1420 5534 ipsi
1448 5459 1759 5517 beneﬁcium
1781 5471 1903 5511 cou-
1935 5497 1956 5508 κ

332 5581 572 5640 tulisset,
602 5576 654 5628 in
683 5568 997 5627 centurione
1025 5562 1269 5619 similiter
1295 5557 1420 5612 fecit
1439 5597 1454 5619 ,
1488 5552 1609 5607 ﬁdei
1639 5560 1805 5604 totum
1830 5556 1915 5602 at-

332 5672 614 5732 tribuens;
645 5682 765 5721 cum
796 5672 973 5717 autem
996 5653 1284 5723 discipulos
1311 5666 1377 5705 ex
1407 5647 1571 5701 utaris
1601 5649 1918 5712 tempestate

334 5769 475 5822 erait
496 5762 705 5835 ,pcimo
734 5760 851 5815 illos
884 5771 950 5812 ex
990 5750 1110 5808 ﬁdei
1143 5746 1448 5805 inﬁrmitate
1474 5740 1732 5797 liberavit.
1768 5735 1843 5791 lla
1865 5743 1917 5791 et

1952 651 2038 708 hic
2079 652 2203 710 fecit
2252 672 2266 709 :
2305 658 2507 713 sciebat
2543 659 2685 714 enim
2730 668 2934 716 secreta
2966 659 3143 715 cordis
3171 676 3356 716 eorum
3383 671 3535 716 ante-

1950 764 2106 819 quam
2130 749 2226 819 ipsi
2255 750 2613 820 loquerentur;
2638 759 2690 806 ιιι
2717 761 2893 808 autem
2919 752 3055 806 alios
3080 768 3288 822 (pioque
3307 752 3373 807 at".
3394 752 3545 809 idem

1951 844 2182 898 studium
2223 844 2564 907 incenderet,
2609 844 2738 913 ipsis
2785 846 2880 899 hos
2905 846 3223 914 conspicuos
3249 845 3452 907 reddit.
3483 847 3535 899 in

1954 935 2061 991 ﬁne
2080 935 2371 990 curationis
2400 937 2660 991 occultam
2692 936 2846 991 ﬁdem
2879 937 3087 991 illorum
3113 938 3429 1008 praidicans.

2028 1028 2081 1082 Μ
2087 1029 2275 1082 odeslia
2293 1027 2749 1098 Christijactantia
2762 1029 3302 1102 fugienda.—-Deinde
3324 1041 3444 1101 post
3458 1030 3539 1085 fa-

1956 1129 2096 1174 ctam
2118 1120 2448 1176 curationem
2480 1122 2739 1191 prtecipit,
2763 1131 2822 1176 ut
2849 1123 3044 1175 nemini
3069 1122 3267 1187 dicant,
3289 1138 3389 1179 nec
3406 1123 3542 1177 sim-

1959 1214 2171 1281 pliciter
2184 1213 2441 1281 prmcipit,
2462 1212 2555 1267 sed
2579 1212 3045 1269 vehementissime
3068 1222 3239 1267 vetat:
3262 1228 3383 1267 nam
3403 1214 3543 1267 Acri-
3579 1225 3583 1227 ·

1958 1316 2031 1359 ter
2051 1307 2154 1360 illis
2174 1307 2521 1361 interminatus
2541 1315 2633 1371 est,
2653 1306 2842 1377 ittqnit,
2860 1305 3034 1373 Iesus,
3053 1307 3248 1362 dicens:
3268 1306 3463 1369 Cavete,
3482 1324 3544 1360 ne

1957 1399 2069 1469 quis
2086 1399 2230 1453 sciat.
2250 1398 2337 1452 51.
2360 1396 2451 1451 Illi
2465 1414 2578 1452 vero
2596 1398 2799 1469 egressi,
2820 1399 3216 1469 pra'tlicaveruut
3234 1417 3347 1452 eum
3376 1399 3427 1453 in
3439 1408 3545 1453 tota

1962 1498 2096 1542 terra
2136 1488 2247 1543 illa.
2286 1488 2403 1543 Non
2435 1503 2494 1544 se
2520 1488 2797 1543 continere
2829 1489 2901 1542 illi
2936 1498 3238 1557 potuerunt,
3273 1488 3366 1543 sed
3393 1488 3544 1544 luere

1965 1595 2238 1649 parettnes
2265 1588 2317 1634 et
2339 1580 2679 1649 evangelista:
2702 1621 2717 1645 ,
2745 1579 2987 1649 jussique
3019 1591 3196 1635 tacere
3224 1580 3273 1634 id
3304 1579 3445 1649 quod
3470 1579 3548 1633 ia-

1962 1680 2105 1724 ctum
2156 1672 2357 1737 fuerat,
2406 1672 2627 1743 obsequi
2672 1687 2775 1725 non
2825 1681 3130 1741 potuerunt.
3174 1673 3324 1738 Quod
3350 1673 3392 1726 si
3421 1672 3546 1728 alibi

1964 1762 2143 1828 dicat,
2185 1762 2351 1829 Vade,
2401 1773 2450 1816 et
2483 1780 2638 1816 narra
2678 1763 2894 1834 gloriam
2940 1762 3069 1830 Dei,
3106 1764 3231 1819 illud
3257 1764 3366 1833 jatn
3393 1763 3550 1820 dictis

1967 1870 2071 1908 non
2095 1864 2383 1924 repugnat,
2407 1853 2511 1908 itno
2539 1854 2640 1909 illis
2667 1854 2953 1909 admodum
2984 1865 3258 1911 Consonat.
3293 1856 3383 1909 llis
3406 1856 3557 1910 enim

1970 1962 2067 1999 nos
2121 1946 2382 2013 instituit,
2436 1956 2494 2000 ut
2547 1963 2614 2001 ne
2669 1947 3018 2017 pra‘diecmus
3074 1964 3169 2001 nos
3223 1949 3396 2016 ipsos,
3445 1948 3563 2002 imo.

1968 2055 2313 2099 coerceamus
2334 2056 2427 2096 eos
2450 2041 2539 2111 qui
2568 2058 2664 2094 nos
2689 2040 2962 2095 celebrare
2990 2042 3187 2095 velit-ut
3213 2059 3224 2094 :
3255 2041 3299 2093 si
3329 2054 3457 2094 vero
3485 2016 3564 2094 ad

1975 2134 2139 2190 Deum
2184 2137 2352 2207 gloria
2379 2137 2675 2204 referatur,
2707 2153 2811 2192 non
2842 2136 3000 2190 modo
3029 2151 3132 2189 non
3168 2135 3561 2203 impediamns,

1974 2230 2080 2283 imo
2104 2230 2152 2282 id
2183 2245 2340 2300 agere
2362 2230 2480 2285 aliis
2505 2230 2893 2300 prmcipiamus.
2924 2227 3012 2283 δὲ.
3044 2226 3070 2279 1
3080 2227 3184 2296 psis
3213 2236 3561 2296 autemegres.

1972 2326 2063 2388 sis,
2088 2326 2372 2381 obtulerunt
2404 2324 2450 2379 ei
2488 2324 2741 2376 hominem
2790 2329 3006 2383 mutum,
3037 2319 3341 2372 da'ntouium
3375 2316 3560 2371 haben—

1974 2428 2092 2474 tem.
2133 2418 2248 2473 Non
2296 2417 2439 2471 enim
2466 2416 2681 2469 morbus
2721 2429 2788 2468 ex
2817 2422 3003 2466 natura
3048 2411 3349 2481 prodierat,
3372 2406 3467 2464 sed
3494 2422 3563 2463 ea

1975 2511 2236 2567 dmmouis
2267 2508 2492 2577 insidiis.
2521 2509 2855 2578 Quapropter
2879 2504 2998 2559 aliis
3025 2505 3112 2574 qui
3140 2505 3311 2573 ipsum
3333 2501 3564 2557 adduce-

1977 2614 2098 2660 rent
2141 2618 2276 2673 opus
2313 2601 2516 2655 habuit.
2564 2599 2745 2669 Neque
2772 2599 2915 2652 enim
2959 2598 3072 2667 ipse
3097 2610 3285 2664 rogare
3313 2601 3570 2663 poterat,

1979 2706 2157 2752 mutus
2203 2712 2324 2750 cum
2368 2704 2549 2759 esset,
2602 2708 2775 2763 neque
2803 2691 2922 2746 aliis
2949 2690 3279 2760 supplicare,
3308 2703 3430 2743 cum
3453 2685 3555 2742 da:-

1979 2803 2102 2842 mon
2130 2786 2360 2856 linguam
2387 2786 2502 2855 ejus
2530 2784 2797 2854 alligasset
2820 2824 2836 2847 ,
2867 2781 3206 2851 animamque
3231 2795 3350 2834 cum
3388 2778 3566 2848 lingua

1980 2882 2256 2936 viuxisset.
2294 2880 2521 2949 Ideoque
2552 2878 2693 2932 illius
2723 2875 2878 2929 ﬁdem
2911 2888 3015 2929 non
3041 2873 3237 2943 exigit,
3267 2871 3361 2926 sed
3387 2860 3568 2924 statim

1980 2973 2226 3030 morbum
2264 2979 2435 3028 curat.
2460 2972 2550 3024 35.
2579 2969 2758 3039 Ejecto
2786 2976 2951 3022 autem
2970 2966 3199 3020 dazmone
3220 3005 3233 3028 ,
3264 2960 3468 3032 inquit,
3492 2961 3569 3015 lo-

1981 3078 2164 3140 quutus
2184 3077 2253 3120 est
2282 3075 2468 3118 mutus.
2493 3062 2678 3117 Turba:
2701 3071 2867 3115 autem
2895 3059 3159 3113 admirata:
3180 3065 3294 3110 sunt
3321 3054 3568 3107 dicentes:

1984 3159 2277 3229 Numquam
2319 3160 2479 3212 visum
2516 3166 2589 3211 est
2614 3156 2775 3209 simile
2793 3155 2847 3208 in
2873 3151 3058 3207 Israel.
3091 3149 3147 3205 ld
3171 3147 3311 3219 quod
3338 3144 3570 3201 maxime

1986 3254 2282 3309 Pbarismos
2309 3250 2586 3306 mordebat
2603 3289 2619 3313 ,
2642 3247 2781 3319 quod
2811 3248 2982 3317 ipsum
3014 3242 3263 3298 omnibus
3281 3248 3573 3308 antepone-

1987 3358 2146 3413 rent,
2195 3361 2297 3400 non
2334 3345 2467 3400 vivis
2493 3344 2697 3405 solum,
2728 3339 2821 3394 sed
2850 3339 3012 3395 etiam
3035 3336 3274 3406 quiante
3305 3332 3530 3386 fuissent
3556 3345 3581 3385 :-

1986 3439 2381 3508 anteponebant
2405 3451 2554 3498 vero,
2587 3450 2691 3488 non
2719 3431 2859 3502 quod
2886 3436 3099 3485 curaret
3121 3426 3301 3487 modo,
3321 3424 3416 3480 sed
3433 3422 3587 3493 quod:

1988 3532 2182 3597 facile,
2230 3531 2367 3597 cito,
2416 3530 2829 3595 inmunerasque
2865 3520 3207 3593 aegritudines
3231 3515 3587 3573 insanabiles.

1989 3625 2081 3680 Sic
2100 3622 2312 3694 quidem
2340 3621 2586 3691 populus.

2061 3718 2116 3773 2.
2151 3716 2298 3771 Nihil
2318 3714 2517 3771 Christo
2545 3722 2593 3768 et
2621 3709 2839 3765 daanoni
2877 3720 3147 3761 commune
3178 3701 3330 3770 fuisse
3364 3699 3583 3752 demon-

1992 3822 2201 3871 stratur.
2232 3808 2507 3864 Maledicta
2528 3821 2631 3859 non
2670 3801 2978 3866 maledictis,
3018 3796 3107 3851 sed
3141 3791 3391 3859 beneficiis
3424 3788 3579 3860 refel-

1996 3908 2166 3963 lenda.
2199 3934 2270 3945 -—
2296 3899 2551 3958 Pharisaei
2599 3907 2786 3952 contra
2835 3907 2940 3948 non
3000 3888 3160 3945 modo
3201 3885 3336 3940 facta
3376 3880 3579 3938 calum-

1997 4002 2231 4065 niantur,
2285 3995 2379 4051 sed
2408 3992 2509 4048 sibi
2558 3989 2689 4061 ipsis
2710 3984 2975 4042 contraria
3009 3981 3247 4037 dicentes
3272 4017 3286 4039 ,
3323 3989 3427 4027 non
3454 3987 3582 4028 eru-

2000 4064 2239 4149 bescunt.
2273 4083 2581 4157 Huiusmodi
2619 4090 2703 4136 est
2745 4075 2998 4148 nequitia.
3032 4070 3169 4141 Quid
3194 4070 3335 4126 enim
3363 4064 3584 4122 dicunt?

1999 4186 2087 4241 54.
2109 4182 2175 4237 In
2204 4154 2430 4252 principe
2458 4173 2822 4230 demoniorum
2846 4168 2980 4239 ejicit
3008 4163 3277 4219 dmmonia.
3310 4160 3427 4227 Quo
3458 4154 3584 4227 quid

2000 4277 2255 4335 stultius?
2275 4247 2429 4339 Nam,
2463 4280 2519 4324 ut
2550 4277 2731 4337 postea
2751 4262 2901 4328 dicit,
2930 4276 3037 4316 non
3059 4266 3232 4328 potest
3255 4254 3466 4309 dazmon
3491 4247 3588 4319 ejio

2001 4386 2127 4427 cere
2146 4368 2443 4423 daemonem
2460 4360 2651 4433 (Marc.
2682 4359 2735 4414 5.
2769 4353 3030 4427 23):nam
3049 4350 3140 4405 ille
3152 4361 3245 4402 sua
3269 4355 3590 4400 conservare

2001 4476 2059 4520 ct
2087 4465 2296 4518 ﬁrmare
2326 4458 2485 4522 solet,
2520 4470 2625 4509 non
2675 4450 2975 4506 destruere.
3006 4444 3123 4515 Ipse
3148 4454 3275 4495 vero
3298 4452 3402 4494 non
3427 4432 3590 4490 modo

2003 4557 2279 4611 daemonas
2328 4548 2594 4620 ejiciebat,
2639 4541 2734 4599 sed
2788 4539 2947 4596 etiam
2989 4536 3230 4607 leprosos
3278 4526 3591 4590 mandabat,

2005 4658 2245 4706 mortuos
2264 4619 2576 4706 suscitabat,
2619 4650 2769 4692 mare
2797 4631 3065 4694 frenabat,
3114 4632 3328 4697 peccata
3357 4619 3592 4677 dimitte-

2008 4745 2117 4807 bat,
2165 4752 2386 4810 regnum
2435 4729 2779 4805 praedicabat,
2811 4725 2879 4781 ad
2927 4725 3140 4779 Patrem
3182 4712 3593 4774 adducebat:id

2008 4805 2151 4907 quod
2180 4805 2467 4901 numquam
2505 4826 2714 4882 daemon
2770 4819 2945 4875 facere
2996 4815 3145 4876 velit,
3194 4824 3365 4881 neque
3405 4805 3590 4879 possit.

2009 4904 2141 4989 Nam
2192 4928 2465 4984 daemones
2500 4917 2566 4974 ad
2595 4915 2731 4972 idola
2780 4911 3069 4973 adducunt,
3101 4922 3131 4960 a
3164 4905 3274 4959 Deo
3309 4904 3594 4963 avertunt,

2013 5023 2341 5089 suadentque
2377 5029 2445 5069 ne
2474 5012 2664 5067 futura;
2693 5006 2814 5059 vita!
2839 5001 3109 5058 credatur.
3145 4998 3361 5050 Daemon
3410 4997 3598 5045 contu.

2012 5114 2168 5170 melia
2196 5079 2416 5165 aii‘ectus
2446 5119 2550 5159 non
2594 5095 2910 5154 beneﬁcium
2962 5096 3197 5160 praestat,
3236 5085 3342 5138 imo
3380 5096 3451 5137 ne
3477 5079 3600 5151 qni-

2012 5210 2135 5266 dem
2163 5203 2384 5258 allectus
2412 5195 2603 5267 injuria
2629 5198 2781 5247 nocet
2803 5188 2868 5241 iis
2889 5184 2977 5255 qui
3020 5183 3190 5250 ipsum
3220 5176 3401 5233 colunt
3425 5183 3481 5231 et
3500 5173 3602 5229 bo,

2018 5308 2225 5358 norant.
2263 5294 2357 5349 Ille
2385 5296 2589 5347 contra,
2621 5291 2738 5354 post
2769 5288 2847 5335 tot
2874 5275 3094 5346 injurias
3119 5282 3174 5327 et
3211 5268 3600 5331 contumelias,

2018 5397 2106 5452 '55.
2139 5388 2389 5449 Circuibat
2435 5381 2580 5438 urbes
2607 5390 2779 5431 omnes
2803 5382 2848 5425 et
2874 5370 3027 5434 vicos,
3059 5368 3243 5421 docens
3262 5364 3314 5417 in
3335 5359 3603 5433 synagogis

2020 5504 2214 5551 eorum,
2248 5492 2294 5539 et
2319 5477 2604 5552 prmdicans
2627 5466 2937 5540 evangelium
2977 5460 3137 5533 regni,
3169 5472 3353 5513 curans
3405 5465 3606 5507 omnem

2020 5583 2246 5639 morbunt
2264 5588 2309 5633 et
2334 5587 2532 5630 omnem
2559 5566 2903 5638 inﬁrmitatem
2932 5559 2972 5613 ¹.
3005 5556 3114 5613 Nec
3148 5549 3309 5608 modo
3348 5546 3468 5604 illos
3496 5558 3601 5600 non

2088 5742 2104 5774 ι
2140 5742 2249 5789 Post
2264 5732 2486 5790 verbum,
2508 5722 2854 5793 inﬁrmitatem,
2876 5715 3069 5785 quidam
3092 5710 3292 5772 addunt,
3309 5707 3359 5761 in
3383 5704 3577 5777 poplite.
