3900 6194
303 283 409 339 579

301 398 560 470 puniebat
583 399 841 469 ingratos,
869 400 963 456 sed
992 415 1060 456 ne
1097 400 1405 470 increpabat
1441 398 1655 470 quidem
1689 416 1703 453 :
1733 397 1892 452 simul

300 491 760 548 mansuetudinem
791 507 941 548 suam
971 491 1280 559 ostendens,
1307 501 1357 548 et
1398 490 1536 547 hanc
1566 490 1886 546 caiumniam

299 585 586 640 confutans
627 587 996 657 :insupcrque
1044 602 1139 656 per
1185 587 1460 656 sequentia
1502 585 1652 656 signa
1704 584 1890 639 volens

302 676 456 745 plura
484 676 726 745 pra-bere
775 688 1111 747 argumenta,
1142 691 1205 731 ac
1232 676 1425 731 deinde
1449 676 1623 730 verbis
1642 689 1886 745 arguere.

300 767 576 823 Circuibat
597 767 776 838 itaque
796 779 850 823 ct
881 784 977 838 per
997 767 1261 826 civitates.
1294 776 1347 820 ct
1375 782 1469 836 per
1496 765 1661 830 vicos,
1688 779 1889 836 perque

301 873 600 930 synagogas
651 875 836 914 eorum
868 875 884 915 :
912 859 1112 914 docens
1159 874 1275 923 nos,
1322 858 1398 911 sic
1456 856 1736 912 maledicta
1781 871 1887 910 non

303 950 602 1006 maledictis
624 991 639 1015 ,
669 953 762 1007 sed
806 951 1076 1007 beneﬁciis
1111 951 1402 1019 majoribus
1424 948 1716 1004 refellenda
1746 963 1887 1003 esse.

301 1043 435 1098 Nam
465 1043 510 1098 si
541 1057 646 1100 non
705 1053 920 1114 propter
968 1043 1234 1107 homines,
1283 1050 1504 1112 propter
1545 1040 1711 1095 Deum
1743 1048 1889 1095 certe

299 1135 576 1191 conservis
602 1134 859 1191 beneﬁcia
890 1144 1132 1206 prmstas,
1174 1133 1427 1205 quidquid
1473 1132 1547 1188 illi
1592 1142 1766 1202 agant,
1822 1145 1890 1186 ne

300 1242 482 1283 cesses
513 1228 649 1282 bene
687 1225 882 1292 facere,
913 1234 970 1280 ut
1007 1226 1177 1294 major
1213 1225 1282 1278 sit
1325 1239 1569 1279 merces:
1602 1219 1687 1278 ita‘
1720 1233 1776 1277 ut
1801 1221 1889 1292 qui

302 1329 423 1390 post
449 1320 772 1375 calumniam
799 1320 996 1374 illatam
1025 1319 1160 1374 bene
1192 1318 1365 1373 facere
1399 1317 1614 1382 desinit,
1644 1315 1891 1370 ostendat

301 1428 362 1470 se
387 1429 491 1469 non
529 1423 749 1484 promer
770 1413 960 1479 Deum,
993 1411 1088 1468 sed
1120 1421 1339 1481 promer
1361 1411 1637 1466 hominum
1675 1409 1886 1466 laudem

305 1505 443 1561 hanc
467 1519 721 1560 exercere
757 1505 1026 1558 virtutem.
1060 1501 1186 1559 Ideo
1208 1502 1475 1569 Christus,
1507 1510 1568 1556 ut
1607 1514 1706 1556 nos
1725 1501 1888 1556 doce-

303 1605 402 1658 ret,
420 1611 478 1650 se
493 1610 561 1650 ex
582 1596 693 1650 sola
713 1594 1036 1665 benignitate
1057 1595 1106 1649 id
1125 1609 1302 1665 agere,
1327 1609 1431 1648 non
1459 1594 1630 1647 solum
1661 1608 1766 1648 non
1795 1608 1890 1648 cx-

299 1685 578 1758 spectabat
605 1700 778 1755 azgros
800 1685 864 1739 ad
908 1699 966 1740 se
992 1684 1194 1750 venire,
1227 1683 1319 1738 sed
1346 1683 1410 1738 ad
1441 1684 1557 1739 illos
1600 1681 1888 1737 contende-

301 1778 412 1840 bat,
444 1776 551 1830 duo
575 1777 804 1830 maxima
838 1775 969 1845 ipsis
1016 1774 1153 1828 bona
1194 1773 1509 1839 conferens,
1551 1773 1885 1842 evangelium

298 1871 489 1940 regni,
528 1879 582 1924 et
629 1868 937 1923 morborum
982 1867 1219 1921 omnium
1266 1867 1616 1921 curationem.
1679 1864 1884 1918 Nullam

300 1962 485 2018 urbem
533 1961 890 2030 despiciebat,
941 1960 1141 2013 nullum
1190 1960 1362 2013 vicmn
1408 1959 1882 2029 praetercurrcbat,

298 2051 395 2106 sed
416 2066 630 2106 onmem
659 2050 840 2105 adibat
864 2050 1060 2104 locum.
1094 2049 1198 2105 Sed
1227 2064 1397 2120 neque
1435 2049 1520 2103 hic
1548 2048 1770 2120 gradqu
1815 2047 1889 2102 si-

299 2145 414 2210 stit,
446 2159 630 2198 verum
667 2145 824 2199 aliam
862 2158 1075 2214 quoque
1106 2142 1494 2212 providentiam
1525 2141 1759 2197 exhibet.
1793 2140 1884 2196 56.

299 2239 428 2292 Cum
469 2237 654 2292 videret
700 2237 832 2291 enim
881 2238 1086 2303 turbas,
1139 2238 1404 2291 miseratus
1449 2243 1522 2289 est
1571 2233 1687 2288 illos
1708 2276 1724 2301 ,
1767 2233 1887 2304 quia

297 2329 465 2385 cerati
493 2338 653 2391 erant,
676 2337 723 2382 et
747 2327 930 2399 abjecti
947 2329 1090 2398 quasi
1106 2343 1218 2382 oues
1234 2344 1336 2382 non
1361 2327 1593 2381 habentes
1614 2336 1884 2396 pastorem.

297 2423 389 2478 57.
416 2421 558 2477 Tunc
583 2423 711 2476 dixit
737 2420 1002 2490 discipulis
1032 2437 1051 2475 :
1099 2419 1283 2476 Messts
1311 2419 1514 2488 quidem
1549 2421 1729 2484 multa,
1762 2434 1884 2488 ope¢

299 2518 427 2571 rarii
450 2526 616 2571 autem
645 2515 814 2586 pauci.
841 2515 930 2570 58.
962 2513 1161 2585 Regale
1201 2529 1321 2585 ergo
1367 2511 1645 2567 Dominum
1690 2512 1884 2578 messis,

300 2620 357 2662 ut
383 2609 548 2662 mittat
569 2609 830 2676 operarios
855 2608 906 2661 in
931 2623 1138 2662 messem
1158 2623 1320 2661 suam.
1343 2605 1474 2662 Vide
1497 2619 1708 2661 rursum
1728 2621 1885 2675 quant

297 2701 367 2754 sit
395 2699 464 2754 ab
508 2699 649 2753 inani
699 2687 866 2769 gloria
895 2698 1122 2752 alienus.
1165 2696 1244 2752 Ne
1291 2695 1433 2752 enim
1477 2711 1669 2751 omnes
1719 2695 1786 2750 ad
1829 2710 1890 2751 se

300 2792 652 2861 pertraheret,
689 2789 980 2858 discipulos
1009 2788 1222 2844 emittit.
1269 2786 1453 2857 Neque
1491 2787 1591 2842 hac
1621 2786 1792 2842 solum
1821 2785 1890 2839 de

300 2895 484 2945 causa,
529 2878 626 2934 sed
676 2879 797 2934 illos
842 2878 1149 2943 instituens,
1177 2886 1237 2932 ut
1282 2877 1334 2933 in
1380 2877 1682 2940 Palaestina,
1708 2891 1806 2930 ceu
1835 2876 1886 2929 in

299 2971 530 3043 quadam
572 2970 819 3042 palmstra
862 2984 982 3026 sese
1016 2975 1351 3034 exercentes,
1380 2970 1460 3024 sic
1487 2967 1553 3022 ad
1593 2967 1887 3023 certamina

299 3079 400 3135 per
418 3062 606 3120 orbem
641 3061 978 3132 suscipienda
1009 3075 1068 3116 se
1097 3068 1482 3132 praepararent.
1523 3059 1726 3115 Idcirco
1771 3074 1887 3113 ma-

299 3156 415 3224 jora
459 3153 813 3209 certaminum
863 3153 1119 3216 exercitia
1165 3151 1336 3220 ponit,
1382 3159 1438 3206 et
1479 3160 1674 3221 quanta
1723 3151 1891 3205 virtus

304 3249 540 3316 ipsorum
563 3245 704 3301 l'erre
731 3252 958 3316 poterat,
985 3254 1042 3298 ut
1068 3242 1276 3298 facilius
1296 3243 1570 3312 sequentia
1597 3241 1887 3297 certamina

301 3337 514 3394 adirent
555 3356 570 3394 :
611 3339 757 3407 ipsos
800 3337 949 3408 quasi
999 3345 1212 3392 teneras
1259 3335 1493 3390 aviculas
1539 3333 1604 3390 ad
1653 3334 1890 3388 volatum

303 3443 583 3484 exercens.
617 3427 940 3498 interimque
969 3427 1087 3482 illos
1116 3426 1355 3483 medicos
1373 3440 1661 3496 corporum
1692 3427 1893 3481 consti-

305 3522 424 3586 tuit,
457 3534 741 3576 reservans
768 3520 896 3591 ipsis
925 3519 976 3573 in
1001 3527 1273 3588 posterum
1304 3518 1565 3573 medelam
1593 3517 1890 3572 animarum

301 3629 421 3680 qua:
458 3612 723 3682 prmcipua
749 3620 853 3666 est.
890 3610 966 3665 Ac
995 3609 1264 3681 perpende
1307 3608 1578 3680 quomodo
1617 3624 1728 3663 rent
1757 3608 1894 3662 hanc

301 3714 358 3758 et
403 3704 607 3760 facilem
639 3709 697 3759 et
725 3702 1082 3758 necessariam
1125 3701 1392 3756 ostendat.
1419 3700 1557 3768 Quid
1587 3699 1730 3754 enim
1777 3699 1894 3753 ait?

306 3797 488 3852 Messis
515 3797 716 3868 quidem
745 3797 929 3861 multa,
959 3795 1182 3863 aperarii
1211 3803 1379 3847 autem
1405 3793 1576 3863 pauci.
1604 3792 1721 3847 Non
1747 3792 1891 3847 enim

305 3889 462 3943 mitto
481 3902 597 3948 vos,
618 3886 805 3955 inquit,
830 3885 896 3938 ad
919 3895 1239 3949 sementem,
1263 3883 1356 3940 sed
1379 3883 1444 3938 ad
1467 3898 1718 3938 messem.
1740 3882 1894 3951 Quod

305 3981 468 4034 etiam
497 3979 548 4032 in
591 3977 882 4047 Evangelio
925 3975 1148 4030 Joannis
1175 3977 1310 4032 dixit
1338 3993 1350 4028 :
1385 3977 1485 4029 Alii
1515 3976 1892 4044 laboraverunt,

306 4079 353 4123 et
387 4086 474 4124 vos
499 4069 550 4122 in
579 4069 801 4122 laborem
825 4083 996 4121 eorum
1027 4067 1269 4122 introistis
1309 4065 1487 4137 (Joan.
1521 4067 1577 4120 4.
1608 4067 1722 4135 58).
1773 4067 1897 4122 llaec

305 4175 474 4233 porro
497 4160 726 4223 dicebat,
756 4169 811 4213 et
834 4174 1022 4214 eorum
1069 4158 1438 4212 sublimiorem
1471 4173 1687 4212 sensum
1721 4158 1896 4226 repri-

308 4267 485 4318 mens,
511 4261 566 4309 et
592 4252 658 4306 ad
701 4251 948 4306 ﬁduciam
1000 4249 1315 4305 sumendam
1369 4251 1663 4315 instruens,
1707 4260 1895 4306 osten-

310 4347 547 4414 densque
571 4343 830 4412 majorem
850 4343 960 4413 jam
987 4342 1326 4413 prazcessisse
1350 4341 1607 4396 laborem.
1632 4340 1769 4396 Vide
1797 4357 1895 4395 au-

308 4447 419 4490 tem
447 4446 501 4490 et
531 4436 616 4490 hic
646 4436 794 4490 illum
826 4452 856 4490 a
885 4433 1251 4489 misericordia
1295 4432 1555 4502 incipere,
1596 4447 1702 4487 non
1729 4448 1760 4486 a
1800 4447 1897 4502 spe

311 4527 596 4582 mercedis.
650 4524 890 4580 Miserius
938 4534 1009 4579 est
1048 4525 1213 4589 enim,
1242 4525 1379 4592 quod
1420 4531 1582 4579 essent
1625 4523 1808 4588 vexati,
1851 4531 1897 4576 et

307 4619 517 4690 proiecti
547 4617 692 4690 quasi
721 4634 832 4671 oves
869 4634 969 4671 non
997 4616 1232 4670 habentes
1271 4625 1544 4686 pastorem.
1587 4615 1714 4670 Haec
1743 4617 1894 4687 prin-

307 4711 490 4780 cipum
538 4709 844 4764 Judaeorum
897 4708 1168 4762 accusatio
1216 4718 1319 4772 est,
1351 4707 1442 4777 qui
1483 4715 1727 4776 pastores
1774 4723 1896 4762 cum

309 4812 514 4870 essent,
538 4817 660 4858 sese
701 4802 856 4872 lupos
877 4800 1224 4856 exhibebant.
1253 4801 1367 4854 Non
1399 4801 1560 4856 modo
1600 4802 1743 4858 enim
1782 4803 1898 4872 ple-

305 4896 432 4953 bem
472 4911 580 4952 non
605 4894 986 4958 emendabant,
1017 4893 1112 4949 sed
1147 4905 1213 4947 ne
1252 4892 1576 4962 proficerent
1623 4894 1677 4948 in
1707 4895 1900 4950 melius

307 4989 691 5062 impediebant.
725 4989 835 5044 Illis
881 4987 1059 5057 itaque
1101 4985 1420 5042 mirantibus
1463 5002 1528 5043 ac
1573 4987 1895 5054 dicentibus,

312 5081 608 5153 Numquam
635 5081 800 5136 simile
831 5080 990 5134 visum
1013 5088 1085 5132 est
1114 5078 1166 5132 in
1205 5076 1413 5142 Israel;
1456 5078 1530 5132 illi
1553 5089 1739 5135 contra
1777 5099 1788 5134 :
1832 5081 1899 5135 In

310 5175 537 5244 principe
579 5175 946 5228 dwiitoniorum
993 5174 1128 5242 ejicit
1170 5172 1443 5225 dwmoniu.
1491 5172 1595 5227 Sed
1635 5189 1896 5242 quosnam

311 5268 398 5320 hic
425 5268 697 5338 operarios
723 5267 887 5320 dicit?
931 5265 1220 5319 Duodecim
1251 5265 1564 5332 discipulos.
1606 5265 1742 5319 Num
1777 5283 1895 5320 cum

309 5359 526 5421 dixerit,
571 5358 806 5428 Operarii
858 5360 1027 5427 pauci,
1057 5359 1192 5410 alios
1236 5356 1469 5424 adjecit?
1519 5357 1771 5410 Minime:
1805 5358 1896 5412 sed

311 5452 436 5505 illos
461 5449 659 5504 emisit.
681 5448 790 5504 Cur
812 5465 940 5519 ergo
965 5450 1114 5512 dicit,
1148 5447 1345 5519 Rogate
1386 5447 1664 5501 Dominum
1702 5451 1894 5514 messis,

311 5553 363 5596 ut
393 5542 558 5594 mittat
605 5541 864 5610 operarios
905 5542 957 5593 in
1001 5557 1208 5594 messem
1237 5557 1404 5603 suam,
1435 5549 1492 5594 et
1519 5540 1722 5594 nullum
1771 5540 1900 5610 ipsis

311 5633 540 5701 adjicit?
570 5633 702 5700 Quia
743 5646 863 5685 cum
910 5631 1191 5687 duodecim
1241 5640 1442 5696 essent,
1473 5633 1669 5686 umltos
1719 5642 1896 5701 postea

315 5728 512 5800 olfecit,
539 5743 643 5784 nou
675 5736 830 5784 aucto
861 5742 1108 5797 numero,
1142 5726 1236 5784 scd
1270 5729 1522 5783 virtutem
1545 5728 1783 5800 largitus.

1043 283 1100 339 S.
1139 282 1418 341 JOANNIS
1453 281 1926 340 CilllYSOSTOMI
1965 282 2284 341 ARCHIEP.
2323 285 2855 346 CONSTANTINOP.

3473 295 3576 348 530

2071 398 2126 453 5.
2171 399 2373 456 Deinde
2415 401 2705 458 ostendens
2743 412 3003 472 quantum
3048 415 3193 462 esset
3231 403 3454 468 donum,
3480 421 3572 474 an,

2001 488 2195 559 Iiogate
2228 507 2348 561 ergo
2379 491 2653 547 Dominum
2693 497 2888 560 messis,
2920 495 3201 552 obscurius
3239 497 3476 554 declarat
3519 515 3581 554 se

1995 580 2362 634 auctoritatem
2391 580 2610 636 habere.
2639 583 2770 638 Cum
2800 585 2930 639 dicit
2973 585 3138 652 ettim,
3165 585 3361 658 Regale
3393 587 3580 644 Domi-

1997 687 2118 723 num
2149 673 2341 735 messis,
2367 673 2510 744 ipsos
2535 674 2663 728 nihil
2693 686 2996 744 precantes,
3022 679 3102 733 vel
3126 689 3373 750 rogantes
3400 683 3581 736 statim

1995 763 2227 830 ordinat,
2256 764 2476 820 Joannis
2506 768 2665 822 verba
2717 768 2845 840 ipsis
2869 784 3343 838 commemorans,
3377 789 3581 840 arcam,

1997 855 2372 921 ventilabrum,
2403 859 2631 928 paleam,
2657 860 3000 916 frumentum.
3034 860 3188 918 Unde
3215 873 3380 934 patet,
3408 866 3579 934 ipsutr-

1995 960 2117 1000 esse
2145 947 2457 1017 agricolam,
2488 950 2678 1004 messis
2709 951 3012 1016 Dominum,
3045 970 3254 1009 necnon
3299 957 3577 1026 propheta.

1995 1053 2134 1091 rum.
2165 1038 2296 1092 Nant
2319 1040 2363 1094 si
2395 1040 2461 1094 ad
2493 1041 2802 1097 metendum
2828 1043 2992 1106 misit,
3017 1045 3191 1114 palam
3221 1055 3303 1100 est
3329 1061 3451 1100 eum
3478 1063 3578 1100 nor

1995 1130 2168 1184 aliena
2198 1143 2423 1198 metere,
2451 1133 2548 1188 sed
2579 1149 2640 1188 ea
2672 1151 2790 1204 quae
2835 1151 2932 1204 per
2963 1136 3252 1206 prophetas
3277 1138 3584 1193 seminavit.

1993 1221 2178 1292 Neque
2207 1223 2330 1279 hinc
2356 1225 2528 1279 solum
2559 1225 2803 1280 ﬁduciam
2844 1227 2947 1281 illis
2972 1228 3136 1292 dedit,
3166 1229 3307 1298 quod
3345 1231 3591 1287 ministe-

1996 1315 2134 1368 rium
2177 1332 2364 1370 corum
2412 1333 2643 1371 mcsscm
2677 1329 2914 1384 vocaret,
2945 1320 3039 1374 sed
3070 1320 3214 1388 quod
3255 1321 3358 1375 illis
3387 1323 3452 1376 ad
3483 1324 3588 1376 bu-

1990 1403 2223 1474 jusmodi
2277 1407 2634 1463 ministerium
2667 1418 2982 1479 potestatem
3024 1413 3294 1468 indiderit.
3325 1413 3479 1484 (Cap.
3510 1416 3588 1484 Χ)

1996 1496 2050 1550 1.
2091 1493 2159 1548 Ει
2196 1499 2501 1562 convocatis,
2534 1500 2629 1565 ait,
2664 1501 2930 1556 duodecim
2978 1503 3242 1573 discipulis
3291 1506 3416 1567 suis,
3445 1506 3591 1560 dedit

1993 1588 2064 1642 eis
2086 1590 2672 1659 potestatenvspirituum
2701 1591 3096 1660 immtmdorum,
3129 1603 3182 1647 ut
3213 1595 3450 1666 ejicerent
3475 1613 3587 1662 eos,

1993 1687 2042 1733 et
2068 1689 2304 1732 curarent
2332 1696 2528 1734 onmem
2572 1680 2866 1751 languorem
2893 1694 2938 1736 et
2978 1699 3176 1738 omnem
3215 1685 3586 1754 inﬁmtitatem.

1993 1768 2154 1838 Atqui
2187 1769 2418 1823 nondum
2468 1770 2700 1841 Spiritus
2750 1781 2865 1826 crat
2895 1772 3050 1828 datus
3086 1792 3100 1828 :
3153 1773 3401 1830 Nondum
3427 1781 3586 1843 enim,

1993 1859 2184 1930 inquit,
2219 1861 2445 1930 Spiritus
2489 1874 2595 1916 erat
2633 1863 2804 1929 datus,
2851 1865 2969 1934 quia
3015 1865 3166 1921 Jesus
3207 1869 3432 1922 nondum
3477 1883 3592 1924 erat

1991 1954 2303 2022 gloriﬁcatus
2351 1953 2530 2027 (Joan.
2577 1957 2630 2011 7.
2661 1957 2775 2028 59).
2805 1958 3086 2026 Quomodo
3129 1976 3258 2031 ergo
3298 1963 3592 2030 ejiciebant

1991 2043 2246 2114 spiritus?
2277 2046 2352 2101 Ex
2382 2047 2498 2117 ejus
2528 2059 2795 2119 praecepto
2815 2059 2976 2121 atque
2999 2062 3279 2122 potestate.
3305 2055 3590 2126 Perpende

1990 2147 2170 2192 autem
2203 2138 2331 2193 mihi
2363 2141 2695 2210 apostolatus
2733 2146 3208 2213 opportunitatem.
3241 2146 3355 2201 Non
3385 2149 3530 2204 enim
3554 2165 3589 2204 a

1994 2229 2258 2300 principio
2283 2231 2431 2286 misit
2458 2232 2600 2299 illos,
2623 2233 2716 2289 sed
2743 2249 2866 2290 cum
2896 2235 3004 2306 jam
3032 2237 3202 2307 ipsum
3231 2239 3423 2295 idoneo
3449 2250 3590 2296 tem-

1993 2336 2124 2392 pore
2152 2324 2364 2392 sequuti
2392 2334 2593 2388 essent,
2625 2341 2689 2381 ac
2734 2327 2996 2382 vidissent
3039 2340 3305 2384 mortuum
3353 2333 3587 2386 suscita-

1995 2422 2128 2479 tum,
2151 2430 2299 2470 mare
2330 2417 2683 2485 increpatmn,
2711 2419 2891 2486 pulsos
2916 2419 3210 2486 da-monas,
3236 2423 3587 2493 paralyticum

1992 2513 2261 2570 sanatum,
2295 2516 2511 2575 peccata
2557 2508 2779 2562 remissa
2803 2550 2818 2574 ,
2849 2509 3120 2578 leprosum
3161 2512 3493 2580 mundatum,
3522 2528 3590 2569 ac

1992 2595 2308 2653 sufﬁcientia
2351 2599 2631 2668 potestatis
2673 2599 2814 2654 illius
2860 2609 3173 2672 argumenta
3218 2612 3274 2658 et
3302 2619 3398 2674 per
3421 2605 3588 2662 verba

1995 2695 2051 2744 et
2075 2702 2172 2758 per
2199 2702 2364 2758 opera
2399 2690 2731 2759 accepissent
2758 2707 2772 2744 :
2805 2699 2930 2746 tunc
2975 2692 3096 2747 illos
3141 2694 3336 2760 mittit;
3381 2709 3485 2750 nou
3518 2694 3588 2750 ad

1997 2793 2084 2833 res
2128 2777 2480 2848 periculosas,
2511 2780 2746 2835 nondum
2789 2781 2930 2836 enim
2963 2782 3015 2836 in
3048 2782 3328 2839 Palmstina
3373 2785 3588 2856 pericu-

1993 2869 2102 2925 lum
2132 2879 2280 2935 erat;
2313 2869 2406 2925 sed
2442 2879 2629 2925 contra
2668 2871 2964 2928 calumnias
3008 2881 3211 2930 tantum
3243 2876 3588 2946 pugnandum

1993 2969 2128 3017 erat.
2155 2963 2404 3016 Attamen
2434 2962 2670 3031 pericula
2699 2963 2806 3019 illis
2829 2963 3090 3034 prardicit,
3119 2976 3349 3038 anteque
3376 2979 3588 3040 tempus

1995 3053 2116 3107 illos
2143 3063 2430 3124 praeparat,
2457 3065 2512 3109 et
2541 3053 2804 3125 frequenti
2849 3057 3196 3127 pra-dictione
3221 3060 3344 3115 illos
3368 3061 3436 3116 ad
3461 3079 3586 3118 cer.

1996 3143 2194 3198 tamina
2223 3143 2474 3199 instituit.
2505 3145 2708 3202 Deinde
2749 3147 2870 3217 quia
2900 3148 3036 3204 duos
3082 3152 3353 3222 apostolos
3377 3152 3588 3209 dixerat

1996 3233 2173 3301 nobis,
2205 3233 2423 3290 Petrum
2451 3245 2505 3292 ct
2552 3236 2836 3306 Joannem,
2861 3249 2917 3294 ct
2961 3250 3081 3310 post
3109 3242 3231 3297 illos
3276 3228 3587 3300 Mattha'uni

1995 3332 2242 3380 vocatum
2285 3326 2614 3395 ostenderat,
2647 3338 2704 3383 et
2731 3328 2798 3384 de
2845 3331 3069 3385 aliorum
3101 3335 3460 3402 apostolorum
3489 3351 3587 3390 vo-

1995 3417 2207 3473 catione
2242 3433 2305 3472 ac
2340 3419 2556 3474 nomine
2598 3421 2729 3474 nihil
2761 3421 3007 3480 dixerat:
3042 3423 3128 3478 hic
3163 3428 3467 3481 necessario
3496 3443 3584 3482 eo-

1996 3523 2113 3562 rum
2144 3511 2463 3579 catalogum,
2495 3528 2776 3568 numerum
2823 3515 3147 3586 nominaque
3190 3519 3367 3587 ponit,
3396 3520 3471 3574 sic
3508 3519 3584 3574 dio

1995 3617 2168 3659 cens:
2211 3604 2266 3658 2.
2303 3603 2580 3658 Duodecim
2617 3615 2786 3660 autem
2831 3613 3176 3677 apostolorum
3224 3613 3426 3665 nomina
3470 3623 3588 3666 sunt

1998 3697 2144 3750 hare:
2179 3696 2392 3768 primus,
2425 3697 2630 3764 Simon,
2660 3699 2746 3769 qui
2788 3700 2976 3753 dicitur
3024 3699 3230 3756 Petrus.
3273 3702 3404 3757 Nam
3452 3705 3589 3758 alius

1999 3786 2184 3843 Simon
2207 3797 2341 3853 erat,
2374 3789 2461 3859 qui
2485 3789 2781 3844 Cuoanzeus
2802 3792 3115 3848 vocabatur.
3155 3794 3220 3848 Et
3242 3794 3407 3849 Judas
3449 3795 3590 3850 lsca-

1998 3879 2196 3944 riotes,
2224 3890 2279 3935 et
2302 3881 2466 3935 Judas
2494 3881 2698 3938 Jaciibi.
2731 3884 2797 3938 Et
2829 3884 3062 3940 Jacobus
3087 3887 3318 3956 Alphmi,
3349 3898 3403 3943 et
3426 3889 3587 3944 Jaco-

1999 3973 2100 4028 bus
2128 3973 2391 4028 Zcbedari.
2420 3974 2628 4029 Marcus
2659 3992 2786 4030 vero
2817 3978 3112 4032 secundum
3152 3979 3466 4050 dignitatem
3492 3995 3590 4052 po-

1997 4064 2102 4118 suit
2145 4063 2263 4118 illos
2291 4082 2306 4118 :
2339 4065 2538 4119 etenim
2585 4075 2705 4135 post
2739 4066 2878 4120 duos
2927 4069 3245 4138 coryphaaos
3266 4111 3281 4135 ,
3319 4072 3587 4126 Andream

1999 4166 2242 4212 numerat
2269 4155 2458 4229 (Marc.
2491 4159 2544 4214 5.
2583 4160 2689 4230 18).
2715 4157 2811 4214 llic
2835 4175 2963 4214 vero
2992 4175 3097 4214 non
3123 4161 3221 4227 sic,
3251 4162 3344 4218 sed
3369 4163 3476 4217 alio
3499 4179 3590 4218 or-

1999 4245 2148 4313 dine,
2181 4248 2286 4301 imo
2311 4256 2366 4301 et
2390 4248 2652 4303 Thomam
2684 4264 2743 4305 se
2773 4251 2943 4305 multo
2983 4251 3288 4306 inferiorem
3318 4253 3416 4308 sibi
3439 4264 3591 4308 antc-

2001 4341 2170 4410 ponit.
2198 4341 2306 4397 Sed
2335 4357 2521 4398 eorum
2565 4345 2866 4414 catalogum
2911 4360 2940 4398 a
2984 4346 3244 4417 principio
3292 4348 3588 4403 videamus.

2004 4429 2209 4486 Primus
2238 4434 2417 4488 Simon
2443 4477 2458 4500 ,
2507 4437 2592 4506 qui
2630 4436 2814 4490 dicitur
2843 4435 3046 4502 Petrus,
3079 4447 3124 4492 et
3163 4439 3391 4493 Andreas
3431 4443 3592 4512 frater

2001 4527 2130 4596 ejus.
2152 4525 2334 4596 Neque
2360 4543 2519 4596 parva
2553 4530 2665 4583 laus
2693 4529 2805 4584 haec
2828 4539 2908 4583 est
2933 4548 2946 4584 :
2989 4531 3135 4584 illmn
3157 4547 3186 4586 a
3209 4532 3421 4594 virtute,
3449 4533 3592 4588 hunc

2003 4635 2031 4670 a
2060 4619 2340 4674 nobilitate
2370 4637 2578 4675 tnorutn
2621 4622 2874 4678 laudavit.
2909 4625 2961 4678 5.
2994 4624 3189 4679 Deinde
3224 4625 3447 4681 Iacobus
3487 4626 3591 4682 Ze-

2002 4709 2181 4775 bcdwi,
2207 4721 2254 4764 et
2280 4709 2505 4765 Joannes
2531 4717 2690 4783 frater
2708 4715 2838 4778 eius.
2866 4715 3054 4770 Viden‘
3076 4715 3343 4785 quomodo
3370 4735 3474 4772 non
3505 4734 3593 4773 se-

2002 4802 2234 4856 cundum
2260 4801 2570 4873 dignitatem
2603 4806 2806 4874 ponat?
2833 4805 2956 4860 Mihi
2987 4822 3214 4877 namque
3241 4809 3468 4875 videtur,
3484 4826 3591 4864 non

2003 4895 2123 4948 aliis
2157 4895 2341 4961 modo,
2369 4897 2464 4951 sed
2497 4905 2552 4952 et
2578 4897 2743 4953 fratre
2768 4913 2980 4968 quoque
3025 4915 3123 4953 suo
3166 4899 3427 4956 Joannem
3469 4916 3594 4958 esse

2005 4988 2286 5054 majorem.
2332 4988 2530 5042 Deinde
2555 5004 2676 5044 cum
2713 4989 2956 5056 dixisset,
2994 4989 3266 5059 Philippus
3291 5001 3339 5046 et
3366 4991 3591 5046 Bartho-

2006 5077 2235 5143 lomwus,
2268 5079 2581 5148 subjunxit:
2617 5080 2836 5136 Thomas
2889 5091 2935 5135 et
2967 5081 3237 5136 Muttinem
3269 5083 3590 5151 publicanus.

2009 5170 2200 5224 Verum
2249 5185 2352 5224 non
2386 5173 2462 5226 sic
2488 5172 2679 5235 Lucas,
2709 5173 2800 5227 sed
2845 5174 3057 5226 inverso
3097 5174 3306 5240 ordine,
3339 5175 3594 5244 ponitque

2007 5263 2153 5316 illum
2187 5273 2311 5318 ante
2343 5265 2603 5318 Thomam
2646 5264 2798 5334 (Luc.
2847 5268 2900 5320 6.
2951 5266 3038 5334 Μ)
3111 5266 3309 5321 Deinde
3351 5267 3593 5334 sequitur

2004 5355 2231 5410 Jacobus
2256 5356 2484 5425 Alphari.
2509 5357 2636 5412 Erat
2665 5357 2829 5423 cnim,
2855 5365 2912 5410 ut
2941 5358 3070 5419 dixi,
3101 5359 3234 5411 alius
3257 5357 3496 5412 Zebcdmi
3525 5360 3592 5412 li—

2006 5447 2127 5501 lius.
2160 5447 2349 5503 Postea
2379 5463 2498 5502 cum
2529 5449 2749 5504 dixisset
2779 5449 3084 5513 chbaeum,
3103 5451 3191 5520 qui
3219 5461 3273 5504 et
3292 5450 3594 5505 Tltaddartts

2007 5539 2317 5605 vocabatur,
2347 5551 2402 5594 et
2451 5541 2722 5596 Simonem
2764 5543 3019 5607 Zeloten,
3059 5556 3218 5611 quem
3265 5540 3591 5595 Cauanavum

2007 5639 2180 5694 vocat,
2209 5631 2272 5683 ad
2307 5632 2630 5701 proditorem
2663 5635 2808 5688 venit
2840 5652 2853 5688 :
2904 5649 3076 5703 neque
3104 5643 3164 5688 ut
3211 5633 3460 5688 inimicus
3505 5633 3592 5688 vel

2009 5723 2198 5794 hostis,
2229 5725 2324 5782 sed
2356 5735 2412 5782 ut
2455 5726 2735 5786 historiam
2782 5726 3028 5785 scribens
3069 5727 3149 5783 sic
3190 5727 3417 5786 vocavit.
3471 5725 3588 5783 Non
