3900 6194
497 325 604 384 385

497 441 639 510 quod
682 438 840 494 datur
859 479 875 503 ,
901 437 1203 491 mercedum
1232 477 1247 500 ,
1276 444 1448 487 vocat.
1494 433 1571 488 Ne
1606 435 1801 502 putetis
1824 425 2036 501 ,iuquit
2059 469 2074 494 ,

496 532 618 600 quia
645 545 806 600 opera
838 530 924 583 illa
957 539 1061 582 tota
1093 529 1142 580 in
1167 528 1342 581 verbis
1363 527 1607 580 consistit
1631 568 1645 590 ,
1672 541 1888 594 parvum
1920 539 1950 578 a
1980 537 2078 576 νου

499 622 579 676 bis
595 623 906 676 benelicium
938 620 1182 690 pra'ln'ri;
1212 619 1361 673 multi
1385 633 1613 688 namque
1635 617 1828 670 laboris
1856 629 1943 669 res
1969 624 2072 670 esu

501 715 750 786 quodque
781 715 912 770 dant
943 714 978 767 ii
1006 715 1095 783 qui
1129 713 1406 776 docentur,
1432 725 1537 763 non
1568 709 1734 779 gratis
1765 707 2078 777 largiuntur,

496 806 590 861 sed
624 805 675 860 id
702 804 962 860 mercedis
990 804 1108 859 loco
1135 801 1455 866 habendum;
1481 799 1676 870 Dignus
1703 809 1774 854 est
1799 799 1930 852 enim
1960 813 2082 866 ope-

504 897 673 951 rarius
698 897 922 949 mercede
947 911 1057 949 sua.
1093 895 1207 948 lloc
1246 903 1424 946 autem
1459 890 1616 955 dicit,
1649 904 1754 944 non
1784 887 1924 958 quod
1953 885 2082 940 tanti

499 987 674 1041 solum
723 986 1000 1056 apostolici
1062 985 1274 1040 labores
1319 981 1548 1038 habendi
1588 981 1730 1046 sint,
1780 979 1954 1042 absit;
1985 977 2081 1033 sed

497 1079 654 1148 quod
671 1079 772 1132 illis
787 1077 1092 1140 constituat,
1119 1093 1184 1130 ne
1211 1076 1332 1146 plus
1357 1074 1552 1145 aliquid
1582 1081 1840 1144 quaerant,
1865 1080 1920 1126 et
1947 1085 2084 1141 prte-

505 1170 756 1224 beutibus
782 1169 1022 1230 suadeat.
1057 1183 1117 1222 se
1146 1182 1249 1221 non
1273 1182 1339 1222 ex
1372 1165 1690 1220 liberalitate
1717 1163 1845 1218 illud
1876 1177 2077 1230 suppe-

497 1262 691 1327 ditare,
719 1262 811 1316 sed
844 1277 910 1315 ex
935 1260 1136 1315 debito.
1165 1261 1249 1314 11.
1279 1259 1346 1313 ln
1366 1273 1728 1328 quamcumque
1743 1254 2083 1310 civitatemvel

496 1356 660 1407 vicum
685 1353 1009 1418 intraveritis,
1037 1354 1344 1422 interrogate
1367 1351 1478 1421 quis
1509 1350 1693 1420 dignus
1721 1349 1773 1401 in
1791 1348 1884 1402 illa
1914 1348 2000 1410 sit,
2033 1355 2080 1401 et

494 1447 601 1498 illic
629 1455 822 1498 manete
849 1445 1008 1498 donec
1055 1445 1292 1498 exieritis.
1317 1444 1499 1513 Neque
1527 1442 1666 1496 enim
1684 1483 1698 1507 ,
1728 1440 1930 1509 inquit,
1958 1438 2082 1508 quia

493 1520 636 1598 dixi,
665 1533 864 1601 Dignus
889 1543 961 1586 est
991 1533 1256 1603 aperarius
1341 1531 1450 1586 cibo
1506 1547 1600 1585 suo
1654 1532 1671 1564 ¹
1693 1572 1710 1598 ,
1737 1530 1974 1585 omnium
1993 1527 2080 1598 ja-

494 1640 629 1679 nuas
649 1625 798 1680 vobis
827 1625 1040 1695 aperui;
1073 1625 1166 1678 sed
1195 1623 1282 1678 hie
1310 1637 1521 1693 quoque
1541 1623 1760 1677 multam
1785 1621 2086 1676 accuratio-

493 1731 616 1770 nem
649 1725 864 1786 expeto.
908 1716 1041 1770 Illud
1085 1715 1228 1770 enim
1270 1715 1423 1769 vobis
1463 1715 1604 1768 laudi
1638 1713 1933 1783 honorique
1953 1711 2078 1776 erit,

497 1807 660 1861 etiam
691 1806 744 1860 in
772 1807 946 1862 victus
975 1807 1205 1862 ratione.
1229 1805 1284 1860 Si
1330 1806 1475 1860 enim
1510 1805 1698 1874 dignus
1725 1803 1815 1858 ille
1843 1803 1934 1868 sit,
1964 1819 2080 1858 om-

492 1897 623 1953 nino
648 1899 824 1954 cibum
863 1899 1222 1969 suppeditabit
1249 1915 1263 1963 ;
1296 1897 1634 1966 maximeque
1665 1897 1709 1950 si
1741 1896 1950 1950 nonnisi
1981 1910 2080 1950 ne-

492 1991 721 2044 ressaria
753 1991 966 2059 petatis.
1017 1990 1132 2044 Non
1184 1989 1345 2044 modo
1387 1997 1568 2045 autem
1602 1989 1794 2057 dignos
1837 2002 2080 2057 qua:er

492 2082 863 2152 praecipit,sed
887 2084 1200 2137 vetatetiam
1226 2098 1294 2136 ne
1321 2081 1389 2137 de
1405 2084 1568 2136 domo
1593 2083 1644 2136 in
1667 2082 1885 2136 domum
1916 2091 2078 2135 trans-

497 2181 647 2239 eant,
676 2189 745 2228 ne
769 2189 830 2228 se
853 2175 1204 2243 excipientem
1233 2172 1521 2239 otl‘endant,
1555 2189 1687 2228 neve
1717 2175 1813 2244 ipsi
1847 2174 1996 2229 leves
2025 2183 2079 2228 et

491 2263 664 2318 ventri
692 2263 855 2318 dediti
888 2265 1204 2320 habeantur.
1237 2264 1289 2318 Id
1311 2267 1451 2319 enim
1474 2265 1762 2320 declaravit
1783 2266 1864 2318 his
1881 2263 2076 2329 verbis,

491 2355 575 2410 lbi
602 2367 800 2411 manete
825 2358 983 2412 donec
1012 2359 1250 2412 rxieritis.
1279 2358 1428 2425 Quod
1461 2358 1618 2412 etiam
1660 2373 1725 2412 ex
1755 2359 1874 2412 aliis
1912 2372 2078 2411 evan-

489 2449 696 2519 gelistis
721 2450 741 2522 (
759 2450 925 2505 Marc.
954 2451 1007 2507 6.
1040 2451 1164 2505 Luc.
1214 2451 1316 2521 Ill)
1349 2451 1480 2506 disci
1530 2461 1723 2521 potest.
1756 2449 1945 2505 Viden’
1971 2467 2078 2520 quo

493 2549 646 2612 pacto
671 2542 791 2598 illos
819 2544 1219 2612 honoratiores,
1249 2551 1304 2599 et
1327 2559 1422 2599 eos
1443 2544 1532 2614 qui
1561 2543 1792 2614 hospitio
1816 2544 2080 2612 recipiunt

488 2636 856 2707 diligentiores
883 2637 1075 2706 faciat,
1109 2637 1402 2692 ostendens
1431 2637 1549 2691 illos
1574 2637 1809 2692 maxime
1849 2638 2096 2724 lucrari,\

487 2740 543 2784 et
572 2730 637 2784 ad
663 2732 912 2801 gloriam,
949 2739 1004 2786 et
1039 2731 1106 2785 ad
1135 2729 1450 2785 utilitatem?
1498 2729 1700 2785 Deinde
1725 2730 1792 2786 de
1835 2727 1934 2785 hac
1963 2730 2076 2800 ipsa

489 2835 549 2874 re
591 2821 670 2874 sic
713 2821 1052 2890 prosequitur
1086 2837 1100 2873 :
1139 2820 1226 2874 12.
1259 2821 1520 2874 latrantes
1565 2831 1733 2874 autem
1758 2822 1811 2874 in
1835 2825 2074 2887 domum,

487 2912 702 2965 salutate
740 2912 905 2965 illam.
939 2913 1024 2966 15.
1058 2911 1124 2966 Et
1162 2914 1210 2965 si
1244 2912 1446 2982 quidem
1484 2913 1635 2984 fuerit
1666 2912 1846 2967 domus
1887 2913 2072 2982 digna,

487 3003 651 3058 veniat
675 3019 778 3072 pax
803 3011 966 3056 vestra
993 3019 1150 3072 super
1177 3003 1320 3058 illam
1347 3020 1366 3058 :
1393 3004 1437 3057 si
1476 3014 1646 3057 autem
1688 3020 1789 3058 non
1815 3005 1970 3072 fuerit
1995 3005 2076 3058 di-

487 3109 589 3162 grta
611 3131 626 3157 ,
657 3109 761 3160 pax
787 3103 952 3148 vestra
978 3095 1046 3148 ad
1069 3110 1156 3149 vos
1174 3105 1472 3150 revertatur.
1504 3095 1688 3151 Viden’
1711 3111 1869 3166 quam
1895 3097 2076 3153 minu-

487 3184 637 3239 tatim
692 3185 805 3239 b:ee
852 3185 1174 3254 prascipiat‘i
1240 3185 1309 3241 Et
1356 3187 1480 3256 jure
1531 3186 1767 3257 quidem.
1832 3187 2076 3246 Athletas

486 3277 681 3345 quippe
711 3276 982 3346 religionis
1019 3285 1074 3332 et
1109 3293 1382 3347 prmcones
1408 3278 1556 3334 orbis
1604 3278 1851 3344 instruit,
1879 3288 1934 3334 et
1975 3279 2076 3336 hac

486 3368 696 3423 ratione
726 3367 848 3423 illos
875 3377 930 3423 et
957 3367 1344 3425 moderatiores
1375 3369 1550 3425 reddit
1587 3379 1642 3424 et
1685 3371 2070 3439 Optabiliores,

484 3460 774 3531 adjicitque
807 3478 822 3516 :
853 3460 944 3515 14.
981 3460 1048 3514 Et
1076 3461 1377 3532 quicumque
1405 3477 1506 3516 non
1533 3463 1806 3532 susceperit
1833 3478 1946 3528 vos,
1979 3479 2072 3517 ne-

484 3569 582 3623 que
623 3553 840 3608 audierit
881 3569 1135 3608 sermones
1179 3564 1368 3609 vestros
1390 3593 1407 3622 ,
1447 3564 1682 3609 exeuntes
1729 3571 1794 3609 ea:
1819 3555 1971 3609 domo
1994 3555 2073 3610 vel

484 3645 684 3700 civitate
722 3645 848 3711 illa,
881 3646 1097 3699 ementita
1135 3646 1389 3715 pulverem
1433 3658 1618 3716 pedum
1644 3656 1940 3702 vestrorum.
1983 3647 2071 3702 15.

486 3737 648 3790 Amen
673 3736 788 3790 dico
813 3734 950 3789 vobis
972 3777 988 3801 ,
1017 3736 1327 3790 tolerabilius
1357 3738 1450 3789 erit
1478 3745 1625 3790 terra
1653 3735 1996 3792 Sodomorum
2028 3746 2076 3791 et

483 3827 784 3882 Gomorrlue
835 3828 888 3881 in
929 3827 1012 3882 die
1030 3827 1252 3898 judicii,
1293 3844 1447 3900 quam
1493 3829 1683 3882 civitati
1722 3829 1819 3883 illi.
1850 3828 1927 3884 Ne
1951 3828 2074 3900 quia

485 3919 720 3983 docetis,
753 3921 955 3990 inquit.
981 3920 1101 3976 ideo
1123 3922 1454 3992 exspectetis
1477 3922 1704 3977 salutem
1731 3923 1798 3978 ab
1825 3924 1945 3978 aliis
1969 3923 2074 3980 dici

485 4012 672 4073 vobis,
717 4011 812 4066 sed
857 4011 1013 4082 primi
1063 4012 1204 4066 lnmc
1265 4013 1519 4068 honorem
1561 4013 1827 4069 exhibete.
1875 4015 2074 4071 Deinde

484 4105 778 4161 ostendens
806 4121 922 4161 eam
954 4121 1058 4161 non
1086 4122 1204 4161 esse
1229 4106 1526 4177 simplicem
1555 4107 1948 4171 salutationem,
1978 4109 2072 4163 sed

489 4198 917 4255 benedictionem
942 4239 957 4262 ,
990 4200 1102 4263 ait,
1152 4199 1206 4254 Si
1252 4199 1409 4269 digna
1442 4198 1602 4253 fuerit
1645 4199 1868 4265 domus,
1897 4201 2076 4255 veniet

487 4305 651 4360 super
676 4290 819 4345 illam
851 4295 971 4345 :sin
1003 4291 1385 4347 contumeliosa
1434 4290 1498 4345 sit
1530 4333 1546 4357 ,
1579 4291 1744 4360 prima
1775 4306 1932 4362 pmna
1973 4293 2076 4347 erit

487 4383 628 4454 quod
673 4398 804 4453 pace
846 4398 950 4438 non
1004 4381 1245 4447 fruatur;
1297 4382 1564 4445 secunda,
1596 4383 1736 4452 quod
1759 4378 2075 4438 'Sodomitis

488 4476 634 4546 paria
666 4476 912 4545 patiatur.
946 4474 1011 4529 Et
1035 4475 1159 4544 quid
1191 4475 1256 4530 ad
1285 4490 1402 4539 nos,
1429 4477 1686 4546 inquient,
1713 4476 1923 4530 illorum
1949 4491 2081 4546 sup-

490 4567 685 4635 plicia?
714 4567 909 4621 Domos
931 4566 1208 4636 dignorum
1236 4568 1518 4622 habebitis.
1551 4566 1684 4632 Quid
1714 4581 1841 4621 vero
1867 4567 2075 4637 signiﬁ-

488 4666 574 4711 cat
603 4657 764 4723 illud,
799 4656 1032 4711 Excutite
1057 4658 1308 4728 pulverem
1339 4659 1521 4727 pedum
1548 4659 1866 4712 vestrorum?
1900 4659 1993 4713 Vel
2021 4669 2078 4714 ut

493 4749 845 4804 testificentur
878 4763 938 4802 se
967 4748 1096 4803 nihil
1127 4750 1194 4804 ab
1225 4749 1353 4818 ipsis
1394 4749 1696 4819 recepisse;
1730 4750 1813 4805 vel
1840 4749 1892 4804 in
1925 4750 2077 4804 testi-

491 4844 730 4897 monium
781 4841 920 4910 longi
973 4841 1205 4909 suscepti
1253 4841 1460 4895 itineris
1498 4841 1550 4894 in
1591 4841 1799 4896 illorum
1827 4841 2074 4910 gratiam.

489 4935 571 4989 Tu
615 4947 744 4990 vero
791 4933 920 4987 mihi
947 4933 1228 4987 considera
1272 4934 1442 5001 ipsum
1489 4948 1594 4988 nou
1621 4942 1793 4989 totum
1828 4935 1938 5004 jam
1970 4935 2077 4990 illis

489 5027 642 5080 dare.
674 5024 859 5095 Neque
901 5023 1044 5080 enim
1090 5024 1265 5079 adlmc
1321 5025 1424 5079 illis
1469 5025 1856 5093 pra-scientiam
1905 5027 2073 5091 indit,

485 5133 591 5188 qua
637 5133 798 5172 nosse
845 5119 1050 5186 possint
1088 5118 1177 5185 qui
1209 5117 1383 5186 digni,
1413 5117 1500 5186 qui
1546 5117 1748 5187 indigni
1794 5117 1934 5184 sint;
1981 5117 2076 5173 sed

493 5209 774 5277 explorare
798 5218 853 5263 et
878 5208 1304 5278 experimentum
1333 5223 1546 5262 sumere
1572 5207 1742 5277 jubet.
1772 5209 1879 5264 Cur
1919 5223 2076 5278 porro

491 5298 582 5352 ille
607 5299 747 5369 apud
793 5299 1129 5368 publicanum
1178 5299 1464 5354 manebat?
1493 5299 1625 5367 Quia
1660 5298 1753 5355 ille
1795 5314 1859 5354 ex
1900 5310 2074 5353 muta-

493 5392 638 5446 tione
668 5391 858 5460 dignus
896 5401 1160 5446 evaserat.
1198 5392 1277 5446 Tu
1317 5405 1445 5447 vero
1493 5390 1760 5460 perpende
1805 5390 2076 5460 quomodo

493 5481 744 5536 omnibus
787 5482 998 5536 nudatis
1042 5485 1222 5537 omnia
1267 5484 1552 5554 largiatur,
1583 5484 1710 5539 dttm
1740 5483 1982 5552 prmcipit
2020 5492 2078 5538 ut

494 5574 547 5629 iu
577 5572 958 5644 discipulorum
986 5575 1232 5632 domibus
1263 5587 1548 5646 maneant,
1577 5586 1632 5634 ct
1661 5575 1789 5633 nihil
1821 5577 2080 5633 habentes

556 5746 577 5782 ¹
613 5755 732 5806 Edd.
760 5791 773 5817 ,
803 5745 809 5750 ’
851 5749 1071 5800 mercede
1091 5763 1194 5800 sua.

1230 321 1286 377 S.
1327 316 1604 376 JOANNIS
1639 313 2109 372 CIIRYSOSTOMI
2147 312 2465 372 ARCIlIEP.
2504 315 3046 379 CONSTANTINOP.
3653 335 3742 391 ὅθι

2186 611 2278 666 illo
2301 614 2528 682 venisse,
2557 627 2668 672 tum
2697 622 2822 691 quia
2849 623 2981 678 nihil
3006 628 3328 696 attulerant,
3353 642 3460 688 tttm
3486 641 3602 707 quia
3629 644 3740 700 nihil

2188 707 2307 774 plus
2331 724 2488 777 quam
2521 715 2818 769 necessaria
2852 725 3131 786 peterent,
3164 730 3275 777 tum
3298 726 3456 782 etiam
3491 733 3626 800 quod
3650 752 3742 793 non

2185 799 2326 897 apud
2367 816 2557 897 omnes
2605 805 3066 868 indiseriminatim
3116 799 3538 887 ingrederentur.
3580 823 3744 897 Neque

2187 891 2329 984 enim
2359 908 2426 948 ex
2454 896 2622 966 signis
2648 909 2852 958 mutum
2878 904 3090 962 volebat
3131 908 3252 964 illos
3278 911 3583 982 splendidos
3605 891 3738 984 esse.

2186 981 2279 1036 sed
2309 999 2376 1038 ex
2402 985 2594 1042 virtute
2619 992 2818 1062 magis,
2848 1010 3007 1064 quam
3035 1013 3100 1052 ex
3141 1002 3325 1068 signis.
3348 1003 3487 1058 Nihil
3525 1009 3659 1062 enim
3682 981 3742 1066 ita

2186 1073 2576 1145 philosophiam
2595 1083 2869 1150 exprimit,
2892 1097 2950 1141 ut
2975 1090 3021 1143 si
3051 1090 3182 1146 nihil
3201 1095 3526 1164 superﬂuum
3549 1099 3742 1164 habeas,

2187 1173 2242 1217 et
2269 1165 2312 1219 si
2352 1169 2526 1236 quoad
2573 1171 2697 1227 licet
2725 1175 2866 1229 nulla
2904 1193 2965 1234 re
2995 1181 3252 1251 indigeas.
3299 1185 3426 1241 Illud
3454 1204 3580 1243 vero
3605 1207 3746 1246 nove-

2189 1265 2307 1310 rant
2333 1267 2388 1311 et
2417 1259 2514 1328 ipsi
2548 1263 2998 1335 pseudoapostoli.
3032 1270 3157 1327 Ideo
3183 1275 3378 1332 Paulus
3405 1277 3609 1334 dicebat
3640 1298 3653 1334 :
3687 1282 3746 1337 lit

2186 1347 2238 1443 in
2262 1365 2360 1443 quo
2395 1349 2701 1443 gloriantur,
2737 1356 3061 1418 inveniantur
3086 1373 3140 1417 ut
3165 1381 3256 1419 nos
3287 1367 3361 1437 (2.
3387 1366 3507 1424 Cor.
3535 1372 3619 1424 11.
3643 1373 3744 1443 12).

2185 1437 2336 1506 Quod
2365 1442 2409 1496 si
2424 1457 2554 1534 cum
2585 1446 2636 1500 in
2663 1450 2938 1517 peregrina
2963 1454 3181 1523 regione
3209 1473 3422 1528 sumus,
3446 1473 3502 1517 et
3525 1464 3587 1517 ad
3618 1437 3749 1534 igno-

2187 1538 2270 1585 tos
2310 1533 2732 1626 proﬁciscimur,
2783 1541 2913 1596 nihil
2964 1545 3080 1614 plus
3122 1552 3468 1617 quaerendum
3496 1563 3579 1610 est
3606 1533 3746 1626 quam

2185 1625 2526 1716 quotidianus
2571 1629 2721 1687 cibus
2746 1673 2762 1699 ,
2807 1635 2976 1690 multo
3019 1641 3187 1710 magis
3235 1642 3312 1698 sic
3341 1647 3602 1716 agendum
3628 1625 3746 1706 cum

2185 1713 2328 1770 domi
2370 1733 2668 1778 manemus.

2256 1809 2310 1904 6.
2351 1809 2470 1866 Pax
2492 1813 2590 1869 Dei
2614 1831 2713 1871 non
2735 1819 2832 1875 nisi
2857 1820 3003 1877 bona!
3023 1826 3271 1881 voluntati
3297 1828 3450 1884 datur
3465 1846 3487 1896 ,'
3512 1832 3602 1887 illa
3622 1838 3749 1904 {rau-

2184 1901 2316 1967 dari,
2360 1915 2607 1974 quantum
2635 1910 2846 1966 malum.
2879 1913 3172 1970 Reverentia
3209 1919 3262 1973 in
3283 1922 3494 1977 ecclesia
3520 1901 3749 1980 conmun-

2184 1993 2372 2059 datur;
2419 1996 2717 2054 describitur
2744 2004 2965 2059 ecclesia.-
2991 2010 3251 2064 sanctitas.
3284 2039 3356 2052 —
3383 2013 3512 2070 Hmc
3536 2031 3640 2072 non
3663 2034 3749 2072 au-

2183 2082 2390 2140 diamus
2423 2097 2646 2156 tantum,
2677 2093 2769 2146 sed
2798 2095 2958 2149 etiam
2991 2097 3278 2155 imitemur.
3318 2101 3434 2158 Non
3463 2106 3605 2160 enim
3633 2110 3752 2164 solis

2183 2179 2438 2246 apostolis
2475 2180 2614 2236 dicta
2641 2192 2783 2251 sunt,
2824 2186 2918 2241 sed
2961 2193 3160 2245 sanctis
3188 2193 3438 2248 omnibus
3476 2207 3656 2265 postea
3684 2199 3754 2252 fu-

2185 2269 2334 2322 turis.
2374 2270 2552 2327 Simus
2578 2289 2707 2345 ergo
2734 2293 2830 2333 nos
2856 2278 2945 2333 illa
2975 2285 3317 2340 successione
3345 2287 3511 2357 digni.
3540 2288 3666 2343 Nam
3694 2307 3750 2345 cx

2182 2361 2582 2429 suscipientium
2627 2367 2894 2424 voluntate
2937 2385 3041 2440 pax
3071 2373 3168 2428 ista
3200 2377 3362 2432 modo
3387 2380 3552 2442 venit,
3607 2382 3753 2436 modo

2181 2452 2375 2507 avolat.
2405 2453 2586 2526 Neque
2613 2460 2756 2514 enim
2783 2476 2847 2516 ex
2877 2462 3178 2520 docentium
3204 2468 3394 2525 fiducia
3426 2481 3479 2525 et
3511 2482 3754 2540 potestate

2185 2552 2410 2613 tantum,
2442 2548 2534 2602 sed
2563 2551 2720 2606 etiam
2748 2567 2810 2607 ex
2843 2556 3216 2627 accipientium
3246 2561 3506 2632 dignitate
3532 2565 3656 2620 illud
3681 2567 3749 2620 cf-

2182 2633 2375 2692 ficitur.
2405 2639 2588 2710 Neque
2616 2652 2863 2713 putemus
2891 2646 3013 2702 inde
3038 2665 3223 2718 parum
3248 2652 3429 2708 damni
3458 2671 3750 2727 emergere,

2179 2735 2224 2790 si
2253 2735 2551 2807 huiusmodi
2586 2755 2719 2811 pace
2744 2757 2846 2796 non
2879 2743 3132 2801 fruamur.
3167 2747 3312 2803 Hanc
3335 2751 3480 2804 enim
3512 2753 3751 2822 pmpheta

2179 2823 2306 2880 olim
2339 2830 2724 2896 prtenuntiabat
2747 2832 2927 2890 dicens
2958 2853 2972 2889 :
3007 2837 3172 2904 Quam
3207 2843 3419 2909 speciosi
3461 2855 3577 2895 sunt
3617 2845 3753 2912 pedis

2179 2921 2628 2989 erangelizantium
2671 2941 2845 2994 pacem
2875 2927 3109 3000 (Nahum
3142 2932 3192 2985 1.
3222 2932 3329 3003 15).
3369 2934 3570 2990 Ileinde
3601 2937 3752 3005 ipsius

2180 3011 2490 3080 dignitatem
2571 3011 2925 3078 interpretans
2994 3022 3212 3092 adjicit,
3293 3025 3752 3096 Evangeliznntinm

2180 3104 2310 3158 bona
2366 3106 2558 3173 (Rom.
2595 3110 2684 3164 10.
2720 3112 2842 3182 15).
2891 3112 3038 3169 Hanc
3073 3131 3315 3186 magnam
3359 3134 3419 3173 es
3451 3136 3484 3173 e
3523 3121 3754 3176 Christus

2179 3197 2538 3264 pronuntiavit
2590 3199 2775 3256 dicens
2811 3219 2825 3258 :
2867 3201 3056 3257 Pacem
3095 3206 3321 3277 relinquo
3369 3208 3540 3274 vobis,
3589 3227 3752 3280 pacem

2179 3301 2341 3338 meum
2367 3286 2433 3341 do
2462 3287 2599 3344 vobis
2623 3290 2799 3361 (Joan.
2829 3294 2917 3349 M.
2948 3294 3064 3364 27).
3091 3295 3340 3368 Nihilque
3365 3315 3470 3353 nou
3504 3303 3751 3370 agemlum

2177 3385 2261 3430 est
2303 3386 2361 3431 ut
2406 3377 2491 3433 illa
2533 3378 2792 3449 fruamur,
2824 3393 2879 3439 et
2905 3385 3048 3440 domi
3085 3395 3139 3442 et
3169 3389 3220 3442 in
3250 3391 3496 3444 ecclesia.
3542 3391 3671 3446 Nam
3705 3403 3754 3446 et

2179 3467 2233 3521 in
2281 3470 2506 3525 ecclesia
2556 3473 2646 3541 qui
2694 3475 2961 3544 prwsidet,
3010 3493 3193 3548 pacem
3225 3480 3336 3535 dat.
3366 3481 3480 3537 Hoc
3513 3484 3652 3538 illius
3679 3493 3755 3538 est

2180 3571 2336 3631 typus
2365 3564 2442 3635 (η)
2471 3573 2526 3620 et
2551 3575 2772 3634 tessera,
2796 3577 2955 3640 atque
2982 3579 3196 3641 oportet
3218 3587 3414 3645 magno
3439 3589 3563 3630 cum
3589 3577 3755 3630 studio

2185 3666 2363 3734 ipsum
2404 3669 2682 3737 suscipere
2703 3707 2719 3734 ,
2747 3684 3076 3740 propensum
3103 3651 3341 3724 animum
3378 3672 3562 3738 potius
3597 3685 3753 3739 quam

2185 3777 2425 3817 mensam
2443 3764 2768 3833 prmbentes.
2787 3764 2920 3820 Nam
2949 3766 2993 3820 si
3019 3780 3046 3818 a
3064 3780 3247 3820 mensa
3272 3781 3375 3818 non
3404 3781 3528 3819 sese
3544 3763 3756 3835 partici-

2181 3864 2302 3918 pem
2323 3850 2519 3905 otl'erre
2537 3865 2828 3908 onerosum
2846 3861 3155 3922 est,quanto
3169 3854 3454 3907 onerosius
3478 3861 3564 3907 est
3577 3853 3747 3906 dict-n-

2187 3946 2290 3990 tvm
2335 3940 2592 4006 repellere
2613 3941 2637 3994 ‘t
2656 3939 2882 4010 Propter
2907 3950 2959 3996 te
2972 3942 3122 3996 sedet
3142 3941 3440 4011 presbyter,
3469 3950 3690 4011 propter
3704 3950 3750 3992 le

2184 4038 2291 4082 Stat
2313 4031 2570 4097 magister
2591 4033 2745 4092 ‘,non
2763 4033 2882 4086 sine
2898 4032 3562 4102 laboreetdefatigatione.
3583 4031 3748 4098 Quam

2183 4117 2348 4187 igitur
2363 4121 2767 4174 exettsationem
2792 4122 3036 4186 habebis,
3059 4123 3147 4190 qui
3169 4137 3234 4176 ne
3253 4123 3473 4192 quidem
3491 4122 3642 4177 illum
3658 4137 3753 4176 au-

2182 4206 2299 4259 dire
2318 4209 2580 4263 sustines?
2599 4210 2917 4267 Communis
2935 4220 3078 4266 certe
3093 4212 3289 4266 domus
3303 4214 3535 4267 ecclesia
3554 4223 3750 4278 est,vo-

2183 4290 2373 4362 bisque
2402 4296 2836 4363 praecedentibus
2875 4313 2972 4352 nos
3002 4298 3353 4368 ingredimur,
3393 4299 3614 4354 illorum
3651 4300 3751 4354 for-

2183 4395 2326 4435 mam
2343 4391 2396 4437 et
2410 4384 2718 4453 exemplum
2738 4396 3040 4442 servantes.
3065 4388 3297 4456 Ideoque
3310 4390 3496 4442 Statim
3522 4388 3749 4459 ingressi

2182 4482 2368 4538 pacem
2389 4471 2645 4527 omnibus
2661 4473 2821 4527 simul
2835 4474 3064 4528 dicimus
3080 4476 3373 4530 secundum
3393 4477 3566 4547 legem
3587 4477 3747 4529 illam.

2181 4559 2352 4616 Nemo
2376 4563 2540 4631 igitur
2557 4564 2830 4637 negligens
2846 4567 2930 4620 vel
2947 4568 3183 4622 oscitans
3197 4569 3284 4630 sit,
3303 4569 3432 4623 dmn
3446 4569 3750 4624 sacerdotes

2183 4651 2411 4720 ingressi
2430 4652 2560 4707 illud
2576 4654 2795 4709 dicunt:
2815 4671 2922 4710 non
2941 4672 3163 4725 parvum
3194 4661 3337 4712 enim
3354 4658 3468 4712 haec
3483 4660 3752 4730 negligen—

2187 4742 2328 4797 tibus
2350 4743 2962 4816 imminetsupplicium.
2983 4747 3193 4803 Mallem
3215 4750 3357 4804 enim
3378 4750 3576 4804 millies
3591 4751 3643 4803 in
3661 4750 3752 4803 do-

2185 4852 2332 4890 mum
2354 4836 2656 4906 cuiuspiam
2671 4849 2909 4894 vestrum
2930 4840 3213 4911 ingressus
3233 4840 3465 4910 despici,
3483 4857 3650 4910 quam
3673 4840 3754 4894 hic

2184 4927 2412 4994 loquens
2445 4944 2550 4981 non
2589 4929 2787 4982 audiri.
2827 4929 2941 4986 lloc
2968 4931 3101 4986 mihi
3124 4933 3410 4988 ouerosius
3443 4932 3539 4987 illo
3575 4941 3748 4987 esset:

2179 5009 2607 5109 quanddquidem
2649 5036 2860 5107 dignior
2896 5036 3010 5092 lucc
3053 5037 3242 5092 domus
3286 5045 3390 5091 est.
3435 5037 3650 5092 Etenim
3681 5039 3759 5091 hic

2182 5129 2412 5200 majores
2445 5137 2640 5182 nostra?
2667 5127 3032 5198 possessiones
3060 5127 3316 5197 deposita:
3343 5137 3496 5195 sunt,
3532 5130 3619 5184 hic
3644 5143 3760 5196 spes

2182 5229 2363 5276 nostra
2387 5219 2584 5274 omnis.
2609 5217 2745 5287 Quid
2775 5219 2916 5273 enim
2946 5217 3034 5272 hic
3071 5233 3177 5273 non
3219 5234 3489 5288 magnum,
3523 5236 3632 5274 non
3665 5231 3761 5274 tre-

2184 5313 2432 5369 mendum
2471 5312 2598 5367 est?
2643 5309 2920 5382 Siquidem
2949 5307 3066 5366 hare
3088 5323 3273 5366 meusn
3297 5310 3454 5381 longe
3479 5309 3758 5366 honorabi-

2241 5496 2256 5526 ι
2283 5489 2380 5542 Alii
2402 5489 2608 5550 habent,
2628 5488 2877 5539 diaconus.

2249 5561 2322 5624 (α)
2355 5561 2406 5608 Id
2428 5566 2539 5608 est:
2567 5557 2766 5626 idqqu
2787 5556 2888 5621 agit
2915 5571 3100 5626 praeses
3131 5555 3179 5626 in
3203 5560 3441 5626 ecclesia,
3465 5571 3578 5608 cum
3602 5569 3768 5620 pacem

2184 5620 2282 5683 dat,
2305 5620 2455 5685 typus
2471 5629 2548 5670 est
2579 5620 2754 5685 Christi
2779 5620 2948 5685 pacem
2972 5621 3132 5670 dantis
3142 5620 3190 5667 in
3213 5621 3478 5685 Evangelia
3503 5635 3518 5670 :
3548 5626 3763 5685 na_m,_t:/-

2186 5681 2304 5749 pus,
2331 5681 2416 5746 pro
2448 5682 2659 5743 imagine
2691 5683 2925 5749 accipitur
2954 5685 3027 5730 rei
3068 5684 3272 5749 agt'tldm
3305 5681 3647 5746 et'aliquando
3674 5683 3763 5741 iam

2188 5747 2324 5804 actae.
2351 5752 2446 5805 Cfr.
2474 5751 2647 5803 Adnot.
2671 5749 2835 5809 Field,
2871 5747 2929 5797 ad
2965 5761 3072 5811 pag.
3099 5747 3205 5796 573.
