3900 6194
148 245 255 305 385

150 374 249 429 lior
275 383 330 428 et
355 371 569 427 suavior
592 378 695 431 est,
730 383 884 438 quam
917 377 1024 428 tua,
1066 373 1120 418 ct
1166 365 1404 420 lucerna.
1444 376 1600 429 quam
1648 359 1730 412 lti-

150 478 314 519 ccrna
345 473 457 518 tua.
505 462 561 516 Id
602 476 730 516 vero
759 459 936 513 sciunt
959 463 1224 526 quotquot
1249 469 1368 506 cum
1400 452 1502 506 fide
1534 460 1731 518 tempe-

145 557 284 610 stive
308 557 429 608 oleo
451 551 591 606 tmcti
617 567 648 606 a
676 548 879 604 morbis
905 546 1111 602 liberali
1135 553 1259 598 sunt
1289 542 1384 613 (τι).
1414 541 1549 594 Area
1576 539 1735 592 etiam

150 649 263 700 haec
294 646 450 715 longe
474 643 664 697 melior
691 651 948 710 estquam
973 637 1084 702 illa,
1112 646 1166 692 ct
1196 639 1361 705 magis
1391 631 1692 688 necessaria
1716 647 1731 685 :

145 752 266 808 quae
292 752 399 790 non
435 743 632 796 vestes,
675 731 769 788 sed
804 730 1203 802 eleemosynam
1233 726 1490 781 inclusam
1534 731 1733 789 servat,

142 826 356 882 etiamsi
396 824 551 896 pauci
589 824 697 878 sint
741 822 851 888 hic,
903 820 992 892 qui
1046 821 1404 889 cleetnosynzc
1453 814 1736 882 erogandm

145 921 396 974 virtutem
420 916 721 985 possideant
752 913 844 983 (b).
871 913 1064 968 Lectus
1096 914 1222 965 item
1247 920 1336 963 tuo
1367 909 1731 978 prazstantior:

145 1028 270 1067 nam
300 1011 602 1066 divinarum
654 1007 812 1062 lectio
857 1005 1248 1075 Scripturarum
1285 1003 1423 1057 lecto
1467 1001 1610 1055 omni
1653 999 1738 1068 ju-

145 1104 376 1161 cundior
410 1109 509 1155 est.
561 1102 642 1155 Ac
675 1100 722 1154 si
747 1097 1032 1153 concordia
1059 1095 1197 1165 apud
1230 1110 1328 1148 nos
1355 1094 1580 1162 vigeret,
1629 1108 1733 1145 non

144 1197 304 1249 aliam
334 1193 654 1247 haberemus
680 1189 920 1243 domum.
962 1186 1114 1255 Quod
1144 1195 1322 1239 autem
1365 1183 1416 1238 id
1446 1183 1587 1253 quod
1614 1183 1737 1238 dico

143 1299 434 1340 onerosum
463 1299 570 1338 non
600 1282 688 1348 sit,
719 1281 1072 1336 testilicantur
1097 1278 1174 1333 illi
1205 1288 1285 1333 ter
1311 1276 1476 1342 mille,
1505 1285 1558 1330 et
1584 1277 1738 1345 quin-

146 1379 300 1449 quies
320 1375 466 1431 mille
485 1374 727 1428 homines
756 1372 850 1442 (c),
883 1372 969 1442 qui
1001 1385 1158 1424 unam
1189 1377 1242 1424 et
1266 1367 1485 1422 domum
1507 1378 1560 1420 et
1589 1383 1738 1419 men-

145 1485 281 1532 sam,
311 1477 367 1522 et
385 1468 618 1521 animam
642 1465 872 1517 habuere
897 1481 910 1516 :
944 1477 1064 1516 nam
1093 1462 1186 1524 ait,
1252 1459 1594 1514 Multitudinis
1629 1475 1739 1512 cre-

143 1562 374 1614 dentium
405 1569 509 1612 erat
555 1573 644 1610 cor
689 1572 845 1608 unum
895 1564 942 1608 et
993 1553 1163 1606 anima
1211 1569 1312 1605 una
1365 1551 1502 1618 (Act.
1534 1551 1588 1604 4.
1622 1547 1733 1620 '52).

144 1655 284 1719 Quia
316 1666 444 1705 vero
483 1650 641 1718 longe
685 1648 754 1702 ab
799 1647 1010 1701 illorum
1061 1648 1256 1699 virtute
1299 1645 1576 1706 absumus,
1602 1645 1734 1696 etin

147 1747 329 1800 varias
357 1744 547 1799 domos
573 1741 809 1796 distracti
837 1755 1041 1804 sumus,
1069 1739 1257 1795 saltem
1285 1753 1406 1793 cum
1434 1737 1518 1792 hic
1542 1753 1738 1791 conve-

144 1839 350 1903 nimus,
392 1834 520 1890 iilud
547 1833 785 1888 studiose
814 1831 1089 1887 faciamus.
1118 1830 1250 1885 Nam
1273 1829 1317 1884 si
1349 1829 1400 1882 in
1431 1829 1550 1882 aliis
1583 1843 1735 1882 men-

143 1931 252 1984 dici
283 1939 338 1984 et
364 1942 624 2000 pauperes
649 1941 868 1991 sumus,
900 1927 952 1980 in
989 1925 1073 1980 his
1112 1934 1259 1980 certe
1287 1921 1500 1977 divites.
1541 1920 1739 1990 Quam-

142 2020 334 2076 obrem
381 2019 488 2073 huc
532 2017 724 2073 saltem
767 2031 866 2070 nos
907 2017 1165 2070 intrantes
1204 2028 1325 2070 cum
1367 2027 1552 2067 amore
1593 2012 1734 2067 exci-

145 2113 274 2182 pite.
312 2111 380 2165 Et
416 2125 536 2164 cum
575 2108 770 2172 dicam,
817 2108 923 2162 Pax
963 2106 1133 2168 vobis,
1176 2105 1383 2168 dicatis,
1418 2103 1484 2157 Et
1526 2102 1734 2172 spiritui

145 2214 266 2258 tuo:
300 2219 407 2259 non
439 2217 568 2257 voce
599 2209 826 2268 tantum,
855 2199 948 2254 sed
979 2199 1192 2262 animo;
1239 2213 1343 2250 non
1389 2213 1483 2250 ore
1509 2205 1732 2258 tantunt,

142 2296 238 2351 sed
283 2305 343 2350 ct
390 2303 590 2350 mente.
618 2292 674 2349 Si
701 2309 829 2348 vero
849 2291 938 2346 hic
959 2290 1180 2354 dixeris,
1215 2290 1316 2344 Pax
1337 2291 1498 2344 etiam
1524 2288 1735 2357 Spiritui

144 2400 274 2454 tuo;
307 2389 438 2444 foris
465 2403 592 2444 vero
623 2402 709 2442 me
739 2386 1038 2456 impugnes,
1069 2371 1352 2451 COIlSpllaS,
1397 2397 1482 2436 me
1513 2380 1736 2434 maledi-

141 2486 245 2538 ctis
278 2481 682 2551 innumerisque
731 2480 956 2549 itnpetas
999 2476 1320 2546 Opprobriis,
1368 2488 1610 2542 quantum
1651 2471 1735 2524 illa

142 2590 244 2643 pax
270 2574 296 2627 ?
337 2573 449 2643 Ego
481 2573 625 2627 enim
645 2611 661 2636 ,
690 2570 791 2627 etsi
819 2567 1121 2624 sexcenties
1148 2563 1453 2626 titaletliCaS,
1484 2578 1614 2632 puro
1643 2559 1734 2614 tibi

138 2668 310 2722 corde
337 2681 521 2735 μειαπη
548 2664 692 2728 dico,
719 2663 1036 2730 sinceraque
1067 2669 1265 2723 mente,
1311 2671 1409 2710 nec
1442 2655 1566 2725 quid
1612 2652 1735 2706 mali

141 2763 210 2816 de
257 2770 316 2815 te
355 2773 570 2830 possum
614 2756 794 2812 dicere
827 2772 840 2808 :
872 2766 1092 2824 paterna
1125 2751 1320 2822 quippe
1350 2765 1478 2819 gero
1509 2748 1733 2800 viscera.

140 2857 198 2912 Si
225 2865 282 2910 te
310 2852 630 2924 quandoque
664 2865 904 2920 carpam,
933 2862 1060 2902 cura
1092 2845 1164 2900 tui
1196 2853 1470 2915 permotus
1496 2841 1546 2895 id
1576 2839 1733 2894 facio.

139 2948 221 3002 Tu
256 2963 393 3001 vero
437 2948 736 3001 clanculum
777 2941 1014 3004 mortles,
1048 2949 1103 2994 et
1132 2952 1252 2993 cum
1283 2952 1368 2989 me
1395 2935 1447 2988 in
1469 2932 1735 2989 dominica

139 3041 312 3094 dumo
354 3052 461 3093 non
512 3036 769 3105 excipias,
820 3049 1014 3089 vereor
1053 3046 1119 3086 ne
1165 3029 1294 3084 mihi
1328 3040 1612 3084 mmrorem
1642 3041 1738 3078 au-

139 3146 274 3201 geas
302 3148 316 3183 :
352 3146 457 3182 non
482 3131 605 3197 quia
624 3126 945 3182 contumelia
969 3122 1214 3188 all'ecisti,
1237 3137 1340 3174 non
1365 3118 1484 3190 quia
1507 3115 1734 3188 eiecisti,

137 3222 236 3277 sed
269 3221 396 3290 quia
430 3235 612 3289 pacem
637 3218 898 3286 repulsu,
945 3225 1000 3270 et
1039 3229 1204 3284 grave
1244 3213 1370 3267 illud
1412 3212 1502 3266 tibi
1530 3211 1737 3281 suppli-

137 3315 288 3369 cium
331 3311 615 3366 attraxisti.
670 3310 886 3364 Etiamsi
935 3311 1076 3363 enim
1124 3306 1392 3376 pulverem
1424 3321 1528 3359 non
1571 3319 1736 3358 excu-

143 3407 302 3471 tiam,
347 3403 556 3459 etiamsi
601 3417 706 3456 non
751 3409 982 3464 avert-tr,
1028 3397 1373 3454 comminatio
1419 3387 1594 3450 tainen
1634 3395 1737 3449 itii-

138 3509 291 3555 tuota
324 3507 523 3550 manet.
571 3493 684 3561 Ego
712 3507 940 3560 namque
970 3505 1152 3560 pacem
1182 3489 1332 3543 vobis
1361 3502 1502 3558 δεῖνρο
1533 3495 1737 3555 repeto,

141 3605 326 3660 neque
351 3587 562 3643 dicendi
590 3587 750 3640 linem
777 3584 1004 3648 faciam;
1041 3581 1182 3652 quod
1211 3581 1255 3637 si
1289 3596 1372 3635 me
1398 3595 1517 3634 cum
1549 3587 1740 3634 contu-

141 3684 328 3738 meliis
373 3681 653 3751 excipiatis
685 3681 701 3710 ¹
725 3718 741 3742 ,
794 3693 966 3746 neque
1007 3675 1083 3732 sic
1124 3677 1398 3744 pulverem
1426 3673 1689 3728 excutiam
1719 3690 1734 3727 :

142 3793 252 3831 non
278 3773 429 3845 quod
460 3773 688 3828 Domino
715 3787 820 3826 non
849 3784 1084 3840 paream,
1108 3768 1200 3822 sed
1231 3766 1352 3838 quia
1374 3781 1556 3820 amore
1578 3765 1739 3820 vestri

143 3956 224 4066 ω’
262 3951 462 4015 Aliqui,
480 3948 608 4015 quod
629 3947 674 4000 si
693 3960 770 3998 me
784 3945 1081 3999 cmﬂumelit's
1099 3943 1322 4010 uﬂiciatis
1343 3951 1388 3994 et
1409 3957 1502 3993 non
1524 3941 1742 4002 accipia-

201 4098 286 4162 (α)
324 4095 678 4162 singulareest
698 4093 834 4162 quod
852 4093 929 4142 hic
949 4092 1125 4162 dicitur
1147 4091 1211 4162 de
1234 4092 1296 4140 iis
1326 4091 1408 4162 qui
1433 4103 1494 4139 ex
1519 4088 1631 4140 oleo
1665 4089 1740 4140 lu-

142 4152 320 4210 cernit
343 4160 393 4207 in
409 4152 626 4207 'eoclesia
648 4152 864 4205 ardentis
885 4158 1017 4204 uncti
1039 4152 1400 4204 convaluerant.

208 4245 288 4309 (ὁ)
327 4251 521 4292 Graecus
542 4249 709 4292 textus
729 4241 800 4290 sic
818 4239 962 4289 eil'ert
984 4239 1112 4288 hunc
1127 4236 1303 4295 locum,
1322 4248 1363 4286 ὠ
1388 4249 1453 4299 τὰρ
1475 4247 1628 4297 ipsi...
1657 4247 1743 4286 ἀλλ’

143 4318 410 4369 amt
426 4316 498 4368 ἱιιι
518 4315 830 4369 $3111.11th?
843 4342 860 4369 _,
891 4314 924 4352 tl.
943 4314 1004 4352 ιιι
1024 4313 1137 4363 ὀλίγοι
1160 4311 1246 4369 nisi?
1277 4309 1312 4347 οἱ
1343 4312 1549 4369 sus-what
1581 4310 1744 4369 ξνταςδοι

142 4359 261 4429 was
313 4359 374 4414 ad
398 4359 610 4429 litierain
635 4367 706 4429 sic
725 4359 1020 4421 redduntur,
1047 4359 1141 4412 non
1163 4361 1292 4429 em'm_
1321 4364 1486 4429 uestes,
1517 4359 1603 4409 sed
1620 4361 1747 4429 etce-

143 4420 405 4488 mosgnam
427 4427 566 4477 habet
581 4425 832 4485 inclusam,
843 4420 1134 4488 quamquam
1148 4420 1292 4484 pauci
1306 4420 1398 4470 sint
1409 4420 1487 4471 hic
1503 4420 1748 4488 Mller:-

143 4502 233 4544 tcs.
249 4483 348 4542 De
367 4492 507 4552 cuius
527 4499 692 4538 autem
713 4489 788 4536 rei
822 4483 1131 4552 possesSione
1152 4483 1466 4552 agaturhnon
1501 4485 1564 4531 ita
1603 4483 1746 4531 facile

147 4563 225 4605 est
246 4545 556 4604 decernere.
590 4557 689 4598 Non
721 4545 850 4598 enim
881 4549 946 4598 de
980 4545 1290 4610 possessione
1322 4545 1608 4610 divitiarum,
1635 4559 1747 4610 cum

145 4604 414 4668 Antiochia
436 4612 623 4670 civitas,
660 4612 710 4660 in
729 4623 826 4674 qua
856 4611 962 4678 haec
980 4604 1186 4678 'homilia
1217 4607 1505 4678 habebatur.
1530 4604 1746 4678 Aopulen-

147 4667 346 4730 [istm
371 4682 505 4726 esset
531 4667 644 4723 tunc
661 4667 910 4736 temporis.
929 4679 1060 4720 Hune
1078 4670 1232 4736 locum
1251 4671 1322 4718 sic
1337 4667 1560 4736 explicat.
1569 4667 1625 4736 in.
1635 4676 1747 4717 nota

144 4727 556 4791 ﬁentehlconius
590 4751 605 4782 :
645 4753 668 4782 ti
704 4727 920 4784 Auctoris
957 4740 1159 4782 mentem
1197 4731 1322 4779 hanc
1352 4727 1454 4780 esas
1476 4727 1702 4779 existimo
1729 4743 1748 4779 :

146 4815 280 4853 Arcu
296 4800 389 4851 illa
411 4796 628 4861 ecclesia:
649 4796 876 4861 pecunias
897 4793 1069 4844 obtinet
1091 4792 1158 4861 ad_
1168 4791 1523 4861 clamosynant
1543 4803 1749 4861 erogan-

146 4852 291 4923 dam,
321 4874 467 4927 quam
484 4852 723 4927 virtutem,
757 4859 1068 4927 εζερηιρδνρμιω
1090 4853 1568 4927 afficeret-agundis,
1589 4852 1652 4927 ea
1667 4852 1751 4927 liis

498 4922 641 4985 pauci
671 4915 930 4989 pessitlent.
955 4915 979 4963 ἱ
1017 4927 1129 4978 Qum
1147 4916 1365 4989 quidem
1394 4915 1749 4989 interpretatio,

149 4975 190 5038 si
212 4975 422 5042 rationi,
449 4975 546 5034 non
567 4975 892 5046 grammatica:
933 4975 1164 5046 consonat
1185 4975 1209 5046 E_
1230 4991 1321 5027 vox
1357 4978 1486 5046 enim
1505 4975 1536 5036 ,’
1554 4975 1753 5046 clamitas

149 5038 298 5116 syaa,
317 5038 478 5116 seti-ie}
502 5038 730 5116 usurpata
749 5044 807 5092 ad
833 5043 1086 5116 pecuniam
1107 5039 1472 5116 designatidatn,
1485 5051 1578 5086 non
1587 5038 1752 5116 .dehet

149 5101 468 5172 subit'itelligi
492 5109 560 5172 ad
571 5101 932 5172 significandam
956 5103 1283 5172 eleemosynte
1305 5101 1552 5172 virtutem.
1587 5106 1753 5172 Nostra

151 5161 330 5224 autem
344 5161 775 5227 sedtenliafineus
795 5167 1018 5216 Auctoris
1038 5166 1109 5227 sic
1134 5161 1310 5213 melius
1332 5162 1754 5227 explicaturzArca

157 5237 240 5285 illa
263 5232 493 5284 ecclesia
518 5224 747 5294 pecunias
758 5229 954 5294 eminet
975 5227 1034 5275 ad
1059 5225 1420 5287 eleemosynam
1460 5224 1753 5294 erogandam

156 5301 235 5356 (et
256 5297 389 5346 hanc
411 5286 571 5344 amni
595 5287 1074 5356 interpossessiones
1093 5286 1576 5356 nostrasrecenseo),
1592 5299 1757 5356 quam:

155 5349 314 5418 iniam
337 5358 478 5420 pauci
500 5356 599 5420 sint
613 5355 693 5403 hic
707 5349 872 5420 (huius
886 5351 1032 5420 arcte)
1052 5361 1378 5420 possessores.
1392 5355 1488 5420 tiae
1506 5354 1600 5420 est,
1621 5349 1755 5409 [.attci

157 5409 501 5482 éleetnt'isynis
515 5418 618 5482 suis
631 5409 933 5482 aream-illam
943 5409 1161 5482 _dit_'a__ntcs_
1184 5425 1196 5460 :
1223 5409 1309 5459 soli
1328 5410 1456 5458 enim
1474 5409 1617 5470 hujus
1633 5423 1757 5458 arae

500 5478 592 5546 (ηεξ
615 5476 922 5546 Ροξδυιιιμυὶ
943 5476 987 5546 in
1011 5472 1454 5546 illaeleemosynas
1474 5484 1588 5519 suas
1611 5484 1757 5533 repo-

155 5536 512 5594 sitas-habent.
545 5536 794 5590 Calcatum
814 5536 974 5586 ferant.
1003 5536 1260 5585 doctim'es.

228 5629 308 5689 (c)
333 5623 411 5677 illi
432 5620 627 5672 scilicet
662 5623 723 5689 ad
747 5617 892 5689 fidem
923 5620 1146 5674 conversi
1189 5619 1254 5669 de
1285 5618 1463 5682 quibus
1497 5618 1546 5668 in
1570 5617 1761 5668 Actibus

165 5684 516 5752 apostolorum,
541 5696 596 5738 ut
618 5684 740 5738 infra
762 5685 955 5736 indicat.

1141 244 1206 301 IN
1245 239 1652 300 MATTIUEUM
1694 237 1920 293 HOMIL.
1954 237 2165 294 XXXII.
2205 239 2277 293 al.
2321 238 2556 295 XXXIII.

3326 229 3431 286 586

1854 356 2220 410 vehementius
2247 356 2430 410 ardeo.
2457 357 2701 426 Alioquin
2723 365 2903 411 autem
2931 355 3058 410 nihil
3085 363 3303 425 propter
3329 370 3432 410 vos

1850 444 2000 497 ardui
2059 446 2191 512 feci,
2243 461 2349 500 non
2389 448 2600 516 longam
2647 447 3132 516 peregrinationem
3178 449 3428 512 suscepi,

1842 550 2014 603 neque
2057 550 2178 589 cum
2207 535 2296 588 illo
2323 535 2504 591 habitu
2531 537 2616 590 vel
2645 546 2958 607 paupertate
2989 536 3107 590 veni
3136 535 3155 603 (
3172 535 3294 589 ideo
3313 549 3431 590 nos~

1843 624 1984 694 ipsos
2014 625 2158 693 prius
2184 628 2535 697 accusemus)
2560 669 2575 692 ,
2627 641 2801 697 neque
2831 628 2947 682 sine
2971 626 3348 681 calceamentis
3375 634 3433 678 et

1840 715 2033 780 duplici
2062 716 2237 770 tunica
2268 718 2551 781 venimus;
2603 717 2830 786 ideoque
2870 718 3096 771 fortasse
3130 731 3224 769 vos
3255 726 3430 768 vestra

1843 806 2170 873 neglexistis.
2226 809 2477 863 Attamen
2511 807 2625 862 lucc
2655 808 2805 863 vobis
2831 808 2896 862 ad
2926 807 3290 877 purgationem
3323 822 3429 859 non

1839 893 2143 959 sufficiunt;
2196 897 2288 950 sed
2335 898 2539 952 crimen
2587 909 2828 953 nostrum
2869 898 3041 968 majus
3083 906 3198 962 est,
3258 909 3432 964 neque

1841 995 2018 1039 tamen
2049 987 2202 1040 venia
2231 988 2382 1042 vobis
2409 989 2755 1044 concedetur.

1911 1077 1965 1130 7.
2010 1077 2222 1132 illoralis
2269 1080 2553 1134 exhortatio
2581 1081 2650 1134 ad
2676 1083 3004 1136 reverentiam
3048 1085 3101 1138 in
3139 1088 3347 1140 ecclesia
3384 1097 3432 1142 ct

1839 1169 2098 1222 caritatem
2125 1181 2369 1224 mutuam.
2419 1171 2524 1226 Cur
2541 1172 2687 1243 signa
2714 1175 2858 1228 cdere
2883 1178 3147 1230 cessaverit
3177 1179 3330 1234 Deus.
3360 1209 3431 1220 --

1841 1261 1990 1315 'l‘unc
2029 1261 2220 1316 domus
2268 1263 2512 1318 ecclesia:
2553 1274 2742 1330 erant;
2790 1281 2936 1321 nunc
2975 1269 3199 1322 ecclesia
3239 1269 3434 1326 domus

1843 1353 1974 1406 facta
2016 1361 2118 1407 est.
2172 1353 2309 1407 Nihil
2357 1363 2482 1409 tunc
2526 1355 2580 1409 in
2623 1356 2785 1411 domo
2827 1359 3084 1413 smculare
3117 1361 3428 1419 dicebatur:

1842 1444 2060 1498 nuncin
2089 1445 2312 1499 ecclesia
2345 1445 2475 1500 nihil
2507 1448 2784 1516 spirituale
2829 1449 3042 1514 dicitur,
3085 1452 3180 1505 sed
3224 1462 3277 1506 et
3325 1453 3432 1508 huc

1840 1537 1998 1589 etiam
2042 1535 2140 1590 fori
2169 1537 2377 1606 negotia
2421 1537 2672 1592 inducitis
2717 1555 2732 1593 :
2780 1540 2995 1609 Deoque
3021 1541 3293 1610 loquente,
3324 1559 3430 1598 non

1841 1630 1999 1682 tnodo
2043 1630 2215 1698 ipsum
2260 1631 2478 1684 silentio
2527 1647 2632 1684 non
2679 1631 2894 1695 auditis,
2932 1633 3025 1686 sed
3065 1637 3329 1688 contraria
3372 1635 3430 1690 in

1842 1719 2071 1774 medium
2103 1719 2327 1774 adducta
2358 1721 2566 1790 negotia
2592 1722 2870 1790 loquimini
2903 1739 2922 1776 :
2948 1735 3110 1792 atque
3138 1723 3334 1779 utinam
3365 1741 3431 1781 ea

1839 1827 1958 1879 qua:
2000 1811 2066 1865 ad
2115 1827 2210 1867 vos
2255 1814 2524 1883 pertinent
2557 1824 2802 1880 tantum;
2847 1831 2988 1870 nunc
3014 1827 3191 1871 autem
3221 1833 3282 1871 ea
3314 1835 3432 1886 qua:

1841 1903 1969 1958 nihil
1994 1903 2061 1958 ad
2089 1919 2186 1957 vos
2214 1916 2456 1974 Spectant
2479 1917 2532 1960 et
2558 1908 2735 1962 dicitis
2755 1918 2809 1962 et
2833 1908 3048 1962 auditis.
3100 1909 3224 1965 Ideo
3249 1911 3430 1982 lugeo,

1839 2004 1894 2050 cl.
1935 1995 2143 2066 lugendi
2169 1999 2324 2052 linem
2358 2017 2462 2052 tioti
2493 1999 2701 2054 faciam.
2742 1999 2929 2070 Neque
2951 2001 3096 2056 enim
3127 2017 3340 2071 possum
3365 2019 3431 2058 ex

1842 2086 1942 2141 hac
1967 2087 2128 2141 domo
2160 2088 2449 2157 proficisci,
2486 2090 2579 2144 sed
2605 2091 2690 2145 hic
2719 2105 2936 2146 manere
2965 2106 3186 2146 necesse
3207 2106 3309 2156 cst,
3333 2093 3434 2148 do-

1842 2192 1942 2232 nec
1974 2192 2040 2232 ex
2077 2180 2326 2248 prmsenti
2355 2197 2609 2234 exeamus
2648 2183 2776 2235 vita.
2833 2180 3099 2252 Suscipite
3137 2198 3269 2253 ergo
3313 2200 3432 2252 nos,

1840 2269 1976 2324 sicut
2002 2269 2198 2324 Paulus
2224 2269 2300 2342 (2.
2329 2271 2446 2325 Cor.
2479 2273 2531 2325 7.
2557 2271 2616 2341 ‘2)
2645 2273 2916 2342 przecepit.
2959 2273 3141 2341 Neque
3185 2274 3329 2328 enim
3363 2273 3435 2330 de

1842 2375 2024 2414 mensa
2071 2360 2386 2430 loquebatur
2434 2362 2546 2427 ille,
2597 2362 2691 2417 sed
2734 2362 2802 2417 de
2853 2362 3124 2418 voluntate
3146 2373 3200 2418 et
3231 2364 3433 2419 animo.

1843 2450 1954 2504 Hoc
1980 2460 2034 2505 et
2057 2467 2154 2505 nos
2181 2467 2211 2505 a
2243 2453 2392 2506 vobis
2423 2453 2776 2520 postulamus,
2823 2453 3124 2517 caritatem,
3177 2463 3233 2508 et
3284 2469 3435 2509 amo-

1841 2559 1953 2596 rem
1984 2543 2130 2596 illtnn
2173 2545 2447 2598 ardentem
2475 2555 2529 2600 et
2565 2546 2857 2601 sincermn.
2913 2545 3065 2612 Quod
3112 2547 3157 2602 si
3200 2549 3300 2602 hoc
3327 2564 3433 2604 non

1842 2633 2010 2698 fertis,
2055 2635 2242 2688 saltem
2285 2649 2380 2688 vos
2429 2645 2616 2690 mutuo
2658 2647 2854 2702 amate,
2901 2649 3218 2707 praesentem
3263 2639 3432 2708 depo—

1842 2736 2030 2780 nentes
2055 2727 2580 2797 negligentiamJioc
2602 2729 2755 2782 nobis
2780 2728 2845 2782 ad
2867 2729 3288 2783 consolationem
3305 2729 3436 2784 satis

1839 2828 1941 2882 est,
1965 2819 2009 2870 si
2033 2818 2304 2872 videamus
2325 2834 2419 2873 \‘05
2439 2827 2586 2874 recte
2605 2829 2825 2888 agentes
2849 2828 2902 2874 et
2925 2819 3176 2874 meliores
3192 2819 3432 2874 effectos.

1839 2907 1928 2963 Sic
1974 2907 2230 2978 majorem
2261 2924 2362 2979 ego
2397 2909 2671 2964 caritatem
2718 2908 3015 2975 exhibebo,
3053 2909 3098 2963 si
3148 2907 3437 2963 ferventius

1839 3001 2224 3062 amans.minus
2242 3015 2391 3054 amer
2407 3017 2436 3054 a
2460 2999 2795 3054 vobis.Multa
2811 2999 2952 3054 enim
2973 3013 3071 3054 nos
3084 2999 3433 3069 coniungunt:

1843 3108 1942 3146 una
1972 3108 2154 3146 mensa
2181 3093 2428 3161 omnibus
2461 3092 2732 3162 proposita
2751 3132 2764 3155 ,
2798 3106 2936 3146 unus
2967 3092 3119 3145 nobis
3149 3101 3300 3159 pater
3325 3099 3431 3157 est,

1840 3186 2029 3240 eodem
2059 3193 2212 3254 partu
2243 3199 2431 3239 omnes
2461 3184 2778 3253 prodiimus,
2833 3183 2973 3237 idem
3005 3192 3158 3252 potus
3184 3181 3434 3237 omnibus

1841 3275 1996 3330 datus
2025 3285 2138 3340 est;
2179 3276 2286 3330 imo
2313 3291 2418 3328 non
2446 3275 2620 3328 solmn
2652 3275 2792 3329 idem
2822 3284 2999 3343 potus,
3029 3272 3124 3331 sed
3153 3288 3216 3326 ex
3244 3271 3434 3328 eodem

1841 3370 2008 3424 calice
2037 3369 2348 3424 sumendus.
2374 3368 2535 3422 Pater
2564 3369 2708 3422 enim
2738 3375 2941 3430 noster,
2991 3381 3115 3421 cum
3153 3380 3250 3420 nos
3277 3365 3438 3420 vellet

1845 3462 1894 3514 in
1944 3472 2184 3514 mutuum
2215 3475 2451 3514 amorem
2501 3458 2774 3521 inducere,
2805 3458 2932 3512 illud
2959 3457 3290 3512 machinatus
3320 3465 3435 3521 est,

1843 3561 1904 3607 ut
1949 3569 2014 3606 ex
2048 3569 2152 3606 uno
2178 3551 2342 3606 calice
2363 3550 2678 3606 biberemus
2702 3565 2718 3614 ;
2757 3549 2899 3619 quod
2926 3549 3170 3603 maximm
3190 3556 3273 3600 est
3297 3547 3438 3601 cari-

1844 3643 1990 3698 tatis.
2038 3642 2142 3698 Sed
2167 3642 2449 3713 apostolis,
2498 3641 2729 3711 inquies,
2779 3639 2923 3710 digiti
2967 3653 3073 3693 non
3119 3651 3324 3693 sumus.
3377 3635 3434 3691 Id

1842 3747 1945 3803 ego
1970 3735 2158 3796 fateor,
2209 3748 2309 3787 nec
2355 3747 2604 3802 umquam
2644 3731 2972 3801 negaverim.
3019 3729 3136 3784 Non
3160 3729 3302 3784 enim
3327 3727 3433 3781 illis

1846 3825 2008 3881 modo
2037 3866 2050 3890 ,
2082 3823 2175 3880 sed
2224 3839 2292 3879 ne
2339 3823 2542 3877 umbra:
2578 3821 2796 3892 quidem
2838 3821 3050 3875 illorum
3088 3817 3437 3888 comparandi

1846 3933 2053 3974 sumus.
2098 3919 2344 3972 Attamen
2371 3930 2466 3970 vos
2490 3915 2724 3969 officium
2757 3925 2992 3969 vestrum
3029 3914 3266 3982 implete.
3318 3911 3434 3966 Non

1845 4014 1988 4067 enim
2011 4010 2140 4065 illud
2171 4010 2325 4065 vobis
2355 4023 2607 4079 umquam
2638 4007 2827 4078 pudori
2857 4007 2982 4070 erit,
3029 4006 3122 4061 sed
3168 4020 3262 4060 vos
3305 4019 3432 4058 ma-

1847 4107 1988 4161 xime
2028 4103 2254 4174 juvabit.
2295 4102 2427 4156 Cum
2459 4102 2602 4156 enim
2648 4099 2811 4155 etiam
2837 4113 2965 4168 erga
3003 4096 3252 4166 indignos
3275 4095 3437 4150 talem

1847 4195 2168 4252 exhibebitis
2203 4207 2464 4257 amorem,
2511 4192 2672 4247 talem
2716 4189 3143 4260 obsequentiam,
3173 4198 3297 4243 tunc
3317 4203 3436 4242 ma-

1845 4290 2016 4361 jorem
2049 4289 2320 4358 recipietis
2352 4285 2680 4341 mercedem.
2709 4282 2824 4337 Non
2861 4289 3040 4336 nostra
3072 4281 3269 4350 quippe
3306 4278 3440 4333 diei-

1849 4399 2006 4446 mus;
2045 4383 2165 4452 quia
2210 4381 2384 4433 nullus
2409 4386 2494 4433 est
2522 4377 2673 4432 nobis
2705 4376 2894 4430 doctor
2921 4375 2971 4428 in
3000 4385 3173 4438 terra;
3200 4372 3292 4428 sed
3317 4386 3436 4442 qua:

1850 4475 2173 4544 accepimus,
2215 4472 2426 4535 damus,
2475 4479 2531 4524 et
2578 4484 2676 4540 pro
2701 4471 2824 4522 dato
2857 4467 2983 4521 nihil
3009 4482 3040 4521 a
3080 4466 3230 4519 vobis
3260 4465 3440 4534 requi-

1852 4570 2039 4632 rimus,
2089 4565 2189 4620 nisi
2241 4575 2297 4617 ut
2341 4562 2678 4618 redamemttr
2725 4569 2952 4613 tantum.
2997 4555 3149 4626 Quod
3189 4557 3232 4610 si
3275 4557 3434 4610 etiam

1853 4675 2036 4715 amore
2075 4657 2273 4727 indigni
2323 4667 2509 4709 smnus
2536 4695 2551 4718 ,
2593 4652 2677 4706 vel
2725 4651 2847 4704 hinc
2892 4650 2997 4703 cito
3026 4651 3225 4704 erimus
3269 4645 3437 4714 digni,

1853 4752 1991 4822 quod
2041 4764 2136 4803 vos
2179 4762 2302 4802 γυνθ
2349 4759 2612 4799 amemus.
2655 4739 3099 4811 Quandoquidem
3129 4737 3433 4793 mandatum

1856 4843 2009 4898 nobis
2051 4850 2153 4905 cst,
2199 4854 2304 4893 non
2333 4837 2508 4892 solum
2529 4849 2625 4889 eos
2649 4833 2739 4904 qui
2774 4846 2871 4887 nos
2895 4841 3074 4885 amant
3100 4845 3300 4890 amare,
3343 4825 3438 4881 scd

1856 4936 2017 4990 etiam
2059 4931 2304 4986 inimicos
2354 4928 2596 4997 diligere.
2649 4924 2780 4992 Quis
2805 4925 2874 4978 ita
2925 4921 3190 4983 immanis,
3225 4918 3342 4988 quis
3367 4917 3440 4971 ita

1861 5025 2023 5086 ferus,
2056 5021 2146 5093 qui
2176 5019 2263 5074 tali
2291 5029 2506 5088 accepta
2541 5017 2654 5085 lege
2678 5055 2694 5081 ,
2721 5016 2880 5069 etiam
2912 5017 2990 5066 sui
3020 5020 3262 5064 amantes
3295 5019 3450 5062 aver-

1859 5125 2008 5170 setur
2058 5123 2109 5167 et
2136 5113 2258 5167 odio
2302 5110 2516 5172 haheat,
2549 5106 2757 5163 etiamsi
2786 5105 2928 5158 mille
2952 5102 3018 5156 sit
3044 5100 3185 5153 vitiis
3210 5099 3399 5169 plenus
3427 5103 3446 5157 ρ

1859 5207 2054 5263 Mensa:
2078 5203 2370 5273 spiritualis
2394 5205 2671 5254 consortes
2694 5195 2890 5248 fuimus
2923 5209 2937 5245 :
2965 5189 3255 5260 spiritualis
3276 5188 3438 5242 etiam

1861 5298 2096 5355 caritatis
2117 5302 2397 5352 consortes
2428 5293 2616 5344 simus.
2644 5287 2773 5341 Nam
2804 5287 2848 5339 si
2880 5285 3132 5346 latrones,
3165 5281 3253 5350 qui
3285 5280 3443 5333 simul

1865 5397 2171 5450 vescuntur,
2203 5384 2369 5439 moris
2396 5383 2476 5436 sui
2509 5389 2694 5434 mutuo
2723 5375 3130 5439 obliviscuntur,
3159 5386 3316 5441 quam
3343 5383 3443 5426 nos

1864 5484 2260 5539 excusationem
2313 5473 2645 5535 habebimus,
2677 5470 2763 5539 qui
2795 5463 3046 5520 dominici
3077 5463 3318 5532 corporis
3351 5475 3446 5514 su-

1865 5589 1983 5629 mus
2009 5577 2307 5630 Consortes,
2353 5579 2452 5619 nec
2477 5562 2688 5616 illorum
2715 5557 3174 5615 mansuetudinem
3208 5562 3443 5607 mutuam

1870 5663 2172 5722 imitamur?
2213 5658 2373 5730 Atqui
2398 5655 2577 5712 multis
2605 5669 2709 5710 non
2737 5666 2937 5709 mensae
2961 5658 3184 5711 tantum,
3212 5646 3303 5702 sed
3331 5641 3456 5696 civi-
