3900 6194
485 209 590 268 387

485 335 614 392 tatis
639 332 801 389 etiam
826 322 1055 386 societas
1084 326 1216 381 satis
1252 323 1349 378 fuit
1372 322 1437 378 ad
1464 321 1750 377 amicitiam
1777 336 1791 375 :
1823 333 1922 374 nos
1947 330 2072 372 vero

483 427 573 496 qui
600 423 844 481 eamdem
871 421 1127 475 habemus
1151 417 1440 482 civitatem,
1473 415 1716 478 domum,
1758 413 1917 476 viam,
1947 427 2072 481 por-

486 530 616 585 tam,
667 515 923 576 radicem,
965 514 1150 574 vitam,
1197 510 1332 564 idem
1379 517 1560 576 caput,
1597 504 1846 560 eumdem
1890 511 2071 573 pasto-

483 623 622 671 rem,
673 620 884 676 regem,
934 603 1240 664 doctorem,
1283 598 1556 668 judieem,
1603 603 1936 656 creatorem,
1977 607 2071 661 pa-

487 708 648 763 trem,
685 696 968 763 omniaque
1004 691 1327 754 conununia,
1359 702 1463 758 qua
1489 687 1687 742 erimus
1719 685 1870 740 venia
1905 683 2072 752 digni,

484 793 530 846 si
559 790 786 844 invicem
812 784 1202 840 dissideaunis?
1236 781 1428 835 Verum
1457 779 1606 848 signa
1651 775 1912 846 quaeritis,
1954 789 2074 842 qua:

486 883 562 937 illi
603 879 826 950 ingressi
869 876 1153 939 facit-baut,
1199 873 1440 940 leprosos
1485 868 1832 932 mandabant,
1877 865 2078 919 daemo-

487 988 582 1026 nas
611 969 914 1038 ejiciebant,
967 973 1206 1019 mortuos
1231 958 1594 1015 suscitabant?
1638 956 1744 1013 Sed
1769 965 1824 1011 et
1851 955 1951 1008 hoc
1980 969 2078 1007 no-

486 1061 701 1120 bilitatis
722 1069 912 1115 vestrae
935 1058 1222 1112 niaximum
1253 1053 1503 1108 indicium
1534 1059 1636 1113 est,
1661 1049 1965 1116 amorisque
1988 1061 2079 1098 ve-

488 1154 606 1217 stri,
647 1149 788 1222 quod
837 1150 953 1204 sine
1001 1146 1307 1217 pignoribus
1343 1141 1645 1212 hujusmodi
1678 1140 1786 1194 Deo
1825 1136 2074 1194 credatis.

491 1243 565 1298 Ea
593 1243 732 1297 enim
764 1239 833 1294 de
861 1253 1019 1293 causa
1065 1235 1293 1291 cessavit
1320 1235 1459 1288 Deus
1485 1232 1634 1301 signa
1658 1230 1816 1285 edere
1834 1269 1849 1294 ,
1892 1228 2079 1280 aliam-

490 1351 594 1406 que
623 1347 841 1389 causam
871 1330 1105 1400 profero.
1142 1327 1272 1382 Nam
1308 1325 1375 1394 si,
1402 1323 1732 1379 cessantibus
1759 1321 1944 1393 signis,
1990 1318 2080 1388 qui

489 1425 608 1480 aliis
658 1423 870 1478 dotibus
906 1429 1027 1475 sunt
1069 1417 1335 1482 instructi,
1391 1423 1446 1469 ut
1490 1414 1636 1468 verbi
1684 1411 1962 1482 sapientia,
1995 1410 2082 1466 vel

492 1517 702 1584 pietatis
737 1511 1065 1583 praestantia,
1096 1525 1244 1564 vanae
1271 1508 1456 1578 gloriae
1489 1516 1614 1560 sunt
1638 1504 1827 1568 dediti,
1857 1519 1976 1557 sese
2006 1502 2083 1557 ef-

495 1608 692 1669 ferunt,
738 1618 964 1672 seseque
1009 1601 1077 1655 ah
1123 1601 1242 1654 aliis
1285 1598 1570 1668 sejungunt
1606 1614 1621 1650 :
1665 1595 1709 1649 si
1739 1594 1898 1650 etiam
1931 1594 2080 1661 signa

492 1697 761 1757 adessent,
805 1708 912 1763 quo
939 1708 1042 1746 non
1072 1697 1423 1759 erumperent
1451 1684 1776 1742 schismata?
1813 1683 1963 1749 Quod
1990 1699 2084 1736 au-

495 1797 600 1841 tem
647 1786 762 1840 hare
803 1799 908 1838 non
955 1799 1020 1839 es
1072 1780 1379 1850 conjectura
1409 1778 1677 1841 dicantur,
1733 1775 2083 1830 testificantur

490 1877 775 1939 Corinthii,
820 1877 908 1946 qui
960 1874 1083 1929 inde
1127 1874 1322 1927 multas
1367 1871 1417 1924 iu
1466 1879 1647 1939 partes
1675 1867 1913 1921 distracti
1957 1874 2082 1920 sunt

495 1971 573 2038 (Ι.
601 1967 720 2023 Cor.
756 1969 830 2035 l).
885 1964 963 2020 Ne
1003 1965 1149 2034 signa
1173 1977 1404 2032 qureras,
1447 1961 1539 2015 sed
1580 1959 1771 2012 anima:
1800 1955 2080 2011 incolumi-

499 2069 685 2114 tatem.
731 2057 810 2114 Ne
851 2071 1060 2127 quzeras
1088 2065 1356 2110 mortuum
1383 2054 1699 2108 suscitatam
1727 2050 1928 2112 videre,
1961 2063 2083 2102 eum

494 2151 746 2206 didiceris
772 2159 937 2205 totum
972 2149 1157 2204 orbem
1190 2155 1614 2202 resurrecturum
1644 2157 1785 2198 esse.
1832 2141 1908 2196 Ne
1934 2156 2082 2210 quae-

494 2259 584 2298 ras
626 2257 826 2298 caecum
866 2250 1112 2296 sanatum
1148 2237 1367 2304 videre;
1417 2236 1514 2292 sed
1543 2235 1662 2289 vide
1687 2249 1830 2290 nunc
1858 2245 2082 2297 omnes,
2145 2294 2155 2303 ἢ

494 2334 715 2389 meliore
763 2342 821 2388 et
867 2331 1079 2386 utiliore
1123 2330 1314 2384 intuitu
1377 2328 1724 2400 respicientes
1773 2344 1787 2380 :
1841 2339 1904 2379 ac
1937 2322 2086 2378 disce

494 2432 856 2492 temperanter
902 2421 1212 2491 respicere,
1277 2428 1333 2474 ct
1381 2419 1596 2473 oculum
1647 2426 1796 2473 tuum
1853 2415 2080 2483 corrige.

495 2514 630 2571 Nam
682 2515 728 2570 si
769 2515 1008 2569 omnium
1055 2521 1298 2566 nostrum
1352 2512 1456 2565 vita
1512 2510 1629 2564 talis
1663 2517 1826 2574 esset,
1871 2506 2082 2577 qualem

497 2619 619 2660 esse
648 2613 943 2675 oporteret,
971 2605 1198 2673 gentiles
1245 2603 1366 2674 plus
1412 2616 1510 2657 nos
1549 2602 1894 2665 mirarentur,
1923 2612 2083 2668 quam

497 2695 544 2750 si
572 2695 829 2752 miracula
857 2704 1210 2766 patraremus.
1259 2693 1419 2764 Signa
1447 2688 1644 2762 quippe
1669 2691 1850 2762 Specie
1878 2699 2082 2744 tantum

496 2789 620 2843 talia
671 2803 792 2845 esse
838 2797 1110 2857 putantur,
1157 2801 1330 2856 neque
1378 2794 1504 2841 sunt
1533 2799 1564 2838 a
1591 2798 1755 2854 prava
1781 2781 2084 2851 suspicione

498 2882 688 2948 libera,
752 2880 958 2936 etiamsi
1003 2881 1150 2950 signa
1198 2887 1379 2934 nostra
1424 2893 1530 2933 non
1579 2875 1884 2946 hujusmodi
1929 2875 2081 2930 sint:

498 2973 604 3028 vita
641 2981 818 3028 autem
861 2988 992 3042 pura
1025 2971 1115 3028 tali
1146 2970 1436 3040 suspicioni
1462 2970 1693 3025 obnoxia
1720 2985 1840 3025 esse
1868 2970 2082 3040 nequit;

498 3065 589 3124 sed
632 3063 839 3119 virtutis
867 3063 1132 3134 possessio
1162 3063 1400 3117 onmium
1427 3061 1655 3117 obstruit
1685 3076 1800 3116 ora.

566 3158 620 3212 8.
659 3155 872 3209 Virtutis
899 3155 1209 3225 ρνωιιαηιὶα.
1235 3183 1306 3194 —
1333 3152 1529 3208 Virtuti
1559 3168 1687 3224 ergo
1717 3152 2028 3210 studeamus
2056 3169 2073 3208 :

501 3249 682 3302 multa:
709 3248 904 3316 quippe
931 3255 1054 3304 sunt
1081 3246 1222 3300 illius
1250 3245 1469 3309 divitiae,
1502 3259 1817 3314 magnaeque
1847 3245 2083 3300 admira-

500 3339 626 3392 tmni
677 3338 956 3393 habentur.
989 3337 1079 3390 Illa
1111 3351 1291 3390 veram
1335 3336 1534 3404 praebet
1563 3336 1892 3404 libertatem,
1929 3337 1998 3390 ita
2031 3347 2087 3392 ut

501 3429 662 3486 etiam
695 3428 750 3482 in
780 3429 1036 3493 servitute
1061 3428 1366 3497 spectaculo
1395 3429 1464 3482 sit
1492 3446 1506 3481 :
1537 3442 1643 3482 non
1671 3429 1811 3496 quod
1851 3444 1881 3482 a
1913 3429 2084 3484 servi~

502 3531 612 3577 tute
641 3522 848 3587 liberet,
881 3521 975 3578 sed
1002 3521 1144 3591 quod
1176 3538 1364 3576 servos
1395 3521 1578 3584 reddat
1612 3521 1794 3575 liberis
1825 3531 2084 3591 praestan-

499 3617 683 3680 tiores,
715 3614 767 3670 id
796 3613 938 3683 quod
968 3615 1216 3670 libertate
1245 3615 1411 3668 Inulto
1434 3614 1604 3684 majus
1634 3625 1718 3686 est
1751 3631 1765 3668 :
1799 3630 2088 3686 pauperem

499 3721 604 3762 non
653 3703 829 3760 reddit
867 3703 1110 3770 divitem,
1145 3703 1242 3758 sed
1283 3705 1384 3759 etsi
1427 3720 1626 3773 pauper
1672 3715 1903 3771 maneat,
1937 3707 2084 3761 illum

497 3796 661 3852 divite
689 3793 813 3850 facit
842 3794 1250 3863 opulentiorem.
1277 3795 1429 3862 Quod
1468 3795 1512 3848 si
1546 3796 1677 3850 velis
1707 3797 1856 3866 signa
1888 3797 2084 3866 facere,

501 3903 534 3942 a
553 3885 780 3951 peccatis
807 3893 858 3938 te
881 3883 1093 3953 expedi,
1121 3894 1177 3940 et
1193 3893 1360 3939 totum
1387 3884 1675 3952 pet-fecisti.
1703 3886 1835 3941 Nam
1865 3871 2088 3958 magnus

498 3973 710 4030 darmon
753 3984 838 4031 est
874 3985 1183 4044 peccatum,
1217 3975 1452 4041 dilecte;
1482 3985 1538 4030 et
1579 3977 1623 4031 si
1666 3977 1794 4033 illud
1837 3979 2084 4048 ejeceris,

1213 206 1271 264 S.
1310 204 1590 264 JOANNIS
1624 198 2102 261 CIIRYSOSTOMI
2132 197 2446 255 ARCHIEP.
2483 194 3020 254 CONSTANTINOP.

3651 187 3752 247 388

2177 313 2349 383 majus
2391 311 2662 384 quidpiam
2708 310 2923 377 fecisti,
2963 321 3124 379 quam
3167 306 3256 378 qui
3310 305 3453 361 mille
3488 305 3754 361 daemonas

2175 404 2458 472 expulerit.
2493 400 2628 456 Audi
2663 400 2882 455 Paulum
2913 398 3180 452 dicentem
3203 437 3217 460 ,
3244 403 3298 451 et
3321 396 3569 450 virtutem
3599 394 3753 449 mira-

2175 495 2310 549 culis
2329 503 2741 564 anteponentem
2773 509 2785 544 :
2817 489 3160 544 Aimulamini
3183 497 3350 542 autem
3369 528 3384 553 ,
3417 487 3618 556 inquit,
3642 485 3757 538 cha-

2174 586 2384 640 rismata
2412 585 2700 654 spirituatia
2731 598 2749 635 :
2775 592 2822 636 et
2849 581 3016 634 adhuc
3045 578 3446 634 excellentiorem
3470 579 3604 631 viam
3629 576 3757 630 vobis

2176 677 2382 730 ostendo
2415 673 2488 746 (1.
2516 673 2632 728 Cor.
2668 672 2752 726 19..
2783 669 2875 742 5t)
2903 689 2917 734 ;
2946 679 3000 726 et
3038 669 3174 724 hanc
3202 670 3339 722 viam
3377 677 3560 738 postea
3603 681 3759 736 expo-

2177 780 2344 842 nens,
2393 781 2498 818 non
2548 771 2789 818 mortuos
2839 761 3124 816 suscitatus
3178 759 3327 824 dicit,
3371 774 3474 812 non
3526 757 3758 826 leprosos

2177 854 2494 915 inundatos,
2528 867 2631 906 non
2668 851 2812 905 aliud
2856 850 3029 904 simile
3057 847 3367 920 quidpiam;
3411 847 3506 902 sed
3549 860 3648 916 pro
3684 845 3760 900 bis

2179 947 2425 1001 omnibus
2451 945 2728 999 caritatem
2760 944 2953 1013 posuit.
2979 941 3117 996 Audi
3143 953 3355 1011 quoque
3382 937 3655 994 Christum
3681 937 3758 992 dio

2181 1047 2391 1092 ceutcm
2424 1055 2436 1090 :
2468 1035 2645 1090 Nolite
2670 1035 2850 1098 laetari,
2888 1033 3126 1103 quoniam
3154 1031 3403 1084 dwmonia
3430 1029 3569 1083 vobis
3604 1028 3761 1099 subji-

2181 1130 2405 1192 ciuntur,
2447 1126 2537 1181 sed
2563 1127 2683 1194 quia
2723 1125 2926 1178 nomina
2956 1133 3119 1177 vestra
3155 1122 3344 1189 scripta
3383 1129 3498 1174 sunt
3544 1119 3598 1172 in
3636 1120 3764 1172 cretis

2184 1217 2335 1292 (an.
2372 1219 2456 1272 10.
2486 1215 2599 1287 20).
2630 1217 2695 1270 Et
2719 1224 2871 1270 antea
2897 1214 3104 1269 dixerat
3133 1230 3147 1264 τ
3180 1212 3333 1265 Multi
3364 1212 3530 1264 dicent
3560 1211 3684 1263 mihi
3713 1212 3761 1263 in

2181 1309 2262 1362 uie
2286 1308 2377 1361 illa
2408 1324 2426 1361 :
2454 1306 2640 1361 Nonne
2663 1308 2714 1359 in
2744 1306 2944 1359 nomine
2983 1315 3067 1358 tuo
3116 1303 3558 1373 prOphetavimus,
3592 1310 3638 1354 et
3663 1301 3764 1354 dae-

2183 1400 2351 1453 monia
2389 1398 2682 1470 ejecimus‘,
2711 1407 2757 1450 et
2778 1397 2981 1450 virtutes
3025 1395 3210 1448 multas
3255 1391 3506 1463 fecimus?
3539 1391 3609 1445 Et
3656 1400 3766 1444 tunc

2183 1493 2456 1559 conﬁtebor
2481 1491 2585 1555 eis,
2627 1488 2813 1543 Nescio
2861 1504 2946 1541 vos
2995 1484 3225 1555 (Matth.
3275 1485 3324 1537 7.
3375 1483 3465 1537 22.
3515 1483 3643 1552 23).
3692 1482 3764 1536 Ad

2182 1599 2396 1638 crucem
2420 1583 2578 1637 etiam
2605 1583 2776 1636 iturus
2798 1623 2814 1647 ,
2844 1579 3046 1634 vocatis
3078 1576 3352 1646 discipulis
3379 1575 3516 1630 dixit
3544 1592 3558 1627 :
3587 1573 3655 1628 In
3681 1573 3766 1627 hoc

2183 1683 2481 1746 cognoscent
2502 1691 2671 1727 omnes
2695 1672 2812 1742 quia
2830 1671 2924 1724 mei
2940 1669 3178 1737 discipuli
3198 1668 3336 1734 estis,
3367 1682 3472 1721 non
3502 1667 3546 1720 si
3578 1666 3768 1719 daemo-

2185 1769 2272 1821 nia
2322 1766 2569 1834 ejiciatis,
2610 1763 2703 1819 sed
2748 1763 2808 1817 Si
2834 1761 3149 1816 dilectionem
3175 1759 3447 1812 habueritis
3471 1757 3542 1810 ad
3570 1757 3768 1811 invicem

2187 1854 2364 1928 (Joan.
2389 1856 2475 1909 15.
2498 1852 2610 1926 55).
2639 1855 2716 1906 Ac
2744 1867 2951 1906 rursum
2987 1869 3001 1904 :
3035 1847 3100 1902 In
3130 1850 3222 1903 hoc
3251 1859 3551 1919 cognoscent
3581 1863 3766 1913 omnes,

2183 1947 2301 2017 quia
2340 1956 2392 1998 tu
2433 1962 2511 1998 me
2550 1944 2763 2007 misisti;
2805 1959 2910 1996 non
2941 1942 2984 1995 si
3017 1951 3255 1994 mortuos
3285 1939 3336 1992 hi
3367 1938 3767 2000 suscitaveriut,

2185 2036 2277 2091 sed
2308 2035 2366 2092 Si
2398 2053 2551 2089 unum
2579 2035 2767 2105 fuerint
2795 2031 2972 2102 (Joan.
3002 2033 3089 2086 17.
3115 2029 3230 2101 25).
3273 2029 3402 2084 Nam
3443 2045 3591 2099 s:rpe
3629 2029 3771 2098 signa

2184 2127 2410 2181 alterum
2445 2125 2659 2196 quidem
2685 2125 2944 2193 juvaruut
2972 2139 2985 2175 :
3015 2122 3062 2176 ei
3107 2137 3236 2175 vero
3273 2119 3364 2190 qui
3405 2121 3620 2189 signum
3659 2112 3772 2173 feﬁt

2188 2228 2506 2283 nocuerunt,
2528 2216 2655 2270 dum
2683 2216 2734 2268 in
2761 2223 3023 2268 tumorem
3047 2213 3364 2281 inanemque
3380 2209 3606 2281 gloriam
3635 2209 3769 2264 illum

2186 2308 2572 2379 conjecerunt,
2617 2306 2702 2360 vel
2741 2304 2844 2358 alio
2886 2304 3045 2357 modo
3091 2304 3346 2356 laeserunt
3377 2318 3390 2354 :
3426 2301 3479 2354 in
3521 2298 3769 2370 operibus

2187 2416 2314 2457 vero
2354 2399 2484 2454 nihil
2523 2399 2628 2452 tale
2677 2396 2935 2466 suSpicari
2989 2396 3134 2461 licet,
3177 2394 3270 2448 sed
3314 2401 3371 2448 et
3409 2407 3526 2457 eos,
3559 2392 3649 2461 qui
3693 2392 3770 2445 illa

2185 2502 2470 2557 exercent,
2515 2501 2568 2544 et
2607 2491 2739 2544 alios
2786 2490 2982 2544 multos
3026 2489 3236 2557 juvant.
3276 2486 3400 2541 Haec
3434 2485 3618 2555 itaque
3654 2500 3766 2540 cum

2187 2597 2378 2655 magna
2425 2581 2701 2652 diligentia
2745 2580 2988 2636 edamus.
3029 2577 3161 2634 Nam
3206 2577 3252 2633 si
3294 2593 3358 2632 ex
3387 2577 3772 2630 inhumanitate

2187 2676 2254 2730 ad
2285 2677 2681 2746 eleemosynam
2709 2672 2936 2728 dandam
2964 2681 3014 2726 tc
3040 2671 3391 2732 converteris,
3419 2684 3638 2725 manum
3658 2679 3772 2723 ante

2188 2766 2391 2822 aridam
2420 2764 2727 2820 extendisti.
2751 2763 2809 2819 Si
2841 2779 2869 2816 a
2901 2763 3111 2816 theatro
3128 2762 3394 2817 absistens
3417 2762 3473 2815 in
3495 2761 3768 2816 ecclesiam

2190 2857 2473 2912 intraveris
2494 2897 2509 2923 ,
2533 2855 2919 2911 claudieantem
2949 2853 3136 2923 pedem
3163 2853 3462 2907 resﬁtuisti.
3488 2852 3548 2908 Si
3572 2862 3772 2908 avertas

2190 2950 2374 3003 oculos
2414 2958 2532 3002 tuos
2577 2962 2608 3001 a
2656 2946 2940 3002 meretrice
2976 2956 3029 3001 et
3072 2962 3101 2998 a
3148 2945 3546 3016 pulchritudine
3587 2946 3770 3011 aliena,

2191 3039 2311 3093 illos
2345 3048 2500 3092 antea
2537 3052 2710 3093 οπεος
2750 3037 3023 3108 aperuisti.
3055 3036 3110 3091 Si
3157 3052 3254 3107 pro
3279 3037 3534 3092 satanicis
3564 3037 3776 3092 canticis

2191 3130 2426 3201 psalmos
2456 3128 2727 3201 spiritales
2751 3128 3023 3194 didiceris,
3047 3143 3169 3184 cum
3199 3139 3382 3182 mutus
3407 3137 3537 3183 ante
3565 3127 3770 3190 fuisses,

2192 3223 2440 3292 loquutus
2471 3237 2550 3276 es.
2594 3220 2718 3275 limo
2747 3221 2976 3275 maxima
3021 3221 3276 3275 miracula
3303 3229 3461 3285 sunt;
3493 3220 3612 3275 hmo
3637 3220 3772 3288 signa

2192 3315 2406 3368 eximia.
2436 3313 2504 3392 .Si
2553 3313 2667 3368 haec
2697 3315 2842 3382 signa
2888 3312 3110 3368 edentes
3139 3327 3547 3384 perseveremus
3569 3355 3584 3379 ,
3610 3312 3772 3382 magni

2193 3419 2247 3460 et
2290 3405 2583 3458 admirandi
2632 3421 2722 3473 per
2767 3405 2881 3458 haec
2911 3405 3142 3468 erimus,
3179 3404 3457 3474 malosque
3486 3419 3675 3458 omnes
3715 3401 3773 3455 ad

2194 3496 2442 3549 virtutem
2468 3495 2822 3561 attrahemus,
2841 3510 2905 3549 ac
2931 3494 3103 3549 futura
3123 3495 3289 3564 gloria
3318 3493 3561 3548 fruemur
3586 3512 3600 3548 :
3629 3509 3775 3564 quam

2194 3589 2394 3641 utinam
2446 3602 2543 3642 nos
2581 3600 2769 3640 omnes
2812 3601 3225 3656 consequamur,
3270 3586 3438 3656 gratia
3482 3597 3539 3641 et
3581 3585 3776 3641 miseri-

2193 3679 2379 3734 cordia
2406 3679 2617 3733 Domini
2652 3679 2817 3733 nostri
2847 3678 2973 3734 Jcsu
3013 3677 3246 3742 Christi,
3273 3679 3361 3732 cui
3389 3677 3564 3748 gloria
3595 3688 3651 3734 et
3681 3677 3776 3732 im-

2196 3770 2424 3840 perium,
2455 3770 2508 3824 in
2537 3767 2742 3824 infinita
2764 3769 2957 3825 sarcula
2988 3769 3326 3825 saeculorum.
3359 3770 3555 3823 Amen.

2261 3930 2280 3962 ι
2317 3929 2390 3978 sic
2408 3927 2730 3989 Manuscripti.
2750 3924 2891 3974 Savil.
2913 3933 3078 3975 autem
3102 3932 3155 3989 et
3175 3923 3364 3989 Mo_rel.,
3388 3931 3511 3974 Ecce
3527 3922 3582 3974 in
3602 3921 3777 3974 mutinae

2207 3997 2287 4040 tuo
2309 3989 2548 4040 daemonia
2565 3986 2812 4050 ejccimus,
2837 3990 3028 4037 omissis
3049 3986 3354 4051 quibusdam.

2522 4113 2584 4124 -ο

1575 4177 1922 4249 HOMILIA
1968 4189 2274 4251 XXXIII.
2319 4190 2405 4254 al.
2451 4190 2753 4251 XXXIV.

505 4331 634 4389 Car.
666 4328 752 4385 10.
783 4344 837 4384 ν.
867 4327 955 4384 16.
981 4326 1113 4383 Ecce
1141 4345 1230 4400 ego
1261 4329 1402 4383 mitto
1427 4345 1513 4384 vos
1554 4330 1682 4385 sicut
1709 4348 1821 4387 oves
1850 4333 1902 4386 in
1928 4334 2092 4389 medio

577 4421 834 4489 luporum.
879 4419 1052 4474 Estote
1090 4437 1206 4491 ergo
1242 4420 1515 4491 prudentes
1558 4423 1687 4477 sicut
1729 4435 2014 4495 serpentes,
2046 4436 2092 4481 et

575 4510 826 4578 simplices
851 4511 977 4564 sicut
1004 4509 1266 4564 columbw.

578 4602 631 4656 1.
663 4600 950 4669 Postquam
979 4602 1099 4655 illos
1128 4617 1194 4655 eo
1223 4602 1552 4668 deduxerat,
1587 4612 1644 4658 ut
1669 4604 1738 4660 de
1771 4609 2091 4664 necessariis

508 4691 573 4747 ad
596 4691 792 4746 victum
820 4691 919 4744 sibi
947 4691 1349 4762 suppeditandis
1375 4694 1710 4749 conﬁderent
1733 4738 1747 4764 ,
1777 4706 1832 4751 et
1856 4699 2091 4752 omnium

505 4786 696 4841 domos
735 4784 865 4854 ipsis
890 4794 1200 4853 aperuerat,
1243 4771 2094 4862 honestissimamqueingressus

507 4876 731 4930 formam
757 4874 1000 4940 dederat,
1027 4890 1132 4928 non
1157 4886 1212 4930 ut
1237 4891 1458 4933 errones
1485 4888 1539 4932 et
1564 4881 1839 4936 mendicos
1864 4897 1985 4939 esse
2009 4885 2097 4952 ju~

509 4971 677 5035 bcns,
714 4967 808 5022 sed
855 4977 910 5021 ut
945 4981 1004 5021 se
1047 4967 1460 5037 suscipientibus
1502 4969 1658 5040 longe
1701 4974 2098 5041 prarstantiores

508 5059 637 5126 (hoc
655 5059 797 5113 enim
829 5057 1282 5127 signiﬁcavitcum
1303 5057 1438 5114 dixit
1463 5078 1476 5114 :
1507 5059 1704 5132 Dignus
1729 5071 1801 5116 est
1832 5065 2098 5133 operarius

497 5147 735 5202 'mereede
760 5162 886 5211 sua;
911 5155 966 5202 et
1002 5163 1123 5202 cum
1154 5150 1406 5218 przecepit
1429 5149 1729 5219 explorare,
1759 5153 1879 5223 quis
1906 5153 2099 5224 dignus

509 5249 690 5304 esset,
735 5238 912 5307 ibique
955 5253 1212 5302 manere,
1253 5247 1413 5310 atque
1457 5241 1784 5310 excipientes
1833 5244 2087 5309 salutare,

511 5343 738 5396 cumque
773 5344 876 5382 non
915 5328 1328 5398 suscipientibus
1359 5329 1704 5385 intolerabilia
1747 5334 2100 5390 comminatus

515 5427 659 5472 esset
694 5417 865 5489 mala)
897 5435 910 5472 :
943 5430 1219 5489 postquam
1265 5422 1423 5491 igitur
1449 5421 1527 5476 sic
1559 5437 1772 5477 omnem
1809 5439 1991 5479 curam
2033 5427 2101 5481 ab

515 5510 644 5577 ipsus
684 5508 936 5576 rjccerat,
974 5524 1036 5564 ac
1061 5512 1334 5578 signoruni
1375 5513 1681 5582 spectaculo
1707 5515 2013 5581 munierat,
2047 5528 2102 5574 et

515 5601 663 5670 quasi
697 5600 900 5654 ferreos
921 5599 1393 5675 adamantinosque
1411 5605 1732 5672 reddiderat,
1759 5607 2105 5664 smeularibus

2198 4333 2447 4388 omnibus
2477 4335 2783 4402 superiores
2806 4374 2821 4397 ,
2846 4341 2898 4386 et
2924 4330 2992 4386 ab
3031 4331 3177 4386 omni
3221 4341 3566 4399 temporauea
3595 4329 3781 4386 sollici-

2207 4424 2394 4478 tudine
2445 4423 2740 4478 liberatos:
2774 4423 2989 4478 demum
3018 4423 3106 4476 illa
3160 4422 3398 4492 prmdicit
3445 4423 3583 4476 mala
3607 4464 3622 4486 ,
3673 4437 3781 4491 qua-

2200 4515 2346 4584 ipsos
2387 4516 2631 4570 invasura
2665 4527 2859 4571 erant:
2895 4531 3002 4569 non
3037 4516 3208 4570 solum
3254 4531 3316 4571 ea
3361 4531 3480 4585 qum
3510 4516 3778 4585 paulopost

2201 4605 2400 4670 futura,
2453 4606 2546 4660 sed
2601 4607 2761 4659 etiam
2815 4621 2874 4661 ea
2926 4622 3046 4676 quae
3099 4616 3217 4676 post
3262 4607 3490 4661 multum
3538 4606 3782 4676 temporis

2203 4707 2356 4752 erant
2384 4706 2638 4752 eventura
2664 4737 2676 4760 ,
2712 4697 2803 4751 diu
2833 4708 2959 4752 ante
2999 4697 3116 4752 illos
3155 4697 3219 4752 ad
3259 4697 3456 4753 bellum
3487 4711 3782 4768 praeparans

2203 4799 2386 4842 contra
2409 4787 2676 4841 diabolum
2705 4789 3126 4858 suscipiendum.
3158 4788 3314 4842 Multa
3343 4789 3484 4842 enim
3514 4789 3636 4843 hinc
3657 4789 3782 4840 bona

2204 4877 2553 4946 emergebant
2596 4894 2609 4931 :
2658 4878 2851 4946 primo,
2903 4879 3043 4948 quod
3098 4879 3262 4950 ipsius
3303 4879 3651 4948 pra'scientize
3688 4877 3782 4930 vim

2205 4977 2555 5037 agnoscerent
2587 4985 2601 5034 ;
2646 4968 2913 5035 secundo,
2945 4970 3088 5038 quod
3121 4985 3277 5025 nemo
3305 4971 3564 5040 suspicari
3596 4979 3784 5040 posset,

2207 5058 2324 5114 hmc
2350 5061 2486 5113 mala
2517 5058 2586 5112 ob
2613 5060 2847 5114 doctoris
2877 5061 3292 5116 imbecillitatem
3319 5062 3536 5117 evenire
3561 5077 3576 5126 ;
3613 5060 3780 5123 tertio,

2209 5168 2278 5206 ne
2323 5153 2356 5206 ii
2397 5153 2485 5222 qui
2529 5152 2641 5205 haec
2693 5153 2896 5220 passuri
2923 5163 3105 5218 erant,
3140 5153 3581 5224 percellerentur,
3609 5152 3654 5208 si
3683 5151 3785 5204 ha-c

2211 5243 2570 5314 inexspectata
2595 5253 2649 5298 et
2671 5253 2863 5312 printer
2901 5260 3052 5314 Spem
3080 5246 3439 5311 accidissent;
3479 5253 3669 5316 quarto
3688 5286 3700 5305 ,
3729 5257 3787 5296 ne

2216 5337 2330 5390 tunc
2349 5337 2525 5391 crucis
2544 5346 2785 5405 tempore
2810 5336 3090 5392 audientes
3118 5337 3496 5403 turbarentur;
3529 5353 3649 5391 nam
3674 5345 3786 5388 tunc

2214 5427 2406 5481 turbati
2437 5435 2580 5493 sunt,
2607 5441 2727 5481 cum
2750 5429 3079 5497 exprobrans
3101 5428 3231 5498 ipsis
3257 5427 3459 5484 diceret
3484 5446 3496 5481 :
3525 5428 3659 5496 Quia
3685 5430 3782 5479 lucc

2215 5520 2454 5588 loquutus
2495 5536 2608 5573 sum
2650 5519 2820 5585 vobis,
2849 5520 3056 5574 tristitia
3084 5520 3311 5591 implevit
3349 5537 3437 5576 cor
3461 5531 3678 5576 vestrum
3699 5557 3715 5580 .
3747 5524 3789 5569 ct

2214 5626 2358 5664 nemo
2381 5626 2444 5665 ex
2464 5611 2598 5666 vobis
2617 5611 2896 5681 interrogat
2919 5626 3017 5680 me,
3041 5610 3152 5680 Quo
3167 5609 3313 5666 vadis
3331 5609 3507 5680 (Joan.
3535 5607 3618 5664 16.
3644 5604 3693 5660 6.
3719 5603 3790 5673 5}?
