3922 6332
315 466 379 522 ού
417 463 703 537 προϐάτων
729 461 1041 534 ἡμερότητα
1076 460 1236 532 μόνον
1269 459 1414 530 ἔχειν
1448 455 1680 522 κελεύει,
1722 455 1858 510 ἀλλά
1896 453 1991 510 καὶ

315 553 414 625 τῆς
448 552 782 623 περιστερᾶς
823 547 884 603 τὸ
930 549 1208 621 ἀκέραιον.
1269 545 1427 600 Οὕτω
1469 545 1579 617 γὰρ
1614 544 1850 616 μάλιστα
1889 541 1992 614 τὴν

315 639 455 710 ἐμὴν
487 636 788 708 ἐνδείξομαι
825 637 998 708 ἰσχὺν,
1028 636 1158 690 ὃταν
1189 634 1441 707 πρόϐατα
1473 633 1652 686 λύκων
1695 629 1987 702 περιγένη-

314 743 427 791 ται,
450 726 544 780 καὶ
570 728 628 779 ἐν
658 724 808 796 μέσῳ
838 724 949 777 τῶν
969 721 1148 776 λύκων
1164 723 1315 788 ὂντα,
1335 721 1428 774 καὶ
1457 718 1624 792 μυρία
1642 717 1990 789 λαμϐάνοντα

315 815 590 886 δήγματα,
645 813 718 884 μὴ
764 811 924 882 μόνον
973 811 1048 882 μὴ
1093 810 1144 844 ⁸⁸
1187 808 1668 878 καταναλίσκηται,
1713 804 1852 860 ἀλλά
1895 805 1991 858 καὶ

317 905 557 968 ἐκείνους
584 902 927 975 μεταϐάλλῃ·
967 901 996 955 δ
1031 899 1208 970 πολλῷ
1247 897 1690 969 θαυμαστότερόν
1731 896 1848 949 ἐστι
1893 895 1992 948 καὶ

321 994 503 1064 μεῖζον
531 991 624 1045 τοῦ
658 989 890 1054 ἀνελεῖν,
919 988 981 1042 τὸ
1013 987 1322 1059 μεταθεῖναι
1350 985 1448 1058 τὴν
1481 984 1729 1055 γνώμην,
1763 985 1859 1037 καὶ
1895 1000 1990 1054 με-

315 1079 684 1154 ταρῤυθμίσαι
711 1078 811 1150 τὴν
854 1077 1126 1132 διάνοιαν·
1163 1076 1258 1129 καὶ
1290 1072 1462 1128 ταῦτα
1511 1073 1719 1128 δώδεκα
1742 1071 1908 1137 ’ὄντες
1941 1072 1990 1105 ⁸⁸

321 1171 499 1240 μόνον,
539 1169 637 1240 τῆς
662 1165 984 1238 οἰκουμένης
1008 1163 1118 1218 τῶν
1137 1162 1314 1216 λύκων
1339 1160 1824 1232 ἐμπεπλησμένης.

387 1256 779 1329 Αἰσχυνώμεθα
793 1254 970 1310 τοίνυν
994 1253 1044 1305 οί
1071 1249 1324 1306 τάναντία
1353 1248 1650 1312 ποιοῦντες,
1674 1251 1721 1302 οἱ
1741 1249 1817 1312 ὡς
1834 1248 1990 1304 λύκοι

315 1350 428 1412 τοῖς
462 1345 674 1416 ἐχθροῖς
713 1341 1094 1412 ἐπιτιθέμενοι.
1129 1339 1274 1402 Ἕως
1298 1338 1408 1408 γὰρ
1432 1336 1498 1391 ἀν
1529 1330 1680 1405 ὦμεν
1717 1335 1985 1407 πρόϐατα,

318 1434 586 1505 νικῶμεν·
633 1430 735 1484 κᾶν
779 1428 960 1500 μυρίοι
997 1424 1504 1498 περιστοιχίσωνται
1553 1423 1728 1486 λύκοι,
1780 1439 1992 1494 περιγι-

317 1519 518 1592 νόμεθα
562 1519 655 1574 καὶ
685 1515 1024 1590 κρατοῦμεν·
1067 1514 1132 1568 ἀν
1180 1514 1244 1567 δέ
1270 1511 1556 1584 γενώμεθα
1593 1510 1769 1574 λύκοι,
1818 1511 1991 1582 ἡττώ-

321 1607 458 1679 μεθα
481 1623 495 1638 ·
531 1605 822 1675 ἀφίσταται
850 1602 958 1673 γάρ
981 1600 1138 1672 ήμῶν
1167 1601 1200 1670 ὴ
1228 1596 1323 1653 τοῦ
1356 1599 1612 1669 ποιμένος
1639 1597 1877 1669 βοήθεια.
1910 1595 1988 1652 Οὐ

317 1695 425 1767 γάρ
452 1693 666 1756 λύκους,
708 1691 842 1744 ἀλλά
887 1688 1136 1760 πρόϐατα
1170 1686 1470 1758 ποιμαίνει,
1525 1686 1618 1738 καὶ
1651 1686 1666 1716 ⁸
1720 1684 1987 1755 καταλιμ-

318 1782 477 1836 πάνει
528 1796 587 1833 σε
629 1779 724 1832 καὶ
765 1777 1080 1848 ἀναχωρεῖ·
1137 1774 1257 1828 οὐδὲ
1307 1773 1417 1844 γάρ
1473 1775 1772 1844 συγχωρεῖς
1822 1771 1986 1826 αὑτοῦ

315 1870 593 1943 δειχθῆναι
640 1869 738 1940 τὴν
783 1867 1033 1937 δύναμιν.
1075 1866 1174 1916 ‘Av
1213 1864 1311 1934 μὲν
1361 1863 1469 1933 γὰρ
1525 1862 1751 1932 πάσχων
1803 1859 1988 1925 κακῶς

313 1958 628 2030 ἡμερότητα
664 1954 920 2025 ἐπιδείξῃ,
957 1952 1106 2023 αύτῷ
1135 1949 1405 2020 λογίζεται
1435 1949 1580 2002 am
1602 1949 1663 2001 τὸ
1691 1947 1952 2018 τρόπαιον
1971 1962 1986 1979 ·

315 2045 384 2103 ἂν
411 2047 468 2101 δὲ
491 2045 712 2116 ἐπεξίῃς
737 2043 832 2098 καὶ
859 2040 1156 2114 πυκτεύῃς,
1193 2039 1530 2101 ἐπισκιάζεις
1557 2040 1624 2107 τῇ
1660 2037 1804 2110 νίκῃ.
1838 2037 1910 2089 Σὺ
1931 2036 1988 2090 δέ

310 2152 410 2208 τοι
442 2133 634 2187 σκόπει
682 2133 827 2195 τίνες
874 2129 1012 2182 εἰσὶν
1052 2131 1101 2182 οί
1149 2127 1259 2181 τῶν
1308 2127 1744 2198 προσταγμάτων
1783 2123 1988 2178 τούτων

313 2222 605 2284 ἀκούοντες
645 2217 754 2272 τῶν
796 2214 1046 2288 σκληρῶν
1073 2215 1169 2269 καὶ
1224 2213 1528 2267 ἐπιπόνων·
1583 2214 1632 2265 οἱ
1676 2211 1841 2265 δειλοὶ
1891 2212 1986 2266 καὶ

317 2307 554 2363 ἰδιῶται·
603 2309 652 2360 of.
700 2304 1056 2377 ἀγράμματοι
1102 2303 1196 2355 καὶ
1241 2299 1472 2372 ἀμαθεῖς
1499 2316 1513 2330 ·
1559 2300 1607 2352 οἱ
1651 2298 1918 2352 πάντοθεν
1965 2299 1986 2330 ³

312 2397 548 2468 ἄσημοι·
589 2395 638 2447 οἱ
671 2391 940 2464 μηδέποτε
979 2391 1090 2454 τοῖς
1135 2387 1334 2453 ἔξωθεν
1379 2386 1736 2458 ἐντραφέντες
1763 2387 1982 2456 νόμοις·

312 2485 360 2542 o’!
382 2485 456 2556 μὴ
478 2480 685 2553 ταχέως
710 2479 790 2544 είς
808 2475 1014 2548 ἀγοράς
1035 2473 1394 2547 ἐμϐάλλοντες
1421 2471 1648 2535 ἐαυτούς
1668 2489 1680 2500 ·
1715 2473 1764 2525 οἱ
1793 2470 1983 2535 άλιεῖς,

310 2575 361 2629 οί
393 2572 641 2636 τελῶναι,
671 2570 720 2624 οί
759 2567 968 2641 μυρίων
994 2565 1258 2635 γέμοντες
1281 2561 1694 2632 ἐλαττωμάτων.
1720 2561 1780 2613 Εἰ
1809 2560 1865 2613 δὲ
1889 2561 1986 2613 καὶ

309 2663 436 2726 τοὺς
464 2659 702 2731 ὑψηλοὺς
729 2658 824 2711 καὶ
858 2653 1130 2727 μεγάλους
1164 2651 1322 2705 ἱκανά
1366 2648 1539 2704 ταῦτα
1567 2647 1862 2720 θορυϐῆσαι
1891 2642 1980 2717 ἦν,

305 2750 436 2812 ’τοὺς
459 2745 720 2802 πάντοθεν
743 2743 1004 2814 ἀπείρους
1026 2739 1122 2794 καὶ⁵
1136 2739 1287 2792 οὐδὲν
1307 2737 1560 2791 οὐδέποτε
1584 2736 1985 2805 φαντασθέντας

307 2837 555 2908 γενναῖον
586 2834 701 2897 πῶς
732 2832 832 2885 οὐκ
877 2825 946 2902 ἦν
991 2827 1153 2882 ίκανά
1183 2823 1510 2879 καταϐαλεῖν
1548 2826 1641 2877 καὶ
1679 2823 1980 2894 ἐκπλῆξαι;

320 2922 460 2977 Ἀλλ’
488 2921 548 2974 ού
578 2917 864 2973 κατέϐαλε.
897 2916 1007 2969 Καὶ
1033 2913 1178 2985 μάλα
1212 2911 1456 2975 εἰκότως,
1495 2911 1625 2973 ἴσως
1656 2910 1676 2941 ³
1716 2911 1858 2964 εἴποι
1900 2927 1982 2973 τις

307 3011 374 3067 ἀν
395 3025 411 3043 ·
439 3008 606 3063 ἔδωκε
628 3005 735 3076 γάρ
773 3003 960 3067 αὐτοῖς
994 3001 1242 3070 ἐξουσίαν
1272 3000 1506 3070 λεπροὺς
1534 2997 1841 3069 καθαίρειν,
1867 2996 1980 3050 δαί-

304 3112 480 3168 μονας
527 3092 792 3146 ἐλαύνειν.
847 3087 990 3159 Ἐγὼ
1023 3089 1079 3142 δέ
1113 3089 1289 3142 ἐκεῖνο
1333 3085 1400 3139 ἀν
1433 3085 1664 3168 εἴποιμι,
1716 3085 1799 3138 ὅτι
1850 3083 1980 3138 αὐτὸ

311 3167 412 3256 μὲν
456 3177 553 3236 οὖν
605 3177 778 3240 τοῦτο,
805 3177 1037 3249 μάλιστα
1089 3175 1286 3238 αὐτοὺς
1327 3173 1507 3227 ἱκανὸν
1555 3167 1622 3245 ῆν
1657 3170 1975 3242 θορυϐῆσαι,

296 3272 390 3324 ’ὅτι
419 3270 441 3302 ⁸
461 3271 554 3322 καὶ⁵
583 3267 810 3339 νεκροὺς
833 3265 1135 3335 ἐγείροντες
1156 3262 1226 3316 τά
1250 3263 1525 3333 ἀνήκεστα
1557 3259 1732 3312 ταῦτα
1757 3258 1979 3329 ἔμελλον

305 3358 623 3427 ὑπομένειν,
667 3355 760 3410 καὶ
797 3354 1144 3426 δικαστήρια,
1183 3352 1279 3404 καὶ
1333 3347 1656 3417 ἀπαγωγάς,
1715 3346 1809 3401 καὶ
1853 3348 1980 3411 τοὺς

306 3445 459 3517 παρά
480 3445 698 3498 πάντων
731 3442 1020 3514 πολέμους,
1063 3439 1158 3494 καὶ
1199 3439 1259 3492 τὸ
1303 3435 1481 3491 κοινὸν
1518 3437 1618 3505 τῆς
1655 3435 1978 3505 οἰκουμένης

303 3537 484 3604 μῖσος,
513 3534 605 3587 καὶ
630 3531 854 3586 τοιαῦτα
880 3530 1075 3591 αὐτοὺς
1100 3523 1647 3597 θαυματουργοῦντας
1686 3523 1978 3593 ἀναμένειν

291 3622 473 3677 ιδεινά.
509 3620 606 3685 Τίς
629 3615 722 3674 οῦν
753 3621 788 3692 ή
817 3618 1018 3672 τούτων
1070 3616 1288 3670 πάντων
1335 3612 1720 3684 παράκλησις;
1777 3612 1841 3664 Ἦ
1882 3611 1975 3663 τοῦ

296 3710 612 3781 ’πέμποντος
638 3707 888 3778 δύναμις.
921 3704 1012 3758 Διὸ
1037 3704 1130 3757 καὶ
1161 3702 1316 3755 τοῦτο
1351 3700 1456 3772 πρὸ
1489 3699 1704 3753 πάντων
1737 3696 1972 3763 τέθεικε,

289 3796 508 3865 λέγων·
551 3793 706 3850 Ἰδοὺ
733 3793 848 3862 ἐγὼ
880 3789 1237 3846 ἀποστέλλω
1269 3784 1445 3856 ὑμᾶς.
1497 3786 1683 3856 Ἀρκεῖ
1714 3783 1870 3837 τοῦτο
1896 3787 1976 3848 είς

305 3881 658 3954 παραμυθίαν
714 3882 871 3950 ὑμῖν·
928 3878 1089 3946 ἀρκεῖ
1131 3875 1290 3929 τοῦτο
1336 3876 1415 3937 είς
1454 3871 1516 3926 τδ
1571 3872 1826 3944 θαρρεῖν,
1881 3871 1975 3925 καὶ

295 3970 511 4044 μηδένα
540 3971 561 4002 ⁸
596 3967 892 4023 δεδοικέναι
913 3965 1020 4018 τῶν
1048 3965 1330 4018 ἐπιόντων.
1716 3974 1718 3976 '

366 4055 444 4129 β’.
483 4051 637 4119 Εἶδες
679 4051 1000 4120 αύθεντίανς
1051 4044 1191 4115 εἶδες
1241 4049 1529 4116 ἐξουσίαν;
1569 4045 1708 4112 εἶδες
1744 4047 1973 4119 δύναμιν

294 4145 552 4217 τάμαχονς
592 4138 660 4198 Ὀ
690 4142 748 4196 δέ
776 4141 945 4211 λέγει,
995 4139 1233 4194 τοιοῦτόν
1285 4141 1440 4192 ἐστι·
1488 4138 1579 4209 Μὴ
1613 4137 1969 4210 θορυϐηθῆτε,

304 4236 490 4306 φησὶν,
515 4234 597 4287 ὅτι
619 4230 822 4302 μεταξὺ
846 4228 1025 4284 λύκων
1068 4227 1319 4299 πέμπων,
1369 4226 1446 4293 ὡς
1486 4227 1733 4300 πρόϐατα
1770 4228 1866 4282 καὶ
1897 4228 1972 4293 ὡς

303 4321 630 4395 περιστεράς
667 4315 804 4374 εἶναι
842 4319 1067 4373 κελεύω.
1114 4316 1419 4388 Ὴδυνάμην
1462 4317 1559 4387 μὲν
1597 4316 1705 4389 γὰρ
1754 4319 1973 4389 ποιῆσαι

301 4407 629 4472 τούναντίον,
659 4407 753 4463 καὶ
772 4407 938 4478 μηδὲν
967 4403 1116 4478 [⁸579]
1151 4405 1296 4475 ὑμᾶς
1323 4406 1537 4473 ἀφεῖναι
1566 4404 1736 4458 δεινὸν
1769 4405 1974 4475 ὑπομέ-

302 4513 434 4557 νειν,
460 4495 603 4566 ,μηδὲ
619 4494 694 4558 ὼς
716 4493 962 4565 πρόϐατα
991 4492 1320 4562 ὑπο-τεθῆναι
1346 4491 1551 4556 λύκοις,
1573 4491 1711 4544 ἀλλά
1742 4491 1973 4544 λεόντων

302 4580 640 4654 ἐργάσασθαι
671 4580 1106 4651 φοϐερωτέρους·
1153 4579 1268 4634 ἀλλ’
1307 4578 1448 4632 οῦτω
1495 4578 1764 4650 συμφέρει
1816 4579 1971 4647 γενέ-

301 4669 447 4724 σθαι.
467 4667 636 4721 Τοῦτο
657 4668 750 4721 καὶ
777 4668 921 4739 ’ὑμᾶς
951 4667 1363 4742 λαμπροτέρους
1388 4668 1531 4719 ποιεῖ
1552 4681 1564 4695 ’
1589 4666 1745 4719 τοῦτο
1763 4667 1854 4720 καὶ
1871 4666 1970 4737 τὴν

302 4755 440 4828 ἐμὴν
488 4755 852 4827 ἀνακηρύττει
913 4753 1159 4823 δύναμιν.
1210 4753 1382 4809 Τοῦτο
1434 4755 1528 4806 καὶ
1570 4754 1707 4825 πρὸς
1758 4754 1970 4808 Παῦλον

301 4845 485 4914 ἔλεγεν
504 4859 518 4874 ·
559 4840 748 4912 Ἀρκεῖ
777 4855 876 4896 σοι
908 4840 946 4908 ἠ
980 4839 1150 4911 χάρις
1169 4858 1287 4910 μου
1307 4857 1320 4871 ·
1352 4841 1392 4909 ἠ
1429 4841 1538 4910 γὰρ
1573 4839 1826 4910 δύναμίς
1847 4858 1969 4910 μου

298 4931 370 4986 ἐν
413 4929 698 4996 ἀσθενείᾳ
750 4927 1100 4982 τελειοῦται.
1177 4926 1318 4996 Ἐγὼ
1370 4927 1549 4980 τοίνυν
1612 4927 1784 4991 οὕτως
1824 4929 1968 4999 ὑμᾶς

302 5018 531 5090 ἐποίησα
564 5015 722 5072 εῖναι.
755 5017 928 5071 Ὅταν
958 5017 1065 5087 γὰρ
1087 5015 1239 5087 εἴπῃ,
1281 5015 1423 5086 Ἐγὼ
1443 5016 1794 5071 ἀποστέλλω
1813 5015 1968 5087 ὑμᾶς

296 5109 380 5175 ῶς
399 5109 680 5178 πρόϐατα,
708 5105 865 5160 τοῦτο
895 5103 1223 5159 αἰνίττεται·
1252 5102 1344 5175 Μὴ
1368 5103 1548 5157 τοίνυν
1580 5105 1924 5177 καταπέσητε
1949 5123 1964 5140 ·

297 5192 414 5250 οἶδα
443 5196 571 5266 γὰρ,
600 5191 718 5248 οῖδα
740 5193 947 5264 σαφῶς,
975 5193 1056 5246 ὅτι
1087 5193 1259 5263 ταύτῃ
1287 5191 1520 5262 μάλιστα
1546 5193 1710 5245 πᾶσιν
1739 5193 1968 5264 ἀχείρω-

297 5300 380 5339 τοι
417 5283 625 5338 ἔσεσθε.
658 5278 813 5345 Εἶτα,
867 5283 955 5336 ἵνα
989 5299 1043 5334 τι
1077 5282 1169 5334 καὶ
1209 5281 1341 5351 παρ’
1387 5279 1596 5334 ἑαυτῶν
1644 5281 1962 5352 είσφέρωσι,

297 5373 390 5426 καὶ
422 5370 496 5442 μὴ
537 5369 714 5424 πάντα
757 5371 854 5440 τῆς
887 5369 1108 5441 χάριτος
1155 5363 1294 5422 εἶναι
1341 5368 1491 5439 δοκῇ,
1542 5367 1676 5439 μηδὲ
1721 5370 1841 5442 εικῆ
1871 5371 1966 5426 καὶ

300 5461 476 5534 μάτην
513 5455 902 5529 στεφανοῦσθαι
947 5457 1294 5527 νομίζωνται,
1340 5457 1510 5530 φησί·
1561 5457 1817 5533 Γίνεσθε
1851 5454 1966 5515 οὖν

1148 342 1206 399 S.
1246 341 1532 399 JOANNIS
1569 333 2061 409 CHRYSOSTOII
2098 332 2420 396 ARCHILP.
2449 335 3001 396 CONSTANTINOP.

3634 349 3721 407 590

2091 454 2362 525 φρόνιμοι
2393 455 2474 520 ὠς
2501 457 2557 509 al
2590 455 2777 525 ὄφεις,
2806 455 2907 510 καί
2935 454 3194 524 ἀκέραιοι
3219 457 3300 525 ὡς
3317 461 3381 515 αι
3402 476 3720 537 περιστεραι.

2091 541 2202 593 Καὶ
2230 540 2285 594 τί
2309 541 2510 596 δύναιτ’
2541 542 2606 596 ἂν
2635 545 2669 614 ή
2703 543 2949 614 ἡμετέρα
2971 544 3250 614 φρόνησις,
3283 549 3468 618 φησὶν,
3489 551 3543 605 ἐν
3569 560 3724 611 τοσούσ-

2088 643 2204 692 τοις
2237 627 2500 694 κινδύνοις
2523 647 2538 697 ;
2575 629 2759 694 πῶςδέ
2787 629 2926 693 ὅλως
2949 631 3289 702 δυνησόμεθα
3317 636 3568 708 φρόνησιν
3585 641 3723 712 ἐχειν,

2091 717 2197 772 ὑπὸ
2231 719 2500 773 τοσούτων
2544 719 3024 792 περιαντλούμενοι
3063 722 3354 791 κυμάτων;
3406 727 3559 781 Ὅσον
3591 731 3681 802 γὰρ
3705 735 3726 766 ⁸

2090 804 2158 858 ἂν
2199 805 2425 876 γένηται
2465 804 2726 876 φρόνιμον
2771 807 3042 878 πρόϐατον
3091 809 3294 878 μεταξὺ
3340 809 3516 866 λύκων
3549 814 3620 876 δν,
3648 821 3727 872 καὶ

2089 890 2268 946 λύκων
2306 891 2594 958 τοσούτων,
2625 893 2680 946 τί
2716 894 3004 963 δυνήσεται
3030 894 3193 950 πλέον
3237 897 3432 952 ἀνύσαι
3459 916 3473 964 ;
3497 901 3610 955 ὅσον
3632 905 3648 935 ’⁸
3669 905 3726 960 ἀν

2090 979 2316 1051 γένηται
2345 980 2602 1052 ἀκέραιος
2643 982 2677 1053 ή
2706 983 3028 1054 περιστερὰ,
3072 983 3128 1036 τί
3159 983 3454 1056 ὠφελήσει,
3489 991 3726 1045 τοσούτων

2089 1068 2451 1137 ἐπικειμένων
2477 1067 2745 1139 ίεράκων;
2788 1069 2910 1122 Ἐπὶ
2943 1069 3041 1140 μὲν
3072 1071 3095 1102 ⁸
3138 1072 3248 1126 τῶν
3286 1073 3516 1141 ἀλόγων,
3563 1078 3728 1130 οὐδέν·

2090 1153 2184 1207 ἐπὶ
2207 1155 2263 1207 δὲ
2288 1154 2463 1226 ὑμῶν,
2498 1155 2566 1208 τὰ
2594 1157 2846 1226 μέγιστα.
2891 1157 3030 1210 Ἀλλ’
3077 1158 3276 1229 ἴδωμεν
3309 1161 3468 1214 ποίαν
3501 1164 3731 1235 φρόνησιν

2089 1241 2320 1296 ἐνταῦθα
2355 1245 2594 1298 ἀπαιτεῖ.
2647 1244 2758 1312 Τὴν
2795 1245 2888 1298 τοῦ
2918 1245 3114 1316 όφεως,
3156 1248 3310 1318 φησί.
3361 1250 3614 1324 Καθάπερ
3638 1255 3731 1324 γὰρ

2089 1331 2296 1393 ἐκεῖνος
2341 1332 2408 1384 τά
2460 1333 2636 1385 πάντα
2672 1333 2939 1403 προΐεται,
2999 1334 3102 1388 κάν
3150 1335 3285 1388 αὐτὸ
3339 1336 3432 1408 δέῃ
3481 1339 3543 1391 τὸ
3591 1339 3730 1411 σῶμα

2090 1417 2494 1488 ἀποτμηθῆναι,
2553 1419 2614 1472 ού
2666 1420 2869 1490 σφόδρα
2906 1421 3190 1492 ἀντέχεται
3236 1423 3424 1487 αὑτοῦ,
3473 1424 3608 1479 ὥστε
3645 1428 3732 1497 τήν

2089 1506 2330 1577 κεφαλὴν
2380 1505 2738 1577 διατηρῆσαι·
2795 1506 2941 1562 οῦτω
2983 1509 3079 1561 καὶ
3128 1510 3216 1572 σὺ,
3274 1510 3428 1579 φησὶ,
3486 1511 3614 1583 πλην
3648 1515 3730 1582 τῆς

2090 1594 2326 1656 πίστεως
2362 1594 2536 1646 πάντα
2584 1595 2811 1659 ἐκδίδου,
2860 1595 2968 1648 κᾶν
3010 1597 3286 1667 χρήματα,
3328 1597 3430 1652 κᾶν
3469 1599 3530 1652 τὸ
3571 1601 3728 1670 σῶμα,

2091 1680 2194 1734 κάν
2249 1680 2418 1752 αὐτὴν
2467 1681 2567 1753 τὴν
2603 1682 2778 1753 ψυχὴν
2817 1682 3065 1736 ἐκδοῦναι
3119 1683 3233 1756 δέῃ.
3276 1684 3523 1739 Ἐκεῖνο⁹
3561 1687 3657 1758 γὰρ
3703 1690 3732 1758 ή

2091 1768 2299 1840 κεφαλὴ
2328 1770 2422 1823 καὶ
2448 1772 2481 1841 ή
2511 1771 2634 1842 ῥίζα
2657 1788 2672 1804 ·
2704 1771 2960 1842 κάκείνης
2981 1771 3430 1844 διατηρουμένης,
3456 1775 3556 1829 κᾶν
3579 1777 3731 1828 πάντα

2091 1857 2380 1929 ἀπολέσῃς,
2426 1859 2639 1912 ἅπαντα
2681 1858 2959 1930 ἀνακτήσῃ
3001 1859 3336 1930 πάλιν-μετά
3379 1860 3618 1924 πλείονος
3648 1863 3732 1930 τῆς

2091 1945 2468 2015 περιφανείας.
2504 1946 2603 1998 Διά
2631 1945 2694 2016 δὴ
2727 1945 2884 1998 τοῦτο
2911 1943 3034 1998 οὔτε
3067 1946 3268 2000 ἁπλοῦν
3315 1965 3438 2001 τινα
3485 1943 3616 2001 εἶναι
3651 1950 3732 2001 καὶ

2090 2031 2262 2102 ἀφελῆ
2290 2032 2642 2104 προσέταξεν,
2681 2031 2803 2085 οὔτε
2834 2032 3094 2102 φρόνιμον
3134 2033 3314 2102 μόνον,
3365 2034 3483 2087 ἀλλ’
3524 2035 3732 2105 ἐκέρασε

2087 2119 2258 2173 ταῦτα
2291 2120 2596 2192 ἀμφότερα,
2631 2119 2770 2173 ὥστε
2804 2120 3053 2188 γενέσθαι
3082 2121 3218 2174 αὐτὰ
3245 2123 3446 2194 ἀρετήν
3470 2141 3483 2156 ·
3528 2124 3619 2193 τὴν
3649 2124 3734 2192 μὲν

2088 2207 2348 2278 φρόνησιν
2379 2207 2474 2260 τοῦ
2503 2207 2678 2277 ὄφεως
2711 2209 2790 2270 είς
2829 2207 2890 2260 τὺ
2930 2207 3006 2279 μῆ
3036 2208 3363 2278 πλήττεσθαι
3406 2213 3463 2264 ἐν
3493 2214 3599 2273 τοῖς
3630 2229 3734 2265 και-

2089 2297 2225 2366 ρίοις
2259 2295 2617 2366 παραλαϐών·
2668 2294 2728 2348 τὸ
2767 2295 2824 2348 δέ
2870 2295 3125 2366 ἀκέραιον
3149 2295 3248 2366 τῆς
3278 2301 3621 2369 περιστερᾶς,
3665 2301 3732 2359 είς

2085 2385 2147 2438 τὸ
2182 2384 2256 2455 μὴ
2285 2383 2585 2454 ἀμύνεσθαι
2618 2384 2660 2416 ¹⁰
2692 2384 2818 2446 τοὺς
2847 2381 3185 2445 ἀδικοῦντας.
3230 2385 3365 2455 μηδὲ
3395 2386 3732 2456 τιμωρεῖσθαι

2085 2473 2209 2536 τοὺς
2236 2471 2681 2534 ἐπιϐουλεύοντας
2701 2486 2718 2502 ⁶
2753 2469 2875 2523 ἐπεὶ
2902 2470 3062 2524 πάλιν
3087 2471 3237 2524 οὐδὲν
3275 2471 3466 2540 ὄφελος
3487 2473 3586 2543 τῆς
3612 2488 3731 2542 ΨΡ⁰⁶

2085 2560 2310 2630 νήσεως,
2344 2559 2409 2611 ἂν
2444 2558 2518 2630 μὴ
2549 2558 2706 2611 τοῦτο
2733 2560 2932 2629 προσῇ.
2966 2559 3031 2612 Τί
3061 2559 3240 2612 τοίνυν
3277 2559 3486 2613 τούτων
3527 2559 3735 2613 εὐτονώ-

2084 2667 2240 2721 τερον
2281 2650 2474 2719 γένοιτ’
2507 2648 2574 2703 ἂν
2611 2649 2718 2701 τῶν
2767 2649 3190 2720 ἐπιταγμάτων;
3241 2649 3317 2703 Ού
3351 2649 3462 2721 γὰρ
3491 2651 3642 2721 ήρκει
3681 2649 3736 2701 τὸ

2085 2737 2276 2791 παθεῖν
2309 2736 2530 2802 κακῶς;
2574 2736 2728 2807 Οὐχὶ,
2757 2736 2953 2806 φησίν·
2990 2737 3104 2791 ἀλλ’
3148 2737 3266 2791 ούδέ
3306 2738 3626 2807 ἀγανακτεῖν
3661 2753 3735 2790 σοι

2085 2824 2372 2896 συγχωρῶ.
2409 2824 2580 2878 Τοῦτο
2602 2825 2711 2894 γάρ
2732 2825 2876 2876 ἐστιν
2899 2825 2931 2895 ὴ
2958 2825 3272 2896 περιστερά.
3305 2825 3520 2897 Ὥσπερ
3541 2824 3604 2879 ἂν
3627 2825 3672 2878 εί
3696 2824 3732 2856 ³⁸

2081 2932 2165 2978 τις
2189 2916 2430 2985 κάλαμον
2463 2918 2540 2980 εἰς
2571 2914 2681 2988 πῦρ
2709 2915 2978 2987 ἐμϐαλὼν,
3010 2916 3220 2970 κελεύοι
3261 2916 3336 2989 μή
3365 2918 3614 2972 καίεσθαι
3643 2915 3737 2969 ὑπὸ

2085 3004 2178 3058 τοῦ
2204 3006 2394 3078 πυρὸς,
2422 3005 2558 3060 άλλά
2579 3006 2860 3060 σϐεννύναι
2908 3006 2968 3059 τὸ
3006 3006 3135 3079 πῦρ.
3193 3006 3352 3061 Ἀλλά
3391 3007 3465 3079 μὴ
3511 3005 3736 3078 θορυϐώ-

2089 3093 2261 3162 μεθα⁸
2322 3094 2416 3146 καὶ
2461 3093 2570 3164 γάρ
2608 3096 2650 3127 ’⁸
2682 3092 2842 3165 ἐξέϐη
2888 3092 3081 3160 ταῦτα,
3122 3094 3216 3148 καὶ
3245 3094 3396 3160 τέλος
3446 3095 3624 3158 ἔλαϐε,
3655 3094 3736 3146 καὶ

2085 3181 2171 3233 ἐπ’
2195 3180 2374 3234 αὐτῶν
2405 3181 2616 3252 ἐδείχθη
2648 3181 2756 3236 τῶν
2783 3181 2978 3253 ἔργων,
3030 3183 3128 3236 καὶ
3169 3183 3422 3254 φρόνιμοι
3464 3183 3738 3253 γεγόνασιν

2083 3265 2158 3328 ὼς
2181 3267 2231 3319 οἱ
2265 3266 2438 3334 ὄφεις.
2474 3266 2568 3320 καὶ
2587 3266 2835 3336 ἀκέραιοι
2871 3266 2947 3330 ὡς
2973 3268 3030 3320 αί
3071 3269 3428 3339 περιστεραί·
3458 3269 3559 3321 οὐκ
3586 3265 3737 3335 άλλης

2083 3355 2234 3419 ὄντες
2267 3354 2498 3425 φύσεως,
2529 3354 2666 3408 ἀλλὰ
2691 3358 2789 3427 τῆς
2818 3357 2986 3426 αὐτῆς
3013 3359 3164 3427 ἡμῖν.
3193 3357 3282 3427 Μὴ
3308 3357 3491 3412 τοίνυν
3520 3357 3739 3411 ἀδύνατα

2083 3443 2348 3514 νομιζέτω
2378 3435 2462 3506 τις
2500 3437 2638 3496 εἷναι
2665 3444 2732 3496 τά
2758 3445 3126 3514 ἐπιτάγματα.
3157 3444 3268 3514 Πρὸ
3297 3444 3404 3516 γάρ
3444 3447 3556 3499 τῶν
3580 3445 3737 3501 ἀλλων

2082 3531 2339 3586 ἀπάντων
2377 3532 2539 3596 αὐτὸς
2580 3526 2687 3584 οἶδε
2726 3533 2824 3603 τὴν
2863 3533 2970 3586 τῶν
3005 3534 3342 3603 πραγμάτων
3374 3535 3566 3603 φύσιν·
3613 3533 3738 3589 οἶδεν

2082 3621 2163 3674 ὅτι
2197 3619 2471 3692 θρασύτης
2501 3621 2560 3674 ού
2593 3619 2890 3693 θρασύτητι
2927 3620 3100 3693 [380],
3139 3622 3254 3677 ἀλλ’
3292 3624 3565 3696 ἐπιεικείᾳ
3598 3624 3731 3677 σϐέν-

2083 3725 2258 3762 νυται.
2309 3709 2372 3762 Et
2407 3708 2464 3762 δὲ
2495 3709 2587 3762 καὶ
2630 3710 2722 3762 ἐπί
2752 3709 2860 3762 τῶν
2886 3709 3226 3780 πραγμάτων
3269 3710 3425 3764 τοῦτο
3471 3711 3736 3782 γινόμενον

2085 3794 2210 3848 ίδεῖν
2230 3795 2454 3860 ἐθέλοις,
2492 3797 2766 3864 ἀνάγνωθι
2787 3795 2895 3850 τῶν
2930 3797 3188 3868 Πράξεων
3210 3797 3317 3850 τῶν
3345 3799 3657 3852 ἀποστόλων
3682 3797 3738 3850 τὸ

2083 3882 2304 3954 βιϐλίον,
2363 3885 2457 3938 καὶ
2499 3883 2621 3954 ὄψει
2672 3885 2904 3950 ποσάκις
2953 3884 3047 3939 τοῦ
3090 3885 3260 3956 δήμου
3307 3887 3414 3942 τῶν
3485 3887 3736 3943 Ἰουδαίων

2079 3970 2577 4035 κατεξαναστάντος
2604 3973 2699 4026 καὶ
2735 3973 2860 4036 τοὺς
2898 3972 3119 4036 ὀδόντας
3149 3974 3426 4043 θήγοντος,
3463 3977 3562 4045 τὴν
3595 3991 3739 4046 περι-

2079 4056 2278 4127 στεράν
2299 4052 2440 4112 οὗτοι
2469 4056 2814 4129 μιμούμενοι,
2845 4058 2938 4112 καὶ
2961 4057 3098 4128 μετὰ
3112 4059 3212 4129 τῆς
3236 4059 3554 4132 πρεπούσης
3577 4061 3737 4120 ἐπιειο

2079 4144 2234 4208 κείας
2289 4144 2730 4215 ἀποκρινόμενοι,
2786 4144 3087 4198 κατέλυσαν
3145 4145 3236 4198 τὸν
3287 4146 3511 4201 ἐκείνων
3555 4146 3734 4217 θυμὸν,

2077 4231 2308 4286 ἔσϐεσαν
2328 4231 2427 4304 τὴν
2461 4231 2677 4303 μανίαν,
2711 4229 2970 4297 ἐξέλυσαν
3017 4231 3116 4303 τὴν
3145 4233 3344 4304 ὁρμήν.
3389 4233 3607 4306 Ἐπειδὴ
3634 4233 3734 4302 γὰρ

2074 4318 2259 4388 ἔλεγον
2282 4336 2295 4350 ·
2328 4321 2410 4374 οὐ
2440 4319 2808 4389 παραγγελία
2842 4320 3324 4391 παρηγγείλαμεν
3352 4322 3497 4390 ὑμῖν
3518 4320 3604 4391 μὴ
3632 4323 3735 4375 λα·-

2072 4406 2204 4461 λεῖν
2240 4407 2311 4460 ἐν
2344 4405 2425 4472 τῷ
2462 4407 2702 4475 ὀνόματι
2748 4407 2972 4471 τούτῳ;
3017 4405 3192 4461 καίτοι
3252 4407 3418 4479 μυρία
3455 4408 3734 4478 δυνάμενοι

2073 4492 2522 4565 θαυματουργεῖν,
2544 4493 2718 4563 τραχὺ
2751 4493 2850 4563 μὲν
2871 4492 3023 4548 οὐδὲν
3051 4491 3173 4546 οὔτε
3202 4489 3373 4558 εἷπον,
3407 4493 3534 4547 οὔτε
3563 4493 3736 4564 ἐποίη-

2073 4597 2191 4646 σαν,
2227 4580 2363 4651 μετά
2393 4581 2696 4652 πραότητος
2727 4580 2786 4633 δέ
2832 4581 3012 4651 πάσης
3051 4579 3414 4649 ἀπελογοῦντο
3452 4581 3730 4650 λέγοντες·

2070 4670 2141 4722 El
2159 4667 2394 4722 δίκαιόν
2419 4668 2592 4721 ἐστιν
2617 4666 2784 4737 ὑμῶν
2815 4668 3060 4722 ἀκούειν
3078 4666 3320 4736 μᾶλλον
3347 4667 3383 4736 ἣ
3421 4669 3531 4722 τοῦ
3570 4665 3730 4730 Θεοῦ,

2069 4756 2330 4824 κρίνατε.
2361 4751 2512 4816 Εἶδες
2537 4755 2598 4808 τὸ
2623 4754 2881 4826 ἀκέραιον
2923 4755 3022 4825 τῆς
3053 4757 3411 4828 περιστερᾶς;
3470 4756 3635 4827 βλέπε
3674 4754 3732 4807 τὸ

2069 4843 2332 4914 φρόνιμον
2385 4841 2480 4895 τοῦ
2546 4840 2754 4911 ὄφεως·
2825 4840 3014 4911 Ἡμεῖς
3064 4842 3172 4912 γὰρ
3223 4845 3294 4895 οὺ
3337 4842 3640 4912 δυνάμεθα
3693 4840 3729 4894 ἀ

2067 4932 2315 5000 οἴδαμεν
2327 4930 2370 4961 ¹³
2390 4929 2487 4984 καὶ
2508 4930 2859 4999 ἠκούσαμεν
2876 4929 2961 4999 μὴ
2978 4929 3208 4984 λαλεῖν.
3235 4927 3387 4990 Εἶδες
3399 4930 3517 4994 πῶς
3535 4947 3730 4984 παντα-

2068 5018 2222 5089 χόθεν
2265 5016 2678 5089 ἠκριϐωμένους
2719 5011 2858 5070 εἶναι
2904 5015 3032 5087 χρὴ,
3071 5015 3212 5069 ὥστε
3261 5015 3336 5088 μή
3369 5017 3414 5049 ⁸⁵
3470 5017 3576 5070 ὑπὸ
3623 5033 3728 5068 κιν-

2068 5105 2238 5159 δύνων
2283 5103 2694 5170 ταπεινοῦσθαι,
2750 5103 2884 5175 μηδέ
2929 5102 3033 5155 ὑπὸ
3081 5101 3253 5174 θυμοῦ
3292 5103 3724 5174 παροξύνεσθαις

2065 5193 2164 5248 Διά
2187 5193 2341 5248 τοῦτο
2374 5192 2470 5247 καὶ
2511 5193 2694 5260 ἔλεγε·
2730 5191 3061 5260 Προσέχετε
3092 5193 3208 5245 ἀπὸ
3236 5191 3354 5246 τῶν
3374 5194 3725 5261 ἀνθρώπων·

2066 5281 2492 5350 παραδώσουσι
2535 5281 2644 5350 γὰρ
2683 5277 2838 5348 ὑμᾶς
2877 5280 2965 5345 είς
3005 5278 3310 5348 συνέδρια,
3354 5280 3450 5334 καί
3490 5281 3564 5334 ἐν
3604 5277 3727 5343 ταῖς

2065 5368 2441 5439 συναγωγαῖς
2477 5367 2676 5422 αὐτῶν
2709 5365 3197 5436 μαστιγώσουσιν
3251 5367 3436 5436 ὑμᾶς·
3480 5367 3580 5421 καὶ
3633 5365 3723 5419 ἐπὶ

2063 5457 2363 5528 ἡγεμόνας
2388 5457 2485 5510 καὶ
2508 5453 2783 5520 ,βασιλεῖς
2812 5452 3154 5521 ἀχθήσεσθε
3188 5452 3396 5507 ἕνεκεν
3432 5452 3610 5522 ἐμοῦ,
3643 5452 3725 5516 είς

388 5590 411 5622 ι
440 5590 514 5660 μή
549 5603 660 5664 om:
777 5587 838 5642 F.
917 5587 1152 5664 "_bv‘:_a.c
1178 5585 1311 5642 Edd.
1390 5589 1527 5664 '_xa_£
1555 5603 1670 5664 οη).
1690 5587 1751 5642 Β.
1782 5587 1870 5664 F._
1919 5592 1937 5664 ξ

2173 5587 2253 5664 εν]
2276 5588 2400 5664 add.
2431 5585 2667 5664 “bv'qegF.
2746 5589 2767 5621 ⁸
2799 5589 2950 5664 ἴσως]
2982 5590 3076 5642 καὶ
3110 5587 3324 5664 ἴσως-Ε.
3361 5585 3476 5664 ἀλλ’
3499 5584 3717 5664 ἴσως-ξ’.

294 5655 573 5724 ίσωςόἱη.
607 5657 670 5714 Β.
695 5655 947 5729 Ngslram
976 5658 1258 5729 lectionem
1300 5660 1458 5729 vertjl
1482 5657 1577 5716 Ge.
1623 5657 1754 5729 Mog
1788 5677 1843 5713 κι

715 5655 947 5729 Ἷρειιτιιη
976 5658 1258 5729 lectionem
1300 5660 1458 5729 vertjl
1482 5657 1577 5716 Ge.
1623 5657 1754 5729 Mog
1788 5661 1882 5713 καὶ
1915 5660 2172 5729 δαίμονας
2201 5655 2264 5711 Ε.

982 5729 1001 5760 ⁷
1027 5727 1180 5799 ὅσον]
1198 5727 1256 5791 ὃς
1282 5729 1375 5782 ἐάν
1407 5727 1467 5781 Β.
1503 5729 1575 5791 ὡς
1603 5728 1696 5782 ἐάν
1717 5727 1778 5782 F.
1814 5727 2018 5784 Deindé
2046 5728 2304 5799 ἀκέραιος
2330 5727 2405 5792 ὡς
2438 5731 2470 5799 ἡ

1188 5836 1203 5869 ι
1230 5807 1284 5852 ει
1316 5799 1518 5869 sic_ed:
1539 5799 1666 5854 Sav.
1744 5800 1786 5831 ιο
1809 5799 2134 5869 ἀμύνασθαι,
2150 5799 2280 5854 Edd.
2311 5808 2365 5854 et

293 5732 314 5763 ‘
339 5731 445 5800 γάρ
464 5729 701 5800 degsth
727 5726 868 5800 Edd.

291 5797 361 5871 τά
395 5797 606 5871 μεγάλα
624 5797 760 5854 Edd.
789 5868 800 5871 _
834 5800 877 5871 ’_
901 5799 1111 5871 Ἐκείνῃ

293 5870 361 5924 ἀν
388 5866 437 5924 έι
465 5866 525 5924 F.
559 5885 611 5939 p.
724 5867 934 5922 κελεύει
964 5869 1026 5921 Α.
1069 5866 1128 5922 Β.
1165 5866 1222 5920 F.
1259 5866 1455 5940 κελεύῃ
1483 5866 1545 5925 C.
1581 5869 1641 5924 D.
1722 5869 1764 5902 "
1805 5886 1838 5938 7

295 5939 520 6005 “.pah...
552 5955 632 6005 μη
666 5937 714 6005 έΙ
744 5941 946 6005 μήτε...
983 5937 1119 6005 μήτε
1139 5935 1198 5991 F.
1232 5935 1330 6005 Ep.

724 5867 934 5922 κελεύει
964 5869 1026 5921 Α.
1069 5866 1128 5922 Β.
1165 5866 1222 5920 F.
1259 5866 1455 5940 κελεύῃ
1483 5866 1545 5925 C.
1581 5869 1641 5924 D.
1722 5869 1764 5902 “
1805 5866 1913 5940 γάρ
1946 5883 2056 5926 om.
2093 5867 2157 5926 Ε.

608 5955 632 6005 η
666 5937 714 6005 έ1
744 5941 946 6005 μήτε...
983 5937 1119 6005 μήτε
1139 5935 1198 5991 F.
1232 5935 1330 6005 Ep.

295 5907 360 6007 τ’(
375 5907 525 6014 εἶξιῗῷ
552 5907 714 6005 fligi]
726 5907 946 6005 ἷῖιῖἶέῗῖ.
964 5907 1198 6006 ’ξὲήέἒίἦ
1211 5907 1330 6006 ἐἶς

2377 5660 2398 5690 ⁸
2427 5658 2531 5730 ὅτι]
2575 5659 2703 5730 ὅταν
2741 5654 2958 5730 οοόὶοεέ
3004 5656 3290 5730 ριἀδιετΕ.
3340 5661 3385 5730 »³
3411 5657 3586 5730 μηδέν
3629 5654 3722 5725 Ep.

2917 5733 2939 5764 ε
2975 5727 3098 5802 μέν]
3127 5728 3248 5802 θείας
3288 5728 3392 5802 γᾴρ
3419 5727 3556 5802 βειιιο
3585 5741 3638 5795 ρο
3666 5741 3721 5802 Ρ·

2397 5747 2405 5790 ;
2438 5745 2470 5799 η
2502 5745 2628 5799 περ.
2662 5745 2728 5781 Α.
2756 5745 2815 5781 υ.
2917 5745 2939 5764 ο
2975 5745 3098 5802 μεν]
3127 5745 3248 5782 aaa.
3288 5745 3392 5850 γῗίρ
3419 5745 3556 5780 nua.
3585 5745 3638 5795 p.
3671 5745 3721 5793 ι».

2397 5814 2480 5874 pr.
2522 5797 2947 5874 D.__“__"03_1tep
2985 5799 3184 5874 73100!
3223 5797 3287 5852 Δ.
3338 5867 3349 5874 ⁸
3379 5795 3723 5874 αθάπερῃγάρ

2267 5870 2310 5901 ¹³
2350 5864 2560 5939 εἴδομεν
2606 5867 2668 5925 F.
2708 5869 2874 5928 Paulo
2905 5864 3029 5927 infe
3062 5864 3228 5940 βλέπε
3268 5867 3361 5923 καὶ
3395 5865 3456 5920 τό
3499 5864 3575 5923 ιτ.
3598 5864 3719 5922 Sav.

2502 5728 2628 5799 περ.
2662 5728 2728 5781 Α.
2756 5729 2815 5781 B.
