3900 6194
239 247 343 311 359

237 375 488 423 Attamen
523 363 591 421 de
633 379 693 420 se
729 363 858 420 nihil
902 363 1078 419 adhuc
1113 365 1281 430 dicit,
1310 380 1501 436 nempe
1531 366 1672 435 quod
1707 366 1820 420 vin-

236 458 462 516 ciendos
485 466 658 524 esset,
687 456 1033 529 flagellandus
1059 498 1072 518 ,
1105 456 1431 513 occidendus
1451 497 1466 522 ,
1511 474 1578 513 ne
1618 456 1696 512 sic
1730 474 1824 514 eo-

237 569 355 607 rum
384 551 720 622 perturbaret
743 551 971 614 animos,
999 549 1092 604 sed
1121 550 1329 605 interim
1354 566 1472 620 qua:
1503 550 1632 618 ipsis
1657 566 1823 608 even-

239 654 354 698 tura
390 645 512 698 sint.
539 641 878 712 przenuntiat.
913 641 1111 696 Deinde
1139 649 1196 696 ut
1226 641 1454 704 discant,
1484 657 1674 695 novam
1706 655 1827 695 esse

239 734 376 788 hanc
402 732 632 788 bellandi
657 733 848 804 legem,
872 741 926 787 et
954 730 1247 787 inauditum
1276 732 1408 786 aciei
1437 732 1674 791 modum.
1701 747 1825 787 cum

239 826 414 881 nudos
441 826 648 890 mittat,
677 839 780 879 una
808 824 1022 878 indutos
1050 824 1226 880 tunica
1251 865 1266 889 ,
1302 823 1421 878 sine
1449 823 1645 878 calceis
1664 863 1680 890 ,
1711 823 1829 879 sine

240 923 407 989 virga,
453 919 572 973 sine
609 918 821 988 cingulo
851 917 933 972 vel
965 931 1119 985 pera,
1153 931 1286 988 quos
1318 916 1387 970 ali
1411 916 1561 986 jubet
1586 915 1655 969 ab
1686 917 1829 970 exci-

239 1011 541 1081 pientibns,
571 1024 675 1063 non
701 1008 786 1062 hic
808 1009 968 1062 finem
995 1004 1207 1062 dicendi
1241 1006 1401 1072 facit,
1433 1007 1526 1061 sed
1555 1021 1705 1060 suam
1737 1021 1826 1060 os-

239 1104 472 1158 tendens
507 1101 825 1157 ineffabilem
868 1101 1160 1169 potentiam
1207 1100 1334 1154 dicit
1377 1117 1389 1154 :
1433 1099 1522 1154 Sic
1570 1099 1828 1153 abeuntes

235 1197 416 1250 ovium
456 1193 916 1250 mansuetudinem
965 1193 1232 1258 exhibete,
1262 1193 1472 1247 etiamsi
1509 1204 1694 1247 contra
1743 1193 1827 1247 lu~

240 1307 335 1356 ρος
367 1289 526 1352 ituri;
557 1303 654 1344 nec
670 1288 828 1342 modo
850 1295 1034 1341 contra
1066 1287 1240 1356 lupos,
1271 1287 1365 1343 sed
1391 1286 1552 1342 etiam
1580 1285 1645 1341 In
1668 1288 1828 1340 medio

235 1382 495 1450 luporum.
528 1380 711 1450 Neque
749 1389 950 1434 tantum
986 1379 1164 1434 ovium
1197 1379 1656 1434 mansuetudinem
1680 1379 1830 1448 jubet

239 1473 473 1538 habere,
506 1473 598 1528 sed
629 1474 792 1527 etiam
820 1473 1215 1541 simplicitatem
1252 1472 1534 1527 columbae.
1572 1471 1660 1528 Sic
1695 1488 1830 1542 prte-

236 1566 423 1618 sertim
466 1580 635 1618 meam
678 1562 954 1617 ostendam
976 1563 1368 1625 fortitudinem.
1391 1579 1510 1619 cum
1533 1579 1660 1619 oves
1677 1564 1830 1634 lupos

236 1657 484 1718 vicerint,
518 1655 726 1709 etiamsi
756 1655 809 1707 in
835 1655 1010 1708 medio
1040 1655 1286 1725 luporum
1310 1655 1436 1721 sint,
1459 1664 1512 1709 et
1538 1655 1830 1710 innumeris

239 1746 512 1799 morsibus
552 1744 874 1810 lacerentur,
909 1760 1009 1799 nec
1056 1745 1214 1798 modo
1256 1761 1360 1800 non
1401 1744 1699 1810 deleantur,
1732 1744 1828 1800 sed

237 1840 400 1891 etiam
433 1837 589 1906 lupos
630 1845 975 1900 convertant;
1007 1838 1150 1907 quod
1184 1838 1340 1907 longe
1381 1837 1677 1894 mirabilius
1721 1849 1824 1906 est,

234 1939 292 1983 et
325 1930 500 1996 majus
528 1943 684 1998 quam
725 1929 770 1982 si
801 1928 1096 1983 occiderent
1119 1969 1133 1993 ,
1162 1929 1205 1982 si
1236 1944 1427 1998 nempe
1468 1928 1677 1983 illorum
1708 1945 1829 1982 mu-

237 2029 355 2075 tent
386 2021 711 2074 voluntatem
738 2059 752 2085 ,
783 2019 1126 2090 animumque
1167 2006 1552 2074 transforment
1581 2037 1594 2074 :
1624 2029 1679 2075 et
1716 2019 1831 2074 lucc

235 2127 362 2166 eum
387 2113 461 2166 illi
489 2111 768 2167 duodecim
797 2120 980 2166 essent
1005 2119 1208 2166 tantum
1235 2153 1249 2176 ,
1278 2121 1332 2167 et
1356 2120 1497 2167 totus
1519 2111 1664 2166 orbis
1693 2112 1830 2181 lupis

235 2215 384 2259 esset
413 2206 619 2274 plenus.

314 2297 445 2350 Oves
488 2295 673 2351 Christi
704 2296 941 2360 vincunt,
988 2295 1098 2366 lupi
1127 2298 1411 2351 vincuntur.
1439 2326 1509 2334 —
1536 2294 1830 2350 Erubesca-

237 2402 360 2441 rnus
393 2389 571 2457 igitur,
600 2387 686 2458 qui
720 2399 904 2442 contra
935 2387 1224 2454 facientes,
1258 2388 1405 2458 quasi
1440 2387 1546 2457 lupi
1581 2386 1827 2440 inimicos

238 2472 561 2525 invadimus.
617 2471 880 2538 Quamdiu
934 2471 1074 2527 enim
1105 2486 1236 2526 oves
1275 2485 1497 2536 sumus,
1543 2470 1828 2535 vincimus,

237 2575 401 2635 atque
441 2564 540 2619 etsi
564 2555 856 2619 innumeris
878 2564 1191 2619 circumdati
1237 2563 1373 2633 lupis
1399 2577 1752 2631 superamus;
1785 2563 1828 2616 si

238 2667 370 2709 vero
396 2654 505 2724 lupi
527 2653 841 2719 efﬁciamur,
866 2656 1128 2709 vincimur
1153 2673 1166 2709 :
1198 2653 1424 2724 pastoris
1452 2653 1648 2723 quippe
1678 2654 1828 2708 auxi-

239 2742 313 2799 lio
341 2745 702 2800 destituimur.
723 2743 834 2802 Non
859 2746 1002 2799 enim
1035 2745 1122 2800 ille
1147 2744 1321 2815 lupos,
1348 2743 1442 2798 sed
1472 2759 1598 2798 oves
1620 2753 1789 2815 pascrt
1813 2760 1828 2809 ;

239 2845 368 2891 tunc
408 2844 582 2891 autem
630 2847 682 2892 te
731 2837 984 2907 relinquit
1009 2849 1073 2891 ac
1110 2835 1376 2891 discedit:
1406 2835 1530 2906 quia
1564 2851 1668 2889 non
1699 2836 1832 2892 sinis

240 2921 390 2981 illum
417 2927 664 2982 virtutem
692 2943 840 2983 suam
866 2928 1168 2984 ostendere.
1192 2927 1247 2982 Si
1275 2926 1416 2982 enim
1442 2938 1661 2983 vexatus
1679 2945 1830 2983 man-

239 3015 580 3075 suetudinem
608 3019 886 3085 exhibeas,
908 3022 1006 3091 ipsi
1032 3030 1197 3076 totum
1223 3021 1528 3076 attribuitur
1550 3030 1829 3091 trop‘rum;

241 3113 325 3166 siu
354 3113 549 3168 exieris
592 3113 1045 3184 pugnaverisque,
1097 3113 1377 3168 victoriam
1427 3110 1702 3167 obscuras.
1754 3112 1830 3166 Tu

241 3216 370 3257 vero
413 3202 543 3257 mihi
587 3201 865 3258 considera
909 3205 1124 3273 quinam
1171 3203 1278 3256 sint
1322 3202 1378 3266 ii,
1420 3203 1509 3271 qui
1554 3200 1668 3256 hate
1694 3200 1828 3257 dura

241 3291 616 3365 laboriosaque
638 3304 900 3366 praecepta
918 3293 1137 3348 auditmt
1162 3312 1172 3346 :
1201 3293 1529 3348 formidolosi
1561 3292 1827 3356 homines,

242 3389 464 3451 idiotas;
514 3387 748 3442 illiterati
769 3429 784 3455 ,
814 3395 870 3442 et
908 3386 1104 3441 indocti
1138 3402 1154 3452 ;
1201 3399 1419 3456 prorsus
1450 3385 1703 3450 obscuri;
1733 3386 1821 3454 qui

245 3488 563 3535 exterorum
609 3478 756 3549 leges
793 3477 1142 3548 ignorabant.
1175 3477 1263 3546 qui
1293 3491 1396 3530 non
1439 3476 1490 3529 in
1532 3475 1706 3530 forum
1739 3475 1832 3530 de-

243 3571 606 3634 scenderant;
637 3570 952 3640 piscatores,
983 3568 1269 3637 publicani,
1309 3565 1361 3620 in
1390 3566 1637 3620 omnibus
1667 3565 1832 3619 imbe-

242 3663 416 3717 cilles.
446 3660 600 3728 Quod
638 3661 680 3714 si
729 3661 842 3715 inec
887 3659 967 3714 vel
1011 3673 1202 3730 magno
1235 3657 1488 3728 praeditos
1530 3657 1742 3728 ingenio
1778 3666 1834 3712 et

241 3753 425 3806 animo
447 3751 591 3806 viros
613 3749 824 3805 turbare
847 3759 1086 3820 possunt.
1111 3747 1382 3817 quomodo
1404 3763 1508 3803 non
1533 3748 1831 3818 petuissent

244 3844 524 3915 imperitos
551 3842 920 3913 homines,qui
951 3841 1080 3896 nihil
1101 3841 1348 3912 generosi
1377 3855 1626 3909 umquam
1655 3840 1833 3894 animo

241 3942 621 4006 conceperant,
645 3934 880 4003 dejicere
908 3941 1066 4003 atque
1094 3929 1430 4002 pereellere?
1455 3930 1524 3984 At
1550 3945 1655 3984 non
1679 3929 1832 3996 deje-

241 4044 391 4086 cere.
420 4027 585 4094 quue
605 4026 724 4096 jure
756 4023 982 4091 merito,
1008 4023 1149 4079 dicet
1179 4023 1315 4079 forte
1343 4020 1605 4093 quispiam
1636 4041 1650 4076 :
1684 4021 1835 4077 dedit

245 4122 386 4175 enim
415 4119 520 4173 illis
547 4127 860 4187 potestatem
894 4115 1167 4170 dtemonas
1187 4113 1465 4184 ejiciendi,
1497 4127 1559 4167 ac
1589 4112 1834 4182 leprosos

244 4211 560 4268 mandandi.
596 4210 708 4281 Ego
736 4219 912 4264 autem
957 4207 1181 4263 dixerim
1204 4248 1218 4270 ,
1258 4205 1360 4259 hoc
1397 4205 1569 4274 ipsum
1599 4204 1835 4258 maxime

243 4305 366 4357 illos
392 4301 611 4356 turbare
641 4300 900 4369 potuisse,
925 4297 1064 4369 quod
1094 4296 1194 4351 etsi
1218 4304 1459 4350 mortuos
1487 4294 1830 4359 suscitarent,

243 4396 364 4449 ha-c
412 4403 593 4448 tamen
640 4390 992 4445 intolerabilia
1038 4387 1247 4457 passuri
1295 4393 1489 4449 erant;
1531 4382 1832 4447 tribunalia,

242 4486 598 4540 abductiones
618 4482 684 4538 ad
714 4496 920 4545 necem,
945 4479 1141 4533 bellum
1169 4477 1424 4532 adversus
1445 4489 1654 4538 omnes,
1686 4488 1833 4528 com-

245 4594 408 4633 mune
439 4577 604 4631 totius
632 4575 778 4629 orbis
817 4572 997 4627 odium
1021 4613 1034 4636 ,
1058 4580 1112 4626 et
1143 4570 1255 4623 hare
1291 4568 1416 4623 dum
1450 4567 1703 4621 miracula
1744 4579 1836 4635 pa-

245 4679 473 4723 trarent.
507 4667 636 4735 Quae
679 4665 977 4721 consolatio
1026 4663 1163 4716 inter
1215 4668 1294 4715 tot
1343 4669 1595 4729 tantaque
1651 4656 1835 4710 mala?

249 4761 508 4816 Mittcntis
541 4759 794 4828 polentia.
828 4756 1030 4811 Idcirco
1058 4754 1173 4808 haec
1199 4750 1459 4822 prtemisit
1488 4749 1604 4803 aliis
1626 4747 1832 4810 dicens,

249 4854 384 4908 Ecce
404 4870 495 4922 ego
524 4851 667 4905 mitto
694 4866 802 4906 vos.
836 4849 948 4903 [loc
976 4844 1126 4900 vobis
1156 4843 1221 4899 ad
1251 4841 1675 4899 consolationem
1704 4839 1837 4894 satis

247 4955 371 5009 est,
408 4943 714 5014 sufficitque
739 4941 806 4996 ad
835 4939 1081 4994 fiduciam
1106 4934 1420 4993 sumendam
1463 4933 1838 5001 neminemque

247 5037 682 5092 adversariorum
712 5030 1162 5086 formidandum‘.

323 5128 378 5183 2.
399 5129 570 5195 Quare
581 5124 807 5179 Christus
823 5122 1066 5193 apostolis
1078 5120 1242 5174 ovium
1254 5118 1596 5187 infirmitatem
1616 5114 1834 5183 reliquit.

250 5218 540 5277 Prudentia
565 5215 808 5284 serpentis
827 5228 958 5285 qum.
980 5241 1054 5253 -—-
1071 5208 1233 5265 Vides
1260 5205 1666 5264 auctoritatem?
1693 5205 1840 5259 vides

250 5307 594 5382 potentiam?
640 5306 788 5360 vides
825 5302 1076 5359 virtutem
1126 5295 1637 5370 inexpugnabilem?
1687 5286 1840 5362 Quod

247 5412 432 5457 autem
477 5397 638 5461 dicit,
675 5394 976 5464 huiusmodi
1019 5400 1103 5449 est
1131 5409 1144 5446 :
1175 5390 1254 5447 Ne
1289 5387 1612 5454 turbemini,
1645 5387 1837 5456 inquit,

248 5493 393 5562 quod
416 5505 538 5546 cum
559 5505 652 5544 vos
673 5488 812 5542 inter
833 5489 984 5557 lupos
1007 5484 1236 5546 mittam,
1255 5490 1315 5537 ut
1329 5496 1456 5536 oves
1483 5489 1537 5536 et
1556 5487 1614 5534 ut
1633 5478 1841 5533 colum-

251 5587 350 5643 bas
373 5600 495 5641 esse
513 5583 750 5653 jubeam.
779 5579 1117 5636 Contrarium
1149 5585 1402 5648 prznstare
1425 5582 1686 5643 poteram,
1715 5584 1839 5625 vos-

322 5743 338 5776 ³
370 5740 570 5800 quidam
589 5733 1015 5798 habent,n~ihilque
1039 5734 1347 5785 adversorum
1366 5727 1746 5796 formidandum.

1117 240 1181 306 ΙΝ
1221 243 1624 308 MATTII/EUM
1666 251 1892 307 llOMIL.
1938 251 2172 308 XXXlll.
2213 255 2282 308 al.
2328 253 2568 310 XXXIV.

1936 352 2039 436 «ιιιὲ
2076 369 2285 424 mittere
2322 370 2453 424 nihil
2497 383 2749 438 passuros
2785 371 2909 426 mali
2937 412 2951 436 ,
2981 385 3079 428 nec
3118 380 3176 428 ut
3211 387 3340 430 oves
3380 375 3494 446 lllpt

1932 459 2196 530 subjicere
2216 501 2234 528 ,
2261 460 2356 516 sed
2391 461 2630 516 leonibus
2659 460 3108 520 formidabiliores
3133 464 3394 532 reddere;
3421 467 3517 524 sed

1933 550 2004 606 ita
2035 553 2146 606 fieri
2189 568 2282 622 par
2309 562 2392 608 est
2422 571 2435 606 :
2470 553 2572 607 hoc
2597 562 2651 608 et
2682 569 2775 609 vos
2811 555 3204 624 splendidiores
3229 558 3428 624 efficit,
3461 571 3516 615 et

1933 643 2222 710 potentiam
2268 659 2442 697 meam
2483 643 2752 712 praedicat.
2801 644 2913 699 lloc
2952 655 3006 700 et
3050 646 3213 701 Paulo
3258 647 3516 707 dicebat:

1933 735 2127 805 Sat/ﬁcit
2157 735 2244 789 tibi
2267 737 2432 805 gratia
2455 752 2605 801 mea;
2633 754 2750 791 nam
2784 737 2939 791 virtus
2981 755 3093 791 mea
3135 740 3188 793 in
3228 741 3521 808 inﬁrmitate

1933 827 2192 896 perﬁcitur
2209 827 2284 897 (2.
2314 826 2434 882 Cor.
2467 827 2552 882 12.
2575 828 2652 898 9).
2681 828 2790 900 Ego
2818 831 2996 898 itaque
3023 831 3100 885 sic
3126 846 3222 887 vos
3242 833 3516 888 constitui.

1932 916 2064 972 Cum
2094 918 2235 972 enim
2265 918 2414 984 dicit,
2451 918 2558 989 figo
2591 921 2733 974 mitto
2761 937 2846 974 vos
2871 920 3000 975 sicut
3027 937 3159 988 oves,
3197 921 3299 978 hoc
3323 924 3515 978 subin-

1933 1007 2074 1062 dicat
2104 1025 2119 1063 :
2160 1007 2238 1062 Ne
2286 1009 2461 1078 itaque
2491 1009 2670 1064 animo
2696 1008 2954 1065 deficiatis
2981 1027 2994 1064 ε
3026 1012 3146 1066 novi
3180 1012 3322 1067 enim
3348 1051 3365 1079 ,
3397 1017 3520 1069 novi

1934 1101 2136 1169 utique,
2171 1114 2268 1155 vos
2291 1100 2369 1154 sic
2401 1101 2647 1156 omnibus
2676 1101 3112 1173 inexpugnabiles
3130 1103 3262 1159 fore.
3297 1105 3519 1173 Deinde,

1935 1199 1991 1244 ut
2019 1189 2286 1259 quidpiam
2318 1190 2415 1261 ipsi
2439 1206 2503 1245 ex
2535 1207 2594 1246 se
2620 1191 2940 1260 proferrent,
2971 1208 3072 1247 nec
3097 1195 3274 1249 omnia
3297 1211 3363 1250 ex
3393 1212 3517 1266 gra-

1935 1282 2006 1336 tia
2035 1282 2296 1350 proficisci
2328 1283 2637 1338 viderentur
2657 1325 2671 1348 ,
2706 1299 2877 1354 neque
2920 1287 3037 1340 sine
3064 1301 3224 1340 causa
3269 1291 3517 1342 coronari

1933 1383 2264 1444 putarentur,
2296 1375 2369 1429 ait
2393 1396 2405 1430 :
2433 1374 2605 1430 Estote
2633 1392 2751 1447 ergo
2779 1378 3048 1446 prudentes
3073 1379 3202 1432 sicut
3230 1391 3482 1448 serpentes
3503 1423 3520 1447 ,

1933 1475 1979 1519 et
2017 1465 2272 1536 simplices
2299 1467 2430 1520 sicut
2460 1457 2723 1522 columba.
2755 1469 2821 1523 Et
2852 1469 2979 1539 quid
3018 1470 3294 1539 prudentia
3337 1482 3519 1527 nostra

1934 1557 2134 1625 possit,
2167 1556 2411 1626 inquiunt
2437 1595 2452 1623 ,
2481 1557 2534 1612 in
2566 1567 2640 1613 tot
2679 1560 2967 1629 periculis?
2992 1562 3259 1632 quomodo
3287 1564 3521 1632 pruden-

1935 1648 2059 1703 tiam
2086 1647 2283 1705 habere
2309 1651 2622 1720 poterimus,
2648 1659 2726 1706 tot
2754 1653 2934 1721 agitati
2966 1653 3214 1709 fluctibus
3237 1656 3260 1707 ?
3286 1657 3526 1723 Quanta-

1934 1756 2163 1811 cumque
2201 1742 2478 1812 prudentia
2519 1744 2589 1798 sit
2633 1744 2853 1813 praedita
2875 1745 3025 1811 ovis,
3055 1760 3176 1800 cum
3205 1746 3344 1802 inter
3367 1748 3522 1818 lupos

1934 1833 2023 1899 sit,
2049 1843 2106 1889 et
2135 1843 2334 1888 tantum
2368 1835 2614 1904 luporum
2649 1851 2959 1900 numerum,
2986 1836 3112 1906 quid
3142 1838 3333 1906 poterit
3361 1841 3520 1908 perfi-

1934 1926 2094 1979 cere?
2133 1935 2561 1996 quantacumque
2602 1927 2673 1982 sit
2713 1926 2976 1981 columba:
3013 1927 3366 1997 simplicitas,
3393 1930 3520 1998 quid

1935 2016 2007 2070 illi
2030 2016 2272 2086 juvabit,
2308 2026 2386 2072 tot
2421 2017 2740 2073 instantibus
2779 2018 3161 2088 accipitribus?
3189 2019 3244 2074 lu
3275 2020 3356 2074 his
3379 2031 3525 2076 certe

1935 2107 2388 2164 irrationabilibus
2417 2109 2570 2174 nihil,
2601 2109 2654 2164 in
2675 2109 2826 2164 vobis
2852 2118 3030 2165 autem
3058 2111 3279 2165 multum
3295 2111 3521 2181 juvabit.

1933 2197 2037 2254 Sed
2061 2198 2338 2255 videamus
2364 2215 2522 2270 quam
2551 2200 2637 2256 hic
2655 2200 2990 2271 prudentiam
3008 2201 3203 2273 exigat.
3227 2202 3515 2274 Serpentis,

1936 2290 2123 2360 inquit.
2150 2290 2608 2358 Quemadmodum
2641 2291 2731 2347 ille
2757 2292 2933 2347 omnia
2965 2292 3145 2356 tradit,
3172 2294 3379 2349 etiamsi
3401 2309 3527 2350 eor-

1938 2397 2034 2452 pus
2078 2382 2237 2437 incidi
2281 2391 2561 2452 oporteat,
2612 2397 2720 2437 non
2762 2381 3048 2438 admodum
3077 2394 3336 2455 repugnat
3361 2385 3524 2450 ,dum

1935 2482 2093 2545 caput
2119 2483 2367 2529 servetur
2399 2492 2411 2527 :
2442 2473 2522 2530 sic
2543 2482 2596 2528 et
2627 2482 2705 2540 tu,
2736 2473 2924 2543 inquit,
2955 2483 3173 2543 excepta
3199 2476 3321 2537 fide.
3346 2478 3522 2532 inania

1938 2568 2086 2623 trade
2110 2608 2123 2632 .
2172 2567 2458 2637 pecunias,
2501 2581 2695 2636 corpus
2717 2607 2731 2631 ,
2757 2566 2864 2620 imo
2888 2566 3052 2635 ipsam
3080 2566 3333 2621 animam.
3367 2567 3526 2624 Fides

1935 2661 2078 2715 enim
2122 2669 2281 2729 caput
2329 2668 2410 2713 est
2453 2667 2507 2714 et
2552 2658 2743 2713 radix:
2775 2657 2968 2727 illaque
3011 2667 3216 2712 servata
3242 2698 3258 2724 ,
3306 2659 3516 2715 etiamsi

1936 2751 2113 2806 omnia
2157 2750 2402 2804 amiseris
2426 2791 2441 2816 ,
2487 2749 2664 2803 omnia
2695 2757 2879 2819 postea
2910 2749 3266 2804 abundantius
3295 2766 3521 2822 recupe-

1937 2843 2099 2898 rabis.
2149 2840 2274 2895 Ideo
2305 2857 2408 2894 non
2438 2841 2732 2909 simplicem
2783 2850 2983 2895 tantum
3009 2880 3025 2908 ,
3059 2856 3161 2897 nec
3206 2843 3520 2912 prudentem

1937 2933 2110 2988 solum
2140 2947 2259 2987 esse
2288 2932 2578 3002 praecepit,
2625 2931 2718 2986 sed
2751 2929 2864 2987 hwc
2894 2932 3050 2987 ambo
3079 2933 3329 3000 miscuit;
3364 2936 3433 2990 ita
3466 2945 3526 2992 ut

1937 3025 2053 3079 lucc
2103 3024 2270 3078 virtus
2337 3039 2465 3078 vere
2533 3022 2693 3088 sint;
2759 3022 3202 3094 prudentiamque
3263 3028 3521 3096 serpentis

1936 3118 2244 3189 assumpsit,
2278 3127 2334 3171 ut
2364 3132 2430 3171 ne
2459 3115 2632 3172 letalia
2664 3115 2884 3171 vulnera
2911 3117 3180 3187 accipias;
3212 3117 3525 3188 simplicita-

1937 3220 2043 3266 tem
2074 3224 2204 3266 vero
2228 3209 2510 3274 columbae,
2545 3215 2602 3262 ut
2631 3222 2698 3263 ne
2727 3207 2980 3263 laedentes
3003 3218 3054 3264 te
3076 3208 3365 3276 ulciscaris,
3390 3224 3525 3266 neve

1937 3301 2250 3358 insidiantes
2273 3315 2367 3370 per
2398 3299 2681 3354 vindictam
2708 3313 2958 3353 amoveas
2990 3319 3002 3352 :
3032 3299 3163 3353 nihil
3193 3300 3334 3354 enim
3363 3300 3524 3370 prod-

1935 3401 2019 3450 est
2043 3391 2341 3464 prudentia,
2366 3392 2466 3447 nisi
2489 3391 2590 3446 hoc
2610 3390 2767 3444 adsit.
2792 3389 2927 3457 Quid
2955 3405 3080 3460 ergo
3106 3390 3274 3460 magis
3298 3390 3521 3444 arduum

1937 3483 2020 3539 his
2070 3481 2387 3555 praeceptis?
2439 3480 2554 3537 Non
2605 3481 2749 3536 enim
2801 3479 2933 3535 satis
2974 3488 3089 3534 erat
3133 3480 3272 3534 mala
3299 3481 3524 3536 subire?

1937 3581 2052 3638 Non
2073 3621 2090 3649 ,
2119 3579 2289 3650 inquit
2310 3578 2437 3644 ille;
2476 3576 2572 3633 sed
2601 3576 2759 3631 etiam
2791 3591 2858 3630 ne
2886 3573 3174 3645 indigneris
3216 3581 3358 3630 veto.
3410 3573 3524 3629 l-loc

1938 3675 2082 3731 enim
2113 3671 2179 3728 ad
2208 3671 2509 3728 columbam
2538 3669 2789 3740 pertinet.
2836 3669 2914 3722 Ac
2958 3667 3004 3722 si
3033 3668 3153 3736 quis
3177 3666 3440 3723 calamum
3469 3667 3520 3721 in

1938 3773 2112 3840 ignem
2152 3766 2372 3822 mittens
2395 3802 2413 3832 ,
2453 3763 2665 3834 juberet
2709 3776 2813 3816 non
2841 3760 2921 3815 uri
2948 3760 3016 3814 ab
3044 3760 3186 3828 igne,
3219 3758 3312 3814 sed
3344 3759 3517 3828 ignem

1937 3859 2295 3928 exstinguere.
2325 3855 2522 3910 Verum
2549 3868 2616 3908 ne
2646 3851 2920 3908 turbemur
2948 3867 2961 3902 :
2993 3849 3107 3903 hare
3132 3856 3184 3904 et
3212 3861 3524 3914 evenerunt,

1937 3961 1992 4008 et
2015 3951 2174 4006 finem
2199 3955 2542 4018 acceperunt,
2570 3944 2804 4014 ipsisque
2825 3942 3076 4013 operibus
3099 3940 3340 3996 exhibita
3361 3953 3485 3996 sunt
3514 3962 3526 3997 :

1942 4041 2232 4113 prudentes
2259 4039 2402 4095 enim
2425 4037 2641 4092 fuerunt
2669 4036 2808 4091 sicut
2835 4046 3116 4106 serpentes
3141 4073 3155 4097 ,
3187 4041 3242 4088 et
3261 4033 3533 4103 simplices

1940 4140 2078 4196 sicut
2103 4137 2364 4193 columbae
2393 4153 2407 4190 :
2439 4150 2544 4190 non
2571 4132 2713 4204 quod
2741 4149 2806 4188 ex
2833 4132 2934 4186 alia
2962 4115 3150 4185 natura
3181 4140 3398 4194 essent,
3430 4133 3526 4185 sed

1940 4248 2007 4289 ex
2051 4232 2237 4288 eadem
2291 4245 2395 4300 qua
2436 4243 2536 4283 nos
2580 4236 2752 4283 erant.
2793 4225 2871 4281 Ne
2919 4226 3039 4295 quis
3081 4239 3210 4294 ergo
3238 4233 3386 4294 putet
3416 4224 3531 4279 luce

1940 4332 2204 4393 pra-cepta
2232 4319 2440 4388 impleri
2467 4332 2570 4371 non
2599 4330 2774 4386 posse.
2805 4315 2921 4369 Prre
2947 4314 3195 4368 omnibus
3221 4313 3366 4367 enim
3409 4314 3531 4367 aliis

1942 4417 2057 4485 ipse
2082 4413 2228 4468 novit
2257 4426 2434 4466 rerum
2466 4417 2708 4463 naturam
2741 4424 2754 4461 :
2794 4405 2941 4460 novit
2966 4405 3220 4459 ferociam
3256 4418 3362 4457 non
3394 4405 3533 4457 fero-

1941 4507 2044 4569 cia,
2095 4503 2191 4560 sed
2237 4498 2603 4556 moderatione
2656 4496 2931 4567 restingui.
2983 4494 3135 4562 Quod
3179 4495 3223 4549 si
3267 4495 3440 4564 reipsa
3483 4506 3538 4548 et

1942 4617 2106 4671 opere
2151 4599 2202 4654 id
2230 4598 2412 4653 videre
2439 4597 2591 4660 velis,
2623 4595 2738 4666 lege
2780 4595 2974 4649 librum
3005 4594 3231 4648 Actuum
3262 4595 3538 4664 apostolo-

1942 4708 2095 4758 rum,
2147 4691 2458 4759 videbisque
2505 4687 2717 4760 quoties
2766 4685 2964 4741 ludatis
3013 4685 3438 4756 insurgentibus,
3485 4696 3537 4739 et

1943 4784 2130 4839 dentes
2175 4783 2489 4837 acuentibus
2512 4821 2528 4846 ,
2571 4778 2623 4834 hi
2663 4776 2962 4833 columbam
2995 4776 3296 4842 imitantes,
3330 4787 3384 4830 et
3414 4790 3534 4830 cum

1944 4875 2312 4931 moderatione
2353 4873 2533 4929 debita
2574 4872 2876 4940 loquentes,
2909 4868 3124 4923 illorum
3154 4867 3387 4922 furorem
3434 4881 3531 4920 ex-

1944 4970 2248 5032 stinxerint,
2296 4968 2429 5022 iram
2475 4965 2772 5036 placarint,
2825 4964 3078 5032 impetum
3109 4957 3365 5016 sedarint.
3398 4959 3531 5013 Nam

1945 5078 2066 5117 cum
2091 5062 2332 5116 dicerent
2357 5076 2369 5111 :
2402 5058 2588 5113 Nonne
2616 5055 2944 5127 praecepitnus
2968 5054 3104 5109 vobis
3129 5069 3191 5106 ne
3212 5051 3538 5120 loqueremini

1945 5158 1997 5209 in
2044 5153 2244 5207 nomine
2281 5152 2377 5205 isto
2407 5150 2544 5220 (Act.
2593 5149 2649 5203 5.
2676 5145 2824 5216 28)?
2849 5144 2948 5200 etsi
2979 5143 3230 5197 miracula
3258 5142 3534 5196 innumera

1947 5257 2162 5318 patrare
2189 5249 2425 5314 possent,
2461 5238 2591 5294 nihil
2617 5249 2865 5306 asperum
2891 5234 2974 5288 vel
3000 5232 3246 5287 dixerunt
3274 5231 3356 5286 vel
3386 5229 3534 5286 fece-

1947 5347 2093 5404 runt,
2121 5335 2214 5391 sed
2239 5349 2360 5390 cum
2387 5330 2530 5386 omni
2562 5343 2684 5384 sese
2709 5323 3118 5382 mansuetudine
3143 5330 3437 5394 purgarunt
3457 5321 3537 5374 di-

1949 5439 2133 5486 centes
2169 5443 2184 5481 :
2217 5425 2276 5480 Si
2310 5424 2506 5492 justum
2529 5429 2601 5474 est
2637 5434 2723 5473 vos
2751 5416 2929 5471 audire
2959 5425 3126 5486 potius
3157 5430 3307 5484 quam
3339 5413 3501 5466 Deum
3524 5453 3539 5474 ,

1941 5522 2168 5594 judicate
2196 5514 2356 5588 (Ibid.
2376 5514 2425 5570 4.
2451 5511 2562 5580 l9).
2593 5508 2780 5565 Vidisti
2804 5507 3202 5578 simplicitatem
3225 5503 3489 5560 eolumb:e
3513 5504 3538 5557 τ

1955 5613 2082 5668 Vide
2114 5607 2444 5681 prudentiam
2485 5602 2773 5674 serpentis.
2817 5599 2940 5656 Non
2960 5599 3092 5655 enim
3117 5613 3421 5671 possumus,
3455 5595 3537 5649 iu-

1953 5706 2158 5776 quiunt,
2179 5716 2287 5769 qua‘
2309 5698 2518 5752 uidimus
2536 5706 2579 5750 et
2596 5695 2876 5750 audivimus
2895 5711 2992 5748 non
3013 5693 3148 5762 loqui
3169 5690 3328 5762 (Ibid.
3354 5706 3400 5742 ιο.
3420 5689 3537 5760 20).
