3900 6194
452 356 636 413 Viden'
659 356 931 428 quomodo
959 372 1058 413 nos
1088 359 1322 430 ttndique
1349 372 1595 416 accurate
1630 363 1838 417 munire
1866 356 2027 432 opor-

446 458 575 514 teat,
607 459 659 503 ιιι
691 466 757 504 ne
784 450 869 505 vel
900 451 1150 520 periculis
1170 452 1483 522 dejieiamur
1506 495 1521 515 ,
1552 454 1631 507 vel
1663 454 1739 508 ira
1771 452 2024 508 inccnda~

444 543 601 595 mur?
622 540 821 595 Idcirco
841 541 1048 596 dicebat
1070 560 1082 596 :
1104 543 1189 597 17.
1211 544 1388 598 Carete
1410 544 1471 597 ab
1493 545 1776 599 hominibus
1793 560 1811 597 :
1832 544 2029 599 tradent

444 633 577 684 enim
608 649 690 685 ros
718 634 771 685 in
800 633 1025 686 conciliis
1050 675 1063 695 ,
1096 644 1141 687 et
1171 635 1222 687 in
1251 636 1522 705 sgnngogis
1555 636 1659 689 suis
1697 635 2027 705 ﬂagellabant

445 741 528 776 vos
565 742 581 778 :
619 727 698 780 l8.
732 735 778 780 et
807 726 875 778 ad
905 726 1143 795 prmities
1171 737 1219 779 et
1256 744 1395 797 reges
1423 729 1672 781 ducemini
1710 730 1761 781 in
1803 729 2025 781 testimo-

445 834 585 868 nium
631 818 735 869 illis
784 826 831 869 et
874 816 1119 886 gentibus.
1171 817 1372 871 Rursus
1426 818 1542 871 illos
1589 819 1656 872 ad
1702 818 2024 889 vigilandum

446 917 727 976 pra-parat,
753 908 944 975 ubique
962 908 1220 969 indicens,
1243 918 1299 961 ut
1321 910 1456 962 mala
1481 910 1767 980 patiantur,
1788 912 2025 981 aliosque

444 999 579 1052 mala
628 1000 825 1054 inferre
876 1002 1079 1062 sinens,
1127 1009 1187 1054 ut
1210 1000 1404 1063 discas,
1460 1002 1600 1056 male
1649 1003 1896 1071 patiendo
1942 1005 2022 1057 vi-

440 1089 663 1143 ctoriam
712 1090 1013 1159 reportari,
1055 1078 1291 1160 hincque
1323 1102 1519 1161 tropica
1551 1094 1703 1162 erigi.
1736 1093 1851 1147 Non
1880 1096 2021 1149 enim

440 1179 595 1244 dixit,
623 1179 860 1249 Pugnate
889 1197 1006 1246 vos,
1038 1192 1091 1237 et
1119 1182 1350 1236 resistite
1380 1184 1444 1237 iis
1466 1185 1551 1253 qui
1585 1199 1677 1236 vos
1707 1184 1905 1241 laedere
1927 1201 2023 1241 vo-

441 1271 596 1337 lunt;
623 1271 720 1327 scd
746 1272 851 1328 hoc
874 1282 1098 1338 tantum,
1130 1274 1381 1329 Extrema
1413 1277 1618 1345 passuri
1646 1278 1797 1331 estis.

508 1364 563 1419 5.
604 1363 761 1433 Papae
784 1365 799 1419 ι
826 1374 1020 1434 quanta
1044 1366 1309 1436 loquentis
1334 1367 1414 1421 vis
1437 1367 1449 1421 !
1477 1377 1670 1437 quanta
1694 1367 2019 1424 audientium

440 1457 811 1529 philosophia!
843 1460 1000 1516 Certe
1025 1460 1178 1515 valde
1204 1461 1501 1515 mirandum
1527 1470 1608 1517 est
1638 1462 1757 1516 illos
1784 1463 1906 1516 talia
1928 1478 2023 1515 au-

436 1549 666 1614 dientes.
695 1564 800 1604 non
822 1551 1009 1605 statim
1048 1550 1338 1621 aufugisse,
1364 1553 1507 1607 viros
1537 1553 1900 1619 meticulosos,
1930 1556 2021 1624 qui

434 1657 542 1698 non
569 1643 705 1699 ultra
737 1654 1006 1713 stagnum,
1035 1645 1086 1699 iu
1117 1659 1226 1716 quo
1260 1646 1451 1715 pisatiri
1475 1646 1739 1713 solebant,
1768 1660 2022 1718 peragra-

433 1744 639 1804 verant.
678 1735 957 1805 Quomodo
987 1752 1091 1791 non
1131 1738 1450 1808 cogitarunt,
1494 1753 1592 1793 nec
1620 1739 1758 1794 intra
1784 1753 1843 1794 se
1871 1739 2021 1794 dixe-

436 1836 560 1882 runt
593 1844 605 1880 :
634 1827 751 1893 Quo
783 1827 995 1882 tandem
1033 1827 1332 1898 fugiamus?
1366 1829 1669 1885 Tribunalia
1699 1840 1883 1885 contra
1920 1846 2020 1886 nos

436 1928 600 1986 stant,
645 1933 820 1990 reges,
854 1919 1131 1988 prmsides,
1164 1935 1447 1990 synagoga:
1472 1920 1799 1987 Judaeorum,
1845 1923 2018 1992 genti-

436 2012 566 2066 lium
599 2012 774 2076 turba,
807 2012 1073 2082 principes
1101 2021 1153 2067 et
1197 2010 1416 2066 subditi.
1445 2012 1575 2067 Nam
1628 2029 1731 2068 non
1779 2015 2018 2069 Palaesti-

436 2117 559 2158 nam
604 2103 787 2170 modo,
839 2118 936 2158 nec
966 2104 1123 2165 mala,
1165 2120 1284 2174 quae
1324 2104 1392 2158 ibi
1428 2104 1631 2173 passuri
1678 2116 1851 2172 erant,
1882 2122 2021 2177 pne-

434 2194 721 2261 nuutiavit,
764 2193 859 2249 sed
888 2193 1022 2249 bella
1056 2210 1150 2263 per
1190 2195 1373 2249 orbem
1417 2196 1589 2250 futura
1616 2196 1861 2266 praedixit
1892 2214 1905 2251 :
1940 2199 2021 2251 Ad

432 2303 594 2358 reges,
635 2286 824 2357 inquit,
875 2295 924 2341 et
952 2286 1193 2358 prmities
1226 2287 1515 2357 ducentini;
1559 2288 1851 2346 ostendens
1898 2291 2018 2346 illas

431 2378 499 2435 ad
526 2385 714 2449 gentes
752 2377 947 2435 deinde
982 2395 1103 2436 esse
1127 2381 1434 2437 mittendos.
1465 2383 1661 2439 Orbem
1690 2395 1875 2441 contra
1915 2399 2016 2442 nos

431 2470 672 2537 armasti,
710 2470 857 2525 orbis
883 2481 1040 2525 terrae
1066 2471 1393 2526 habitatores
1416 2489 1605 2530 omnes
1630 2476 1794 2531 armis
1827 2487 2012 2536 contra

430 2575 528 2615 nos
554 2561 847 2627 munivisti,
879 2563 1118 2631 populos,
1147 2572 1419 2634 tyrannos,
1451 2581 1625 2636 reges.
1658 2566 1807 2635 Quod
1836 2569 2017 2635 seqnin

430 2664 515 2708 tur
539 2669 667 2710 vero
694 2655 848 2725 longe
876 2655 1183 2710 horribilius
1220 2666 1322 2721 est,
1355 2659 1567 2727 quando
1608 2658 1831 2715 fratrum
1880 2662 2013 2717 lilio-

428 2762 654 2818 rumque
684 2747 1056 2803 interfectores
1096 2761 1149 2803 et
1176 2750 1452 2817 parricida:
1479 2761 1698 2820 propter
1720 2768 1817 2808 nos
1849 2753 2012 2811 futuri

425 2851 550 2895 sunt
576 2840 841 2896 homines.
896 2841 1025 2896 Nam
1052 2841 1140 2895 2|.
1171 2842 1358 2897 Tradet
1388 2846 1547 2914 frater
1570 2849 1778 2916 fratrem
1804 2848 1855 2901 in
1878 2865 2012 2902 mor-

427 2941 545 2996 tem,
576 2940 717 3000 pater
740 2931 923 2999 ﬁlium,
948 2940 992 2984 et
1017 2933 1276 3002 insurgent
1301 2934 1397 3001 ﬁlii
1422 2934 1476 2988 in
1503 2947 1754 3006 parentes,
1786 2948 1831 2991 et
1855 2949 2013 2995 morte

422 3036 508 3075 eos
536 3021 767 3092 οπὸσὶεηι.
793 3021 1093 3088 Quomodo,
1125 3023 1348 3093 inquies,
1393 3025 1583 3096 reliqui
1615 3027 1854 3093 credent,
1887 3045 2007 3085 eum

425 3111 658 3167 viderint
686 3114 822 3168 ﬁlios
853 3122 1066 3184 propter
1096 3130 1193 3169 nos
1214 3132 1243 3171 a
1272 3117 1511 3186 patribus
1537 3120 1764 3187 occisos,
1792 3121 2010 3179 fratres-

422 3218 527 3271 que
553 3219 581 3257 a
610 3203 878 3269 fratribus,
909 3206 1217 3277 sceleraque
1242 3210 1417 3263 omnia
1450 3212 1692 3278 patrata?
1719 3215 1909 3268 Annon
1951 3224 2009 3270 ut

424 3295 777 3365 nequissimos
802 3296 1095 3366 daemonas,
1121 3316 1296 3353 annon
1323 3310 1379 3355 ut
1405 3303 1760 3359 exsecrandos
1788 3314 1842 3360 et
1861 3306 2008 3363 orbis

418 3396 781 3457 corruptores,
807 3402 903 3443 uos
926 3390 1159 3460 undique
1184 3392 1474 3460 expelleut,
1502 3404 1848 3465 cognatorum
1876 3413 2003 3453 san-

415 3478 574 3549 guine
598 3487 652 3533 et
677 3479 934 3548 ejusmodi
958 3481 1197 3536 (aedibus
1226 3492 1420 3538 terram
1447 3486 1702 3555 repletam
1730 3488 2003 3545 videntes?

415 3570 675 3636 Equidem
714 3572 976 3637 (nonne?)
1017 3588 1207 3641 pacem
1240 3574 1293 3628 in
1320 3576 1512 3630 domos
1561 3578 1986 3643 introducemus,

414 3667 493 3712 tot
521 3658 643 3713 illas
671 3660 910 3717 caedibus
942 3662 1249 3733 implentes.
1277 3663 1413 3720 Nam
1437 3667 1483 3721 si
1513 3684 1707 3739 magno
1743 3684 1989 3726 essemus

412 3752 666 3816 numero,
715 3767 817 3809 nec
870 3753 1158 3811 duodecim
1202 3766 1437 3824 tantum,
1478 3759 1523 3815 si
1567 3775 1671 3814 non
1726 3761 1905 3816 idiotas
1938 3771 1991 3815 et

414 3841 655 3897 illiterati
687 3882 704 3909 ,
761 3843 858 3900 sed
896 3845 1171 3915 sapientes
1218 3847 1465 3905 rhetores
1493 3892 1509 3917 ,
1555 3860 1838 3919 oratores;
1873 3852 1985 3906 imo

410 3935 574 3988 etiam
624 3949 781 4007 reges
821 3938 1095 3995 exercitus
1142 3938 1405 3998 habentes
1432 3952 1487 3997 et
1514 3944 1759 4013 pecuniis
1786 3945 1991 3999 instru-

411 4022 506 4088 cti,
544 4026 816 4096 quomodo
854 4026 1125 4099 quidpiam
1164 4031 1484 4099 persuadere
1514 4034 1827 4103 poterimus,
1867 4036 1997 4094 dum

415 4112 552 4170 bella
582 4116 755 4173 civilia
781 4126 833 4174 et
875 4119 1121 4176 civilibus
1152 4122 1393 4192 graviora
1423 4126 1833 4184 succendimus?
1860 4128 1993 4186 Nam

414 4198 515 4254 etsi
537 4200 764 4260 salutem
785 4216 1025 4264 nostram
1055 4224 1248 4282 parum
1275 4228 1552 4281 curemus,
1579 4218 1703 4289 quis
1734 4222 1890 4279 nobis
1920 4237 1989 4279 ex

413 4288 532 4345 aliis
558 4303 801 4349 mentem
827 4297 1142 4355 adhibebit?
1170 4301 1276 4359 Sed
1299 4305 1437 4359 nihil
1461 4288 1654 4364 horum
1677 4311 1763 4367 vel
1791 4314 1988 4385 cogita-

412 4393 542 4438 runt
565 4387 649 4440 vel
669 4388 940 4456 dixerunt,
972 4407 1076 4447 nec
1097 4406 1490 4466 praeceptorum
1512 4402 1775 4459 rationem
1796 4422 1988 4479 exege-

412 4483 570 4540 runt;
604 4478 699 4532 sed
719 4494 1003 4537 cesserunt
1032 4495 1087 4539 et
1112 4486 1559 4558 ohtemperarunt
1586 4510 1599 4545 :
1632 4493 1681 4547 id
1705 4499 1846 4564 quod
1876 4478 1984 4552 non

410 4578 472 4615 cx
503 4565 741 4633 ipsorum
789 4572 989 4629 virtute
1021 4584 1255 4639 tantum,
1301 4581 1395 4634 sed
1430 4582 1591 4636 etiam
1641 4601 1703 4637 ex
1746 4588 1985 4645 Doctoris

409 4655 670 4723 sapientia
695 4661 1152 4728 proﬁciscebatur.
1176 4667 1306 4723 Vide
1332 4671 1474 4724 cnim
1497 4676 1768 4741 quomodo
1796 4693 1987 4732 terum-

405 4746 494 4800 nis
532 4748 755 4818 singulis
797 4756 1218 4813 consolationem
1254 4762 1498 4829 adjunxit
1529 4781 1541 4816 :
1573 4766 1640 4819 tle
1674 4784 1781 4821 non
1810 4772 1983 4825 susci-

404 4839 679 4907 pientibus
708 4843 826 4898 illos
858 4845 1011 4911 dixit,
1052 4850 1390 4906 Tolerabilius
1419 4856 1518 4907 erit
1555 4866 1707 4911 terra:
1728 4860 1982 4916 Sodomo-

402 4946 519 4984 rum
560 4942 608 4986 et
644 4933 946 4992 Gomorrha:
977 4939 1031 4992 in
1070 4941 1153 4994 die
1187 4942 1398 5011 judicii,
1442 4962 1603 5015 quam
1652 4950 1852 5006 civitati
1900 4955 1979 5009 illi

404 5021 612 5089 (Matth.
647 5026 735 5081 10.
757 5028 844 5097 15)
870 5045 883 5093 ;
909 5039 963 5084 et
988 5028 1077 5086 hic
1100 5048 1315 5088 rursum
1342 5049 1464 5089 cum
1483 5036 1639 5104 dixit,
1668 5039 1736 5094 Et
1756 5041 1827 5095 ad
1846 5060 1980 5113 prte-

397 5115 532 5169 sides
555 5127 602 5170 et
622 5135 765 5190 reges
780 5121 1063 5188 ducemini,
1084 5124 1307 5191 addidit,
1327 5126 1550 5197 Propter
1566 5147 1647 5185 me
1673 5132 1729 5185 in
1745 5136 1978 5191 testimo-

400 5207 543 5258 nium
565 5208 670 5263 illis
690 5221 738 5265 et
753 5214 1008 5283 gentibus.
1024 5215 1151 5273 Haec
1170 5227 1350 5274 autem
1371 5234 1479 5275 non
1497 5236 1659 5292 parva
1679 5228 1977 5285 consolatio

396 5310 501 5361 est,
548 5300 652 5358 hoc
692 5317 911 5375 propter
952 5311 1229 5367 Christum
1273 5315 1403 5384 pati,
1436 5325 1495 5372 et
1532 5319 1600 5374 ad
1635 5319 1755 5375 illos
1788 5323 1973 5379 redar-

395 5393 640 5463 guendos
669 5400 896 5454 conduci
963 5401 1104 5460 Deus
1135 5406 1300 5471 enim,
1344 5409 1448 5465 etsi
1496 5411 1678 5466 nullus
1709 5416 1970 5478 attendat,

394 5484 598 5555 ubique
615 5503 678 5542 ea
699 5504 818 5559 quae
834 5507 929 5547 sua
947 5504 1075 5550 sunt
1094 5509 1371 5568 operatur.
1395 5501 1485 5557 Sic
1503 5514 1684 5560 autem
1707 5506 1824 5561 illos
1843 5524 1973 5563 con-

394 5574 689 5642 solabatur,
737 5595 844 5635 non
885 5585 1029 5652 quod
1073 5587 1174 5657 ipsi
1221 5591 1288 5646 de
1321 5593 1526 5649 ultione
1554 5609 1825 5663 curarent,
1876 5601 1970 5655 sed

1185 267 1241 324 S.
1282 266 1562 325 JOANNIS
1599 268 2069 359 CIIRYSO§TOMI
2112 268 2427 326 ARCIIIEP.
2470 270 2814 329 CONSTAN'I
2832 274 3004 332 lNOP.

3612 287 3725 343 592

2139 377 2279 427 esse,
2309 364 2396 433 qui
2430 363 2544 419 tunc
2566 374 2620 420 et
2642 366 2959 435 pricdixerat
2990 379 3043 424 ct
3067 371 3405 441 prmviderat,
3434 384 3482 431 et
3510 388 3570 435 se
3611 394 3730 436 non

2138 461 2195 506 ut
2224 455 2391 507 malos
2424 466 2477 510 et
2500 468 2851 527 corruptores
2882 460 2995 515 lucc
3023 476 3142 517 esse
3169 452 3437 533 passuros.
3485 469 3561 522 Ad
3602 469 3724 526 luce

2137 557 2262 597 vero
2301 559 2405 598 non
2448 560 2660 615 parvam
2704 548 2861 603 aliam
2898 552 3316 609 consolationem
3348 557 3547 626 adjicit,
3590 560 3722 616 dum

2134 635 2204 687 ait
2234 650 2248 687 :
2284 635 2367 690 l9.
2396 635 2522 690 Cum
2560 648 2723 691 autem
2768 641 2965 695 tradent
3011 658 3117 708 vos,
3149 646 3306 700 nolite
3342 649 3557 719 cogitare
3594 669 3726 720 quo-

2133 726 2284 779 modo
2320 737 2407 779 aut
2450 729 2571 797 quid
2610 730 2884 795 loqtmmini
2915 752 2932 785 :
2958 734 3159 789 dabitur
3196 739 3328 790 enim
3367 741 3503 794 vobis
3547 743 3598 793 in
3631 743 3725 795 illa

2135 816 2259 869 hora
2286 819 2406 885 quid
2427 820 2720 887 loquamini.
2758 822 2847 876 ρο.
2880 821 3001 877 Non
3026 826 3157 878 enint
3196 843 3281 881 vos
3309 830 3425 883 estis
3445 833 3531 900 qui
3557 834 3724 901 loqui-

2132 909 2276 972 mini,
2302 911 2390 961 sed
2415 909 2637 978 Spiritus
2664 911 2836 969 Patris
2865 917 3013 969 vestri
3033 918 3119 985 qui
3139 916 3363 987 loquitur
3379 922 3432 974 in
3456 922 3615 976 vobis.
3647 924 3725 977 Ne

2131 998 2371 1053 dicereut
2422 1002 2584 1067 enim,
2642 1002 2922 1069 Quomodo
2958 1010 3282 1075 persuadere
3325 1014 3622 1080 poterimus
3669 1016 3723 1070 in

2135 1093 2294 1144 tantis
2334 1094 2527 1147 rebus?
2549 1094 2702 1163 jubet
2747 1099 3018 1154 conﬁdere
3065 1102 3131 1156 de
3174 1106 3504 1174 suggerenda
3532 1105 3725 1162 defen-

2130 1182 2301 1237 sione.
2337 1185 2473 1240 Alibi
2501 1202 2712 1257 quoilue
2737 1191 2804 1244 ait
2836 1207 2849 1245 :
2886 1191 2997 1262 Ego
3024 1194 3157 1248 dabo
3186 1197 3323 1251 vobis
3351 1214 3407 1251 os
3432 1210 3478 1252 et
3507 1201 3721 1270 sapien-

2130 1278 2251 1329 tiam
2280 1275 2431 1349 (Lttc.
2473 1279 2563 1333 21.
2599 1282 2726 1351 15);
2779 1282 2863 1337 hic
2891 1299 3039 1350 vero,
3084 1287 3317 1357 Spirile
3346 1288 3521 1345 Patris
3569 1293 3727 1345 vestri

2128 1371 2318 1439 estqui
2347 1370 2568 1440 loquitur
2594 1374 2647 1427 in
2675 1362 2829 1437 nobis,
2877 1378 2942 1432 ad
2987 1379 3366 1449 prophetarum
3399 1384 3720 1455 dignitatem

2128 1460 2273 1530 ipsos
2322 1463 2612 1522 adducens.
2668 1468 3022 1540 QuaprOpter,
3071 1488 3192 1528 cum
3238 1476 3414 1531 datam
3460 1478 3724 1536 virtutem

2128 1554 2365 1622 exponit,
2397 1564 2523 1611 tunc
2550 1568 2603 1612 et
2629 1560 2765 1613 mala
2803 1561 3062 1633 adjuugit,
3095 1566 3270 1621 ca‘des
3295 1578 3348 1623 et
3376 1569 3666 1627 homicidia
3704 1592 3719 1629 :

2125 1640 2215 1697 21.
2247 1642 2435 1699 Tradat
2459 1648 2592 1700 enim
2621 1649 2779 1719 frater
2808 1656 3015 1723 fratrem
3051 1655 3104 1708 in
3139 1667 3368 1725 mortem,
3404 1672 3451 1713 et
3481 1673 3629 1731 pater
3657 1665 3723 1732 [i-

2126 1736 2269 1803 lium,
2289 1747 2335 1791 et
2360 1739 2618 1812 insurgent
2642 1744 2736 1812 [illi
2761 1744 2813 1797 in
2838 1760 3088 1815 parentes,
3118 1760 3163 1802 et
3184 1762 3342 1806 morte
3362 1734 3581 1824 agit-ient
3609 1773 3720 1813 eos.

2124 1827 2306 1900 Neque
2335 1831 2419 1887 hic
2449 1836 2614 1900 Stetit,
2648 1836 2739 1891 sed
2766 1837 2921 1909 longe
2965 1840 3305 1898 horribiliora
3330 1846 3549 1916 adjecit,
3593 1866 3720 1919 qua:

2127 1923 2332 1989 possint
2352 1925 2434 1979 vel
2455 1935 2657 1995 petram
2676 1927 3037 1988 COIIIIllOVCl‘C.
3055 1934 3145 1988 ‘22.
3170 1935 3231 1989 Et
3252 1939 3389 1993 eritis
3409 1941 3525 1995 odio
3546 1945 3723 1996 omni.

2124 2012 2245 2068 bus.’
2280 2016 2375 2071 llic
2400 2019 2561 2073 etiam
2587 2024 2883 2079 consolatio
2910 2026 3215 2098 adjuugitur
3238 2046 3252 2094 ;
3285 2030 3505 2101 Propter
3529 2052 3719 2091 nomen

2124 2123 2311 2175 meum,
2342 2112 2530 2182 inquit,
2563 2114 2676 2170 lucc
2699 2116 3003 2185 patiemini;
3034 2130 3085 2175 et
3108 2136 3292 2177 rursus
3317 2124 3416 2178 alia
3449 2143 3461 2178 :
3492 2127 3599 2191 Qui
3621 2147 3720 2181 tm-

2123 2210 2220 2254 tem
2248 2208 2631 2271 perseveraverit
2657 2226 2812 2280 usque
2844 2212 2895 2266 in
2923 2214 3095 2281 ﬁnem,
3131 2217 3211 2270 hic
3236 2218 3403 2273 salvus
3433 2222 3546 2274 erit.
3584 2222 3717 2279 lla-c

2120 2293 2282 2348 etiam
2324 2295 2432 2351 alio
2472 2299 2633 2355 modo
2669 2316 2850 2355 eorum
2899 2306 3109 2361 animos
3145 2309 3351 2378 erigere
3392 2323 3635 2379 possunt,
3670 2316 3715 2368 si

2123 2394 2265 2441 tanta
2307 2388 2476 2443 futura
2535 2401 2651 2446 erat
2699 2394 3089 2462 przcdicationis
3134 2409 3388 2468 potcsms,
3430 2414 3479 2457 ut
3514 2418 3715 2460 natura

2120 2477 2554 2550 inhonoraretur,
2603 2485 2851 2556 cognatio
2897 2496 2950 2542 et
2992 2486 3224 2543 atliuitas
3266 2492 3612 2562 abjireretur,
3660 2508 3716 2552 et

2118 2572 2338 2628 verbum
2386 2574 2477 2630 Dei
2523 2577 2770 2633 omnibus
2819 2590 3257 2651 anteponerrtur,
3303 2587 3445 2657 quod
3494 2587 3714 2645 l‘ortizcr

2117 2665 2294 2719 omnia
2324 2665 2653 2736 dispelleret.
2681 2668 2810 2724 Nam
2839 2673 2882 2725 si
2905 2682 3107 2729 natura:
3137 2675 3216 2730 vis
3241 2692 3345 2731 non
3378 2686 3555 2749 potest
3579 2678 3713 2739 huic

2115 2758 2351 2811 sermoni
2384 2758 2654 2827 resistere,
2688 2761 2779 2817 sed
2810 2761 2897 2817 illa
2925 2765 3232 2822 dissolvitur
3256 2779 3309 2824 ct
3332 2772 3708 2840 conculcatur,

2115 2847 2241 2916 quid
2282 2848 2423 2904 aliud
2463 2866 2557 2906 vos
2604 2866 2860 2923 superare
2899 2857 3131 2925 poterit?
3174 2858 3287 2914 Non
3337 2868 3536 2929 tamen,
3577 2868 3707 2935 quia

2116 2937 2231 2993 hinc
2262 2940 2330 2993 ita
2372 2956 2430 2996 se
2475 2941 2763 3014 habebunt,
2810 2960 2904 3002 vos
2934 2946 2986 3002 in
3028 2951 3314 3007 securitate
3353 2954 3562 3021 \"lVL‘IlS,
3605 2959 3710 3012 sed

2115 3044 2429 3088 communes
2461 3033 2724 3091 habebitis
2768 3037 3010 3096 inimicos
3053 3051 3106 3097 et
3142 3042 3325 3100 hostes
3349 3059 3443 3102 cos
3471 3048 3561 3118 qui
3595 3061 3708 3104 ter-

2114 3135 2292 3177 rarum
2318 3123 2503 3181 orbem
2534 3126 2793 3185 habitant.

2176 3207 2230 3262 4.
2267 3208 2575 3281 Philosophi
2606 3225 2794 3292 veteres
2849 3224 3026 3291 quales
3080 3228 3289 3298 fuerint.
3318 3262 3390 3273 ——
3412 3231 3516 3290 Ubi
3546 3254 3701 3298 nunc

2105 3301 2295 3360 Plato?
2324 3307 2413 3361 ubi
2440 3307 2814 3381 Pythagoras?
2844 3317 2931 3371 ubi
2967 3318 3276 3378 Stoicorum
3311 3328 3460 3383 turba
3490 3330 3514 3383 ?
3543 3331 3701 3389 Plato

2101 3408 2267 3461 certe,
2301 3397 2424 3454 licet
2454 3416 2703 3471 maguum
2732 3420 3097 3479 consequutus
3152 3413 3431 3485 honorem,
3462 3437 3530 3476 eo
3572 3427 3703 3480 red-

2108 3497 2259 3543 actus
2286 3488 2378 3543 fuit
2402 3493 2628 3546 utetiam
2652 3497 2976 3555 vcnderetur
3007 3504 3105 3569 (a),
3128 3504 3259 3561 nihil
3285 3523 3470 3565 eorum
3494 3530 3617 3583 qum
3643 3515 3700 3571 in

2102 3588 2283 3635 mente
2302 3581 2533 3638 habebat
2555 3585 2771 3643 ellicm'c
2788 3602 2988 3659 posset,
3009 3595 3244 3666 nihilque
3261 3614 3449 3657 eorum
3465 3581 3586 3673 qua:
3604 3623 3697 3660 vo-

2103 3671 2243 3726 lebat
2266 3676 2353 3728 uni
2385 3686 2610 3747 tyranno
2636 3683 2862 3739 suadere
2894 3690 3159 3755 potuerit;
3192 3691 3279 3748 hic
3296 3671 3695 3768 autent—prodi-

2103 3766 2169 3819 tis
2190 3766 2483 3838 discipulis,
2506 3775 2884 3833 miscrabilitcr
2903 3781 3062 3836 vitam
3089 3784 3300 3841 clausit.
3329 3766 3528 3861 Cynica
3559 3809 3699 3850 vero

2100 3858 2216 3914 lues
2244 3863 2395 3931 quasi
2425 3866 2692 3922 somnium
2722 3879 2776 3925 et
2799 3872 2985 3928 umbra
3018 3879 3293 3944 praeteriit.
3323 3858 3548 3939 Etiamsi
3579 3886 3695 3942 illis

2097 3951 2230 4008 nihil
2255 3956 2430 4012 simile
2457 3960 2733 4031 acciderit,
2761 3964 2868 4023 imo
2893 3982 2992 4036 per
3019 3982 3299 4029 externam
3327 3976 3473 4033 illam
3505 3979 3691 4050 philo-

2096 4046 2339 4116 sOphiam
2370 4048 2501 4106 clari
2535 4053 2860 4121 viderentur,
2883 4061 3090 4117 etiamsi
3110 4064 3468 4125 Atheuienses
3486 4046 3694 4141 episto-

2097 4136 2177 4191 las
2201 4137 2436 4196 Platonis
2467 4159 2562 4212 per
2593 4146 2814 4203 Dionem
2845 4152 3036 4206 missas
3064 4156 3274 4224 publice
3300 4136 3692 4232 exposueriut:

2094 4242 2329 4288 attamen
2372 4244 2484 4290 toto
2513 4249 2753 4312 tempore
2799 4243 2850 4297 in
2877 4249 3259 4317 tranquillitate
3301 4254 3601 4327 degebant,
3632 4272 3691 4317 et

2094 4324 2287 4392 opibus
2332 4343 2437 4381 non
2481 4332 2666 4399 paucis
2716 4334 3028 4393 allluebant.
3062 4340 3151 4397 Sic
3187 4345 3332 4400 enim
3376 4324 3689 4422 hristippus

2093 4431 2287 4486 magno
2307 4419 2481 4487 pretio
2511 4433 2687 4478 scorta
2716 4429 2970 4485 conduxit
3001 4433 3104 4505 (ως
3134 4437 3268 4491 alius
3302 4419 3687 4504 testattieunm

2093 4508 2349 4576 scripsit,
2380 4527 2483 4566 non
2515 4530 2731 4583 parvam
2783 4521 3092 4594 relinquens
3124 4526 3476 4588 hereditatem
3505 4554 3521 4600 ;
3550 4541 3688 4595 alius

2093 4612 2253 4667 supra
2286 4601 2575 4672 discipulos
2603 4610 2780 4677 pontis
2811 4614 2980 4669 instar
3003 4619 3306 4677 substratos
3331 4632 3641 4695 perlt'uttsiit
3668 4652 3682 4692 ;

2091 4690 2448 4761 Sinopensem
2469 4706 2645 4753 autem
2662 4700 2806 4756 illum
2823 4703 2999 4761 ferunt
3027 4708 3077 4762 in
3094 4709 3211 4766 foro
3232 4718 3459 4784 turpiter
3480 4737 3679 4785 egisse.

2093 4783 2218 4840 ilice
2243 4800 2368 4844 sunt
2397 4791 2611 4847 illorum
2660 4799 2916 4865 praeclara
2946 4802 3207 4862 facinora.
3235 4813 3303 4865 At
3324 4814 3454 4868 nihil
3490 4819 3681 4871 horum

2102 4873 2193 4931 hic
2221 4878 2561 4947 observatur.
2594 4886 2690 4943 sed
2724 4892 3077 4961 temperantia
3100 4911 3470 4971 perseverans,
3496 4908 3683 4963 mode-

2084 4971 2185 5024 stia
2211 4973 2471 5042 exquisita
2492 5015 2506 5038 ,
2540 4974 2736 5030 bellum
2766 4987 2949 5032 contra
2982 4988 3151 5035 totum
3180 4983 3365 5038 orbem
3406 5000 3501 5052 pro
3535 4991 3673 5042 veri-

2085 5070 2191 5118 tate
2213 5078 2276 5118 ac
2297 5079 2393 5133 pro
2415 5065 2693 5137 religione,
2724 5068 2847 5124 hinc
2868 5070 3107 5139 ipsorum
3126 5075 3449 5144 quotidiana:
3470 5078 3665 5143 ardes,

2081 5166 2134 5208 et
2162 5166 2279 5225 post
2308 5157 2422 5212 hate
2451 5157 2731 5230 splendida
2755 5171 2973 5232 tropica.
3004 5166 3073 5218 At
3092 5178 3236 5233 sunt,
3264 5166 3527 5237 inquiunt,
3551 5172 3669 5240 qui-

2080 5246 2203 5301 dam
2233 5247 2372 5318 apud
2400 5248 2516 5305 illos
2543 5250 2706 5307 duces
2732 5253 2999 5321 praeclari,
3034 5263 3089 5310 ut
3118 5256 3537 5327 Themistocles,
3567 5261 3669 5317 Pe-

2136 5386 2212 5449 (a)
2243 5386 2373 5465 quod
2394 5387 2748 5465 bicpdiciturde
2780 5388 2991 5465 Platone,
3023 5391 3264 5465 quomodo
3284 5405 3314 5441 a
3336 5390 3567 5465 Dionysio
3590 5403 3664 5458 ty-

2072 5448 2225 5518 ranno
2236 5450 2456 5518 traditus
2476 5448 2643 5518 fuerit,
2667 5458 2723 5501 ut
2735 5448 3142 5518 venumdare'tur,
3159 5448 3663 5518 deque__ejus'epistb-

2071 5508 2130 5581 l_i_s
2153 5510 2211 5581 ad
2236 5508 2462 5581 Dionem,
2489 5511 2598 5561 vide
2620 5508 2746 5575 apud
2770 5511 3044 5577 Diogenem
3066 5508 3303 5565 Laertitim
3324 5508 3406 5565 lib'.
3422 5517 3473 5577 5,
3492 5508 3542 5565 iit
3562 5520 3661 5570 vita

2069 5570 2319 5707 rlfgliimlge
2339 5635 2558 5707 Aristippi
2582 5636 2774 5707 luxuria
2796 5637 2906 5689 vide
2938 5638 3064 5703 apud
3100 5637 3379 5704 Diogenem
3413 5642 3659 5697 unum.

393 5666 519 5736 quia
541 5667 667 5726 hinc
700 5671 1070 5741 conﬁdebant,
1106 5680 1282 5749 ipsum
1310 5684 1411 5739 sibi
1450 5687 1647 5758 ubique
1672 5690 1968 5747 allaturum
2066 5666 2616 5761 [ἐξ
