3900 6194
333 270 440 328 593

338 385 515 440 ricles.
544 383 737 438 Verum
763 379 881 434 haec
909 387 1195 448 puerorum
1220 371 1384 441 inepti
1408 369 1519 425 ludi
1545 377 1691 434 sunt,
1721 365 1766 422 si
1785 378 1906 420 cum

339 477 660 547 piscatorum
697 469 861 541 gest-is
898 472 1294 535 comparentur.
1337 460 1474 529 Quid
1501 461 1642 516 enim
1670 458 1740 514 de
1768 456 1910 512 The-

337 565 582 620 mistocle
607 559 842 616 dixeris?
880 555 1033 625 Quod
1071 552 1483 609 Atheniensibus
1508 558 1567 604 ut
1594 563 1758 605 naves
1783 561 1913 603 con—

342 652 662 709 scenderent
691 647 949 711 suaserit,
983 660 1105 700 cum
1136 643 1342 698 Xerxes
1369 640 1626 696 Graeciam
1653 639 1794 694 bello
1819 640 1918 691 im-

343 742 584 813 peteret?
615 737 710 794 Hic
733 751 892 806 porro
917 749 1020 788 non
1045 733 1222 788 Xerxe
1251 731 1559 800 impotente,
1585 727 1679 783 sed
1707 725 1918 782 diabolo

343 847 468 887 cum
501 829 630 884 orbe
673 836 786 882 toto
817 833 872 879 et
909 822 1061 877 turba
1101 821 1401 876 daemonum
1429 819 1706 872 innumera
1733 823 1920 870 contra

341 922 628 979 duodecim
659 919 780 974 illos
804 918 1074 979 irruente;
1103 928 1207 966 non
1234 911 1380 966 brevi
1406 920 1642 978 tempore
1661 949 1677 974 ,
1709 907 1803 963 sed
1830 921 1923 975 per

349 1024 521 1069 totum
543 1013 662 1066 vitae
685 1010 910 1080 spatium
931 1007 1171 1060 vicerunt
1199 1003 1274 1057 illi
1298 1011 1351 1058 et
1371 1008 1689 1070 superarunt
1717 1015 1729 1051 :
1757 996 1926 1068 quod-

347 1121 456 1177 que
502 1105 693 1159 mirum
730 1109 834 1166 est,
862 1113 967 1152 non
1005 1097 1158 1152 czesis
1197 1094 1459 1156 hostibus,
1494 1090 1588 1145 sed
1633 1089 1850 1144 mutatis
1873 1095 1928 1142 et

348 1195 649 1252 conversis.
693 1191 825 1246 Illud
868 1191 1010 1245 enim
1050 1186 1282 1241 maxime
1318 1186 1510 1254 ubique
1539 1180 1927 1237 observandum

351 1299 470 1356 est,
517 1288 661 1356 ipsos
704 1299 802 1338 nec
845 1280 1102 1336 occidisse
1147 1292 1245 1332 nec
1287 1275 1550 1331 delevisse
1595 1271 1932 1328 insidiatores

355 1397 515 1448 suos,
546 1379 639 1436 sed
667 1393 787 1434 cum
817 1377 937 1430 illos
960 1372 1291 1429 daemonibus
1323 1383 1476 1435 pares
1505 1366 1804 1436 cepissent,
1838 1379 1932 1416 an-

355 1477 490 1548 gelis
515 1473 744 1543 equales
770 1469 978 1533 fecisse,
1001 1467 1286 1520 humanam
1310 1472 1550 1517 naturam
1575 1460 1671 1513 hac
1696 1456 1935 1526 improba

360 1547 640 1637 tyrannide
671 1561 980 1623 liberantes,
1009 1558 1129 1610 illos
1154 1563 1331 1609 autem
1360 1552 1614 1606 scelestos
1641 1547 1932 1612 dmmones,

359 1657 452 1725 qui
476 1654 654 1710 omnia
685 1649 1104 1713 conturbabant,
1130 1661 1160 1700 a
1187 1644 1362 1700 medio
1391 1643 1507 1697 loro
1530 1651 1584 1696 et
1602 1655 1633 1694 a
1659 1637 1935 1700 domibus,

362 1748 474 1802 imo
508 1747 669 1802 etiam
710 1760 740 1796 a
788 1742 1003 1798 deserto
1042 1739 1378 1809 expulerunt.
1407 1731 1784 1789 Testiﬁcantur
1812 1725 1942 1782 illud

364 1837 519 1892 chori
550 1833 956 1896 monachorum,
984 1830 1072 1902 qui
1102 1827 1294 1897 ubique
1325 1823 1541 1896 plantati
1569 1832 1723 1886 sunt,
1757 1831 1810 1874 et
1837 1832 1940 1872 non

364 1929 524 1986 modo
549 1928 836 1982 habitatam
868 1933 1085 1986 terram,
1114 1921 1206 1976 sed
1227 1929 1408 1976 etnon
1439 1916 1725 1970 habitatam
1747 1926 1944 1981 expur-

363 2030 577 2092 garunt.
620 2018 877 2088 Quodque
923 2014 1214 2070 mirabilius
1251 2020 1354 2076 est,
1386 2026 1493 2065 non
1533 2010 1790 2064 instructa
1833 2004 1947 2059 acie

371 2114 473 2168 hoc
498 2112 783 2176 faciebant,
810 2107 905 2164 sed
937 2106 1076 2162 male
1099 2105 1264 2160 habiti
1295 2101 1586 2172 implebant
1613 2097 1809 2154 omnia.
1843 2094 1948 2148 ila-

371 2204 570 2258 bebant
594 2203 736 2257 enim
765 2201 817 2255 in
844 2197 1020 2253 medio
1049 2195 1250 2266 positos
1273 2194 1390 2248 illos
1412 2192 1606 2246 inﬁma.-
1627 2183 1948 2243 conditionis

372 2298 538 2360 viros,
560 2309 694 2366 quos
717 2291 969 2363 ligabant,
985 2287 1354 2352 verberabant,
1380 2281 1831 2351 circumagebant,
1851 2289 1951 2331 nec

376 2397 619 2459 poterant
644 2401 827 2441 eorum
851 2398 941 2438 ora
970 2379 1219 2437 claudere
1245 2395 1259 2431 :
1290 2376 1382 2432 sed
1410 2376 1549 2431 sicut
1575 2373 1783 2428 radium
1824 2367 1952 2423 solis

377 2482 579 2536 vincire
618 2493 774 2535 nemo
819 2485 1026 2546 potest,
1063 2474 1142 2528 sic
1168 2486 1273 2527 non
1305 2478 1546 2540 poterant
1585 2467 1818 2536 ipsorum
1849 2461 1954 2516 Iin-

376 2588 534 2644 gnam
559 2570 798 2638 alligare.
838 2566 1000 2635 Cujus
1030 2563 1106 2618 rei
1134 2577 1293 2618 causa
1325 2568 1439 2616 erat
1464 2599 1478 2622 ,
1503 2573 1606 2612 non
1639 2555 1713 2609 illi
1740 2551 1956 2623 quidem

381 2643 470 2732 qui
514 2660 900 2729 loquebantur"
946 2655 1042 2711 sed
1086 2652 1312 2722 Spiritus
1355 2650 1544 2704 virtus.
1589 2645 1677 2701 Sic
1715 2643 1874 2712 igitur
1903 2648 1959 2696 et

383 2731 577 2810 I’aulus
607 2752 732 2806 vicit
755 2750 1039 2820 Agrippam
1062 2787 1076 2810 ,
1101 2753 1156 2800 et
1178 2743 1268 2814 qui
1291 2741 1491 2797 scelere
1518 2736 1761 2792 vincebat
1789 2731 1961 2787 homi-

384 2860 480 2900 nes
503 2857 687 2900 onmes
714 2840 978 2896 Neronem
1010 2855 1022 2891 :
1051 2835 1300 2890 Dominus
1323 2831 1456 2887 enim
1485 2829 1607 2883 mihi
1631 2826 1843 2890 adstitit,
1874 2823 1958 2877 in-

385 2938 537 3006 quit,
576 2946 623 2989 et
667 2931 965 3002 confortavit
1020 2945 1135 2994 me,
1183 2935 1228 2980 et
1276 2925 1404 2979 eruit
1447 2938 1525 2976 me
1566 2919 1628 2974 de
1669 2935 1754 2973 ore
1805 2915 1961 2970 leonis

390 3031 467 3100 (2.
501 3029 634 3084 Tim.
663 3028 714 3083 4.
743 3026 854 3093 17).
880 3024 960 3078 Tu
985 3036 1109 3076 vero
1139 3019 1352 3080 mirare,
1375 3011 1642 3086 quomodo
1662 3008 1958 3072 audientes,

391 3121 569 3178 Nolite
593 3117 798 3174 solliciti
823 3132 945 3180 esse,
971 3121 1024 3168 et
1047 3108 1408 3172 crediderunt,
1435 3113 1488 3159 et
1508 3105 1958 3170 obtemperarunt,

391 3215 628 3282 nihilque
657 3225 726 3266 ex
760 3205 1082 3263 terribilibus
1105 3211 1362 3256 terrorem
1394 3197 1521 3266 ipsis
1545 3193 1783 3249 incussit.
1813 3187 1965 3255 Quod

390 3309 439 3364 si
466 3280 613 3362 dicas
636 3347 651 3371 ,
689 3303 934 3358 idoneam
962 3297 1090 3366 ipsis
1112 3290 1528 3350 consolationem
1564 3285 1776 3340 dedisse
1810 3280 1965 3337 Chri-

393 3412 533 3456 stum
555 3411 675 3453 cum
698 3394 850 3459 dixit,
876 3389 1100 3461 Spiritus
1123 3383 1293 3439 Patris
1317 3380 1461 3435 vestri
1481 3379 1574 3433 erit
1602 3376 1685 3447 qui
1708 3375 1933 3445 loquetur
1949 3388 1968 3425 :

396 3501 452 3547 ct
479 3489 598 3546 ideo
626 3483 857 3541 maxime
884 3489 1072 3548 stupeo
1095 3517 1112 3544 ,
1154 3473 1292 3545 quod
1321 3485 1420 3527 nec
1449 3466 1840 3530 dubitaverint,
1872 3477 1970 3518 nec

399 3580 610 3639 liberari
636 3595 666 3634 a
688 3577 840 3631 malis
867 3570 1168 3644 rogaverint
1198 3585 1210 3620 :
1237 3574 1290 3620 et
1311 3564 1444 3626 haec,
1478 3577 1581 3614 non
1614 3557 1820 3613 duobus
1843 3596 1856 3620 ,
1885 3553 1970 3610 vel

399 3677 570 3733 tribus
592 3673 747 3726 annis
773 3673 868 3724 ista
899 3665 1123 3737 passuri,
1167 3660 1261 3737 sed
1299 3674 1392 3729 per
1433 3666 1593 3710 tOtam
1618 3655 1798 3708 vitam.
1840 3647 1973 3704 Illud

398 3769 542 3822 enim
569 3765 790 3826 dictum,
821 3759 918 3825 Qui
942 3764 1107 3809 autem
1133 3747 1515 3824 perseveraverit
1542 3760 1695 3812 usque
1721 3743 1771 3796 in
1800 3741 1970 3809 ﬁnem,

401 3861 483 3912 hic
525 3856 691 3911 salvus
733 3852 858 3916 erit,
898 3848 999 3902 hoe
1042 3841 1360 3900 subindicat.
1393 3838 1513 3892 Vult
1537 3835 1676 3890 enim
1713 3834 1848 3887 Deus
1869 3844 1977 3886 non

403 3966 498 4005 sua
527 3955 727 4001 tantum
756 3957 887 4010 ope,
934 3935 1028 3993 sed
1067 3937 1298 4005 ipsorum
1337 3928 1606 4000 proposito
1645 3939 1806 3995 opera
1840 3922 1979 3976 bona

406 4041 539 4095 ﬁeri.
573 4033 849 4104 Perpende
876 4033 1050 4099 itaque
1081 4029 1132 4081 in
1153 4020 1518 4096 superioribus
1540 4061 1552 4083 ,
1587 4015 1851 4088 quomodo
1878 4015 1979 4069 alia

409 4135 536 4196 Dei,
566 4130 666 4185 alia
695 4124 1076 4194 discipulorum
1104 4119 1226 4174 sint.
1262 4115 1392 4171 Nam
1423 4113 1571 4183 signa
1599 4109 1775 4163 facere
1794 4148 1808 4172 ,
1841 4105 1982 4161 illius

407 4237 560 4291 sunt;
594 4224 722 4280 nihil
752 4219 1041 4291 possidere,
1065 4212 1466 4284 discipulorum.
1501 4209 1728 4262 Rursum
1751 4247 1766 4272 ,
1795 4203 1984 4258 domos

410 4333 598 4374 omnes
624 4313 862 4383 aperire,
890 4321 1133 4378 superna:
1161 4303 1343 4374 gratiae
1371 4309 1481 4365 est;
1515 4297 1642 4351 nihil
1671 4304 1863 4366 praeter
1891 4307 1986 4347 ne-

411 4407 642 4466 cessaria
666 4414 864 4475 petere,
883 4398 1258 4468 discipulorum
1286 4389 1665 4463 philosophiae;
1698 4387 1888 4456 Dignus
1917 4391 1986 4438 est

413 4489 546 4557 enim
575 4497 835 4570 operarius
859 4492 1084 4547 mercede
1104 4505 1217 4543 sua.
1250 4487 1438 4542 Pacem
1466 4484 1592 4537 dare
1612 4523 1627 4548 ,
1672 4480 1761 4535 Dei
1790 4479 1985 4533 donum

413 4601 528 4657 est;
557 4567 744 4658 dignos
767 4597 1039 4656 qurercre,
1071 4595 1168 4635 nec
1193 4591 1379 4633 omnes
1409 4571 1866 4630 indiscriniinatim
1896 4567 1990 4621 ad-

417 4685 518 4749 ire,
542 4681 774 4748 ipsorum
803 4672 1166 4743 temperantia:
1186 4678 1286 4725 est.
1319 4667 1441 4722 Illos
1463 4666 1550 4736 qui
1571 4663 1856 4731 discipulos
1883 4675 1988 4715 non

419 4773 682 4841 recipiunt
717 4765 934 4829 ulcisci,
968 4764 1060 4818 Dei
1089 4770 1168 4817 est
1202 4779 1214 4816 :
1247 4776 1364 4814 cum
1396 4757 1651 4813 modestia
1677 4754 1950 4808 discedere
1973 4793 1988 4818 ,

419 4864 568 4922 nullo
596 4861 790 4930 injecto
814 4857 1028 4927 probro,
1051 4854 1132 4908 vel
1159 4851 1498 4914 contumelia,
1521 4847 1824 4918 apostolicae
1849 4859 1995 4898 man-

421 4954 739 5016 suetudinis.
770 4950 1021 5019 Spiritum
1050 4946 1198 5011 dare,
1229 4953 1283 4999 et
1308 4939 1716 4997 sollicitudinem
1740 4937 1994 5001 adimere,

423 5047 681 5106 mittentis
718 5050 833 5098 erat
860 5059 873 5095 :
903 5054 1029 5094 oves
1058 5046 1111 5093 et
1152 5033 1424 5091 columbas
1463 5030 1689 5094 imitari,
1731 5037 1784 5083 et
1822 5026 1997 5082 omnia

425 5142 633 5197 fortiter
664 5135 801 5190 ferre
821 5175 836 5198 ,
873 5131 938 5185 ad
981 5128 1188 5183 illorum
1215 5125 1564 5180 constantiam
1586 5130 1638 5175 et
1669 5117 2000 5189 prudentiam

428 5229 749 5303 pertinebat.
796 5223 930 5279 Odio
973 5219 1187 5282 haberi,
1231 5233 1328 5271 nec
1354 5215 1532 5269 animo
1559 5209 1840 5266 concidere
1863 5250 1878 5275 ,
1909 5209 2003 5264 sed

431 5299 794 5393 perseverare,
825 5315 1060 5384 ipsorum
1089 5318 1234 5373 erat;
1266 5312 1669 5378 perseverantes
1707 5301 1883 5355 salvos
1923 5299 2002 5354 fa-

430 5391 575 5478 cere,
605 5410 880 5465 mittentis.
907 5403 1029 5458 Ideo
1056 5400 1283 5463 dicebat,
1319 5397 1419 5465 Qui
1438 5403 1603 5450 autent
1625 5391 2006 5465 perseveraverit

431 5519 589 5575 usque
608 5502 659 5554 in
689 5501 858 5569 linem,
882 5496 961 5549 hic
986 5492 1154 5546 salvus
1175 5491 1287 5545 erit.

504 5597 557 5652 5.
593 5589 713 5648 Non
735 5593 900 5663 fervor
926 5586 1183 5658 fugitivus,
1211 5581 1298 5636 sed
1327 5579 1692 5652 perseverantia
1717 5575 2011 5647 prcdest.--

437 5689 573 5748 Nam
613 5682 734 5753 quia
775 5679 946 5739 solent
975 5675 1126 5733 multi
1158 5673 1306 5730 initio
1335 5671 1599 5729 ferventes
1639 5683 1793 5737 esse,
1824 5675 2010 5740 postea

1288 257 1350 312 IN
1390 251 1796 314 ΜΑΤΤΗιΕυΜ
1835 248 2066 306 Ηοδιιιι.
2106 247 2349 304 XXXIII.
2389 262 2461 302 ai.
2501 245 2740 303 XXXIV.

2032 367 2162 416 vero
2189 360 2381 416 resolvi
2424 373 2486 414 ac
2519 357 2697 428 dejici,
2725 358 2844 412 ideo
2873 357 2980 423 ait,
3012 358 3203 419 Finem
3228 373 3429 429 quaero.
3468 360 3611 428 Quid

2025 453 2167 506 enim
2205 466 2337 521 opus
2376 459 2459 505 est
2495 449 2785 504 seminibus
2815 448 2964 503 initio
2989 449 3225 518 ﬂoridis,
3250 451 3395 506 brevi
3420 465 3599 510 autem

2027 550 2211 610 postea
2239 539 2634 595 arescentibus?
2661 537 2783 593 Ideo
2807 548 3234 607 perseverantem
3262 541 3330 595 ab
3357 541 3485 611 ipsis
3511 557 3603 612 pa-

2030 633 2269 688 tientiam
2297 631 2475 701 exigit.
2508 630 2584 685 Ne
2611 630 2729 700 quis
2755 629 2896 684 enim
2927 629 3165 694 diceret,
3192 631 3259 684 ab
3292 631 3406 699 ipso
3441 641 3609 686 totum

2029 726 2223 780 factum
2249 739 2367 780 esse
2386 765 2402 791 ,
2433 722 2669 794 nihilque
2695 722 2888 776 mirum
2910 735 3029 775 esse
3047 761 3062 786 ,
3094 721 3225 776 tales
3255 721 3416 777 fuisse
3447 723 3568 778 illos
3588 764 3604 789 ,

2031 818 2118 886 qui
2146 815 2276 870 nihil
2303 815 2512 870 onerosi
2537 813 2676 883 passi
2703 812 2828 878 sint,
2860 812 3057 866 idcirco
3084 811 3212 866 dicit
3237 812 3362 876 illis,
3387 811 3602 869 Patien-

2035 908 2105 961 tia
2133 907 2281 960 vobis
2317 920 2449 974 opus
2478 913 2577 959 est.
2619 904 2838 957 Etiamsi
2870 902 3011 957 enim
3039 917 3132 957 vos
3161 919 3190 956 a
3221 903 3486 973 prioribus
3517 919 3608 972 pe-

2036 998 2217 1052 riculis
2242 1011 2445 1058 eruam,
2469 994 2800 1065 gravioribus
2831 1009 2923 1048 vos
2947 1009 3183 1058 reservo,
3212 1010 3329 1062 qua:
3355 995 3514 1047 etiam
3542 995 3611 1048 ab

2037 1090 2154 1144 aliis
2189 1089 2516 1158 excipientur
2544 1107 2556 1141 :
2586 1102 2683 1142 nec
2719 1088 2837 1141 ﬁnis
2875 1089 2975 1142 erit
3012 1087 3318 1141 insidiarum
3350 1103 3516 1157 usque
3544 1089 3611 1142 ad

2039 1193 2334 1237 extremum
2357 1181 2595 1234 halitum.
2620 1179 2729 1234 lloc
2743 1180 2884 1234 enim
2910 1179 3277 1245 subindicavit,
3299 1195 3418 1234 cum
3443 1181 3574 1234 dixit
3599 1197 3612 1234 :

2043 1272 2142 1338 Qui
2160 1282 2324 1325 autem
2352 1272 2728 1341 perseveraverit
2759 1287 2912 1340 usque
2937 1272 2988 1324 in
3008 1272 3180 1339 ﬁnem,
3207 1272 3286 1325 hic
3310 1272 3479 1325 salvus
3502 1273 3614 1325 erit.

2042 1363 2162 1419 Ideo
2193 1363 2282 1432 qui
2312 1362 2459 1423 dicit.
2492 1361 2576 1415 Ne
2616 1361 2821 1415 solliciti
2863 1361 2970 1414 sitis
3006 1362 3128 1428 quid
3167 1362 3459 1430 loquamini,
3489 1363 3618 1416 alibi

2041 1455 2116 1508 ait
2145 1473 2158 1509 :
2190 1453 2370 1507 Parati
2398 1461 2549 1508 estote
2573 1453 2638 1506 ad
2663 1453 3064 1522 respondendum
3091 1455 3228 1506 ontni
3260 1454 3444 1522 petenti
3471 1471 3503 1506 a
3528 1470 3618 1507 tvo-

2045 1549 2118 1602 bis
2141 1548 2386 1601 rationem
2411 1547 2474 1600 de
2496 1564 2584 1616 spe
2608 1556 2766 1601 vestra
2797 1546 2817 1618 (
2839 1548 2889 1602 1.
2920 1546 3060 1600 Petr.
3085 1549 3136 1602 5.
3173 1549 3238 1603 15
3261 1547 3297 1604 l.
3329 1548 3460 1602 Nam
3497 1564 3620 1604 cum

2045 1653 2217 1708 pugna
2245 1639 2382 1692 inter
2410 1639 2607 1692 amicos
2633 1648 2733 1704 est,
2757 1654 2853 1691 nos
2873 1638 3023 1707 jubet
3047 1639 3299 1693 sollicitos
3325 1656 3471 1704 esse;
3496 1656 3616 1694 cum

2046 1738 2224 1782 autem
2248 1730 2496 1794 tribunal,
2520 1730 2753 1783 furentes
2781 1730 2977 1799 populi,
3009 1730 3166 1784 timor
3188 1731 3439 1801 undique,
3469 1747 3619 1786 suam

2051 1819 2261 1887 przebet‘
2277 1820 2523 1888 gratiam,
2541 1831 2596 1872 ut
2619 1819 2842 1874 ﬁdenter
2862 1821 3158 1891 loquamur,
3183 1838 3282 1876 nec
3306 1831 3619 1887 terreamur,

2051 1907 2132 1962 vel
2175 1908 2431 1977 justitiam
2477 1911 2780 1977 prodamus.
2827 1910 2931 1965 Res
2974 1912 3153 1980 utique
3200 1927 3406 1982 magna,
3453 1914 3624 1968 virum

2051 1998 2192 2053 circa
2231 2008 2416 2068 stagna
2447 2000 2648 2053 versari
2691 1999 2902 2053 solitum
2928 2041 2943 2065 ,
2979 2001 3119 2055 circa
3158 2003 3327 2071 pelles
3357 2012 3409 2056 et
3442 2004 3624 2057 telonii

2053 2107 2313 2157 mensam,
2342 2092 2646 2174 sedentibus
2673 2092 2927 2163 tyrannis,
2959 2102 3014 2148 et
3047 2095 3271 2164 satrapis
3297 2095 3628 2150 adstantibus

2054 2192 2108 2238 et
2135 2183 2451 2238 satellitibus
2475 2224 2490 2248 ,
2521 2184 2716 2237 strictis
2753 2184 2941 2253 gladiis
2963 2225 2978 2252 ,
3007 2185 3486 2258 assistentibusque
3512 2190 3630 2242 aliis

2055 2275 2301 2330 omnibus
2327 2291 2447 2329 cum
2474 2275 2600 2341 illis,
2624 2277 2794 2330 solum
2826 2277 3141 2347 ingressum,
3176 2279 3432 2349 ligatum,
3463 2298 3632 2351 prono

2058 2369 2250 2438 Capite,
2281 2368 2517 2437 potuisse
2549 2368 2632 2422 vel
2659 2385 2718 2422 os
2745 2369 2973 2438 aperire.
2999 2369 3210 2424 Etenim
3233 2371 3490 2425 doctrina:
3520 2389 3632 2427 su.e

2059 2474 2216 2514 causa
2247 2474 2315 2514 ne
2343 2457 2638 2514 defensioni
2668 2460 2882 2528 quidem
2917 2460 3090 2514 locum
3118 2462 3335 2528 dabant,
3368 2463 3461 2517 sed
3477 2464 3634 2533 'ipsos

2060 2549 2207 2619 quasi
2234 2565 2545 2605 communes
2571 2551 2716 2604 orbis
2741 2564 3082 2620 corruptores
3108 2554 3383 2608 tormentis
3412 2554 3634 2626 deputa-

2061 2641 2206 2696 bant.
2229 2641 2379 2696 Nunc
2410 2642 2509 2709 Qui
2529 2645 2696 2696 orbem
2721 2652 2963 2696 terrarum
2985 2644 3292 2712 perturbant,
3326 2645 3380 2698 lii
3398 2656 3532 2714 sunt,
3559 2647 3636 2702 in-

2062 2734 2193 2803 quit,
2219 2742 2264 2786 et
2293 2733 2373 2786 hic
2397 2733 2580 2786 adsunt
2605 2741 2696 2787 :et
2736 2748 2937 2798 rursus,
2963 2734 3214 2789 Adversus
3233 2736 3396 2790 edicta
3423 2736 3637 2791 Cwsaris

2063 2825 2116 2878 hi
2145 2824 2441 2894 pradicant,
2465 2825 2680 2878 dicentes
2703 2823 2960 2878 Christum
2983 2825 3014 2878 J
3022 2842 3161 2880 esum
3186 2843 3290 2883 esse
3314 2843 3480 2898 regem
3501 2828 3633 2900 (Act.

2068 2915 2152 2968 I7.
2185 2914 2329 2983 6.7).
2372 2914 2575 2984 Ubique
2622 2915 2903 2970 tribunalia
2951 2915 3255 2986 hujusmodi
3300 2918 3639 2987 opinionibus

2068 3013 2433 3074 praeoccupato
2477 3012 2648 3068 erant,
2677 3014 2724 3059 et
2758 3005 2956 3060 auxilio
2990 3021 3222 3075 superno
3249 3007 3473 3062 multum
3504 3023 3642 3079 ege—

2068 3094 2214 3160 bant,
2245 3102 2302 3149 ut
2350 3093 2450 3149 hoc
2491 3105 2776 3166 utrumque
2814 3096 3120 3165 probarent,
3163 3106 3215 3152 et
3252 3097 3464 3169 dogma,
3503 3101 3643 3170 quod

2071 3187 2445 3258 praedicabant,
2467 3203 2649 3242 verum
2676 3201 2815 3251 esse,
2841 3196 2895 3243 et
2917 3188 3286 3245 communibus
3310 3189 3515 3260 legibus
3540 3207 3643 3244 non

2073 3280 2362 3345 adversari,
2381 3288 2542 3349 utque
2562 3279 2686 3335 dum
2707 3281 3048 3350 loquerentur
3062 3281 3128 3336 de
3140 3281 3402 3352 dogmate,
3419 3297 3484 3336 ne
3502 3281 3648 3337 vide-

2074 3381 2258 3429 rentur
2286 3373 2426 3442 leges
2453 3372 2762 3427 subvertere
2786 3412 2801 3439 ,
2834 3388 2897 3428 ac
2924 3388 3107 3427 rursus
3133 3373 3256 3428 dum
3282 3374 3649 3431 demonstrare

2075 3472 2398 3517 conarentur
2421 3503 2434 3525 ,
2476 3475 2535 3514 sc
2578 3462 2879 3516 connnunia
2927 3470 3122 3517 statuta
3154 3478 3258 3517 non
3289 3463 3520 3529 violare,
3552 3465 3648 3518 do-

2077 3564 2308 3624 gmatum
2341 3554 2623 3622 puritatem
2656 3567 2721 3607 ne
2745 3563 3141 3622 corrumperent
3174 3572 3186 3608 :
3218 3570 3335 3623 qua:
3364 3554 3540 3609 omnia
3569 3558 3650 3608 vi-

2079 3645 2229 3700 debis
2265 3652 2321 3700 ct
2357 3661 2387 3698 a
2427 3645 2606 3710 Petro,
2639 3653 2690 3698 et
2731 3659 2762 3698 a
2810 3645 3003 3711 Paulo,
3030 3654 3084 3700 et
3109 3661 3137 3698 a
3169 3646 3376 3701 caeteris
3407 3646 3653 3702 omnibus

2081 3737 2368 3808 prudenter
2388 3736 2657 3792 observari
2678 3746 2729 3792 et
2749 3735 2909 3792 efﬁci.
2941 3736 3149 3792 Etenim
3170 3747 3229 3792 ut
3255 3738 3454 3794 factiosi
3479 3748 3532 3794 et
3552 3754 3654 3793 no-

2082 3838 2292 3881 vatores
2318 3827 2510 3896 ubique
2531 3835 2815 3882 terrrarum
2833 3825 3214 3881 accusabantur
3234 3844 3246 3880 :
3265 3836 3497 3882 attamen
3519 3827 3656 3882 hanc

2084 3918 2158 3973 illi
2187 3918 2539 3987 suspicionem
2571 3917 2895 3986 repulerunt,
2919 3925 2971 3972 et
3000 3918 3320 3972 contrariam
3349 3918 3448 3972 sibi
3475 3919 3656 3974 conci-

2087 4011 2283 4065 liarunt
2304 4050 2320 4075 ,
2348 4009 2499 4079 quasi
2527 4017 2826 4063 servatores
2851 4048 2866 4074 ,
2895 4017 3170 4064 curatores
3189 4023 3251 4063 ac
3275 4008 3496 4064 benefici
3517 4009 3658 4078 apud
3703 4059 3715 4078 τ
3745 4054 3756 4058 _

2088 4120 2274 4161 omnes
2304 4102 2572 4160 celebrati.
2605 4102 2727 4155 llzec
2755 4110 2929 4156 autem
2952 4102 3126 4156 omnia
3155 4117 3217 4156 ex
3247 4101 3442 4171 ingenti
3468 4103 3661 4170 patien-

2090 4198 2158 4252 tia
2195 4193 2570 4265 operabantur.
2603 4191 2955 4258 Quamobrem
2984 4190 3190 4245 dicebat
3218 4190 3413 4245 Paulus
3437 4209 3450 4243 :
3479 4191 3660 4256 Quoti-

2092 4289 2172 4340 die
2197 4286 2383 4339 morior
2411 4284 2487 4355 (1.
2516 4281 2634 4337 Cor.
2671 4283 2756 4336 15.
2787 4282 2905 4350 51);
2935 4291 2988 4336 ct
3018 4296 3184 4351 usque
3210 4282 3262 4335 in
3292 4281 3453 4336 ﬁnem
3482 4284 3532 4336 in
3565 4299 3651 4352 pe-

2093 4379 2272 4433 riculis
2313 4374 2688 4446 perseveravit.
2729 4373 2840 4439 Qua
2886 4373 3043 4443 igitur
3069 4373 3222 4427 venia
3261 4373 3406 4444 digni
3455 4392 3664 4438 sumus.

2092 4472 2182 4544 qui
2210 4478 2286 4524 tot
2309 4467 2550 4535 exempla
2581 4465 2836 4520 habentes
2855 4465 3012 4522 etiam
3041 4465 3091 4519 in
3122 4480 3252 4537 pace
3272 4466 3502 4522 molliter
3528 4469 3661 4524 vivi-

2096 4577 2212 4618 mus
2238 4575 2299 4614 ac
2324 4556 2632 4628 dejicimur?
2661 4554 2880 4611 Nemine
2896 4555 3089 4624 quippe
3107 4553 3335 4610 bellante
3351 4557 3666 4625 occidimur,

2097 4655 2306 4711 nemine
2325 4657 2674 4723 persequente
2689 4647 3027 4703 dissolvimur
3041 4666 3057 4704 :
3071 4649 3270 4718 inpace
3289 4650 3443 4704 saluti
3462 4651 3668 4722 advigi-

2099 4744 2468 4813 larejubemur
2479 4748 2531 4794 et
2545 4738 2843 4808 nequimus.
2861 4737 2963 4805 Illi,
2978 4738 3196 4794 incenso
3212 4740 3359 4803 orbe,
3374 4749 3425 4796 et
3438 4757 3565 4812 rogo
3578 4759 3672 4813 per

2101 4848 2263 4893 totam
2293 4845 2488 4889 terram
2516 4831 2732 4885 ardente
2750 4870 2770 4896 ,
2797 4829 2848 4884 in
2881 4828 3145 4886 ﬂammam
3176 4830 3432 4900 ingressi,
3460 4848 3552 4885 eos
3578 4835 3672 4903 qui

2102 4923 2550 4983 comburebantur
2571 4920 2693 4975 inde
2716 4919 3095 4985 extrahebant;
3127 4927 3180 4973 tu
3198 4935 3326 4974 vero
3350 4935 3419 4975 ne
3444 4921 3673 4989 teipsum

2103 5019 2318 5094 quidem
2347 5030 2561 5071 servare
2589 5022 2756 5083 potes.
2790 5012 2917 5076 Quia
2957 5011 3113 5080 igitur
3138 5010 3291 5064 nobis
3318 5013 3421 5066 erit
3446 5011 3676 5068 ﬁducia?

2105 5129 2222 5186 quae
2249 5109 2444 5165 venia?
2494 5106 2608 5161 Non
2650 5104 2869 5163 verbera
2910 5103 3205 5164 imminent,
3246 5116 3352 5156 non
3392 5117 3676 5168 carceres,

2107 5221 2212 5262 non
2259 5200 2544 5272 principes,
2586 5211 2691 5248 non
2734 5207 3036 5267 synagog:e,
3081 5207 3184 5246 non
3224 5192 3369 5247 aliud
3405 5193 3678 5263 quidpiam

2111 5291 2412 5365 hujusmodi
2435 5329 2450 5355 ,
2493 5286 2588 5342 sed
2617 5294 2801 5339 contra
2834 5297 3050 5352 prorsus
3074 5323 3088 5348 ,
3130 5298 3230 5337 nos
3266 5283 3602 5339 dominamur
3630 5293 3683 5342 et

2111 5387 2451 5455 imperamus.
2497 5379 2851 5448 Imperatores
2887 5376 3029 5430 enim
3071 5375 3210 5444 piam
3245 5375 3426 5430 colunt
3469 5377 3685 5445 religio-

2113 5493 2254 5539 nem,
2279 5470 2561 5529 Christiani
2590 5468 2767 5523 multis
2792 5467 3038 5522 fruuntur
3066 5465 3378 5532 honoribus,
3408 5467 3687 5535 praefectu-

2115 5570 2210 5635 ris,
2251 5566 2416 5638 gloria
2441 5604 2459 5629 ,
2505 5559 2882 5631 tranquillitate
2912 5577 2925 5614 :
2955 5574 3129 5628 neque
3156 5559 3234 5613 sic
3258 5567 3434 5615 tamen
3467 5574 3688 5629 supera-

2119 5676 2258 5718 mus.
2286 5655 2390 5716 Sed
2421 5656 2494 5712 illi
2518 5653 2730 5725 quidem
2754 5668 2872 5708 cum
2895 5651 2961 5706 ad
2982 5651 3273 5706 cruciatum
3295 5667 3416 5708 cum
3439 5652 3546 5709 reis
3560 5668 3692 5724 quo-
