3900 6194
1896 128 1933 137 κ

320 234 432 295 $95

326 351 455 407 tidie
479 351 820 417 ducerentur,
846 360 952 407 tam
976 349 1246 417 doctores,
1275 368 1431 424 quam
1462 352 1730 424 discipuli,
1761 352 1909 408 mille

324 446 588 501 vibicibus
613 453 667 500 et
696 446 878 502 multis
903 446 1081 501 onuSti
1109 446 1439 513 vulneribus,
1461 448 1663 517 majore
1682 460 1841 517 quam
1872 446 1908 500 ii

315 539 413 609 'qui
447 540 499 593 in
530 538 779 609 paradiso
821 548 946 595 sunt
970 540 1242 612 voluptate
1278 540 1588 596 fruebantur
1618 563 1630 597 :
1657 555 1755 595 nos
1784 554 1911 595 vero

322 631 413 700 qui
442 646 509 686 ne
533 631 584 684 in
616 632 820 687 somnis
844 631 1060 702 quidem
1095 633 1200 687 tale
1230 631 1499 703 quidpiam
1526 631 1873 687 sustinuimus
1892 671 1908 698 ,

318 734 448 780 'ccra
478 724 752 782 molliores
782 739 986 781 sumus.
1029 728 1098 780 At
1140 725 1237 793 illi,
1266 725 1495 795 inquies,
1526 724 1783 779 miracula
1814 738 1910 793 pa-

326 817 560 871 trabant.
606 818 685 870 An
728 816 849 871 ideo
885 832 990 872 non
1027 816 1484 872 verberabantur?
1509 832 1575 870 an
1605 831 1711 871 non
1740 815 1909 885 pelle-

320 906 553 962 bantur?
584 907 791 963 Etenim
820 916 874 963 et
900 907 1024 963 illud
1050 923 1262 978 quoque
1292 907 1610 978 stupendum
1633 917 1734 972 est,
1767 908 1906 977 quod

321 1013 465 1068 saepe
493 998 560 1054 ab
587 999 652 1053 iis
677 1014 812 1069 quos
842 999 1102 1054 beneficio
1123 998 1409 1054 affecerant
1430 1000 1551 1054 talia
1577 1011 1904 1069 paterentur,

318 1098 420 1142 n'ec
445 1089 522 1144 sic
551 1099 724 1144 tamen
752 1090 1111 1156 turbarentur,
1140 1090 1265 1144 dum
1293 1091 1429 1144 mala
1463 1106 1557 1161 pro
1583 1091 1737 1145 bonis
1762 1091 1903 1146 rcci-

260 1220 265 1223 -
316 1191 507 1251 perent
538 1198 549 1233 :
585 1192 640 1236 tu
672 1198 819 1250 vero,
852 1182 897 1237 si
918 1198 1075 1253 quem
1109 1181 1318 1237 modico
1348 1183 1610 1238 beneficio
1639 1183 1902 1248 alleceris,

316 1271 618 1343 deindeque
648 1273 909 1328 molestiae
934 1272 1202 1343 quidpiam
1240 1272 1307 1327 ab
1337 1272 1428 1326 illo
1457 1273 1728 1345 acceperis
1748 1316 1763 1341 ,
1795 1283 1899 1328 tur-

315 1362 485 1431 baris,
515 1380 577 1420 ac
606 1373 657 1421 te
686 1365 866 1420 collati
898 1364 1139 1420 beneficii
1168 1365 1408 1435 paenitet.

386 1455 440 1511 6.
480 1453 535 1512 Si
580 1456 757 1525 itaque
802 1455 1074 1521 acciderit,
1124 1454 1267 1525 quod
1322 1469 1390 1510 ne
1433 1454 1640 1510 accidat
1692 1470 1899 1526 precor,

314 1545 512 1604 bellum
543 1545 596 1602 in
630 1546 883 1602 Ecclesiis
910 1545 1112 1602 moveri
1141 1552 1196 1601 et
1218 1545 1705 1617 persequutionem,
1730 1546 1902 1616 cogita

312 1637 433 1708 quis
459 1638 666 1692 futurus
685 1637 756 1693 sit
792 1636 955 1706 risus,
981 1652 1102 1709 qua:
1131 1637 1438 1708 opprobria.
1464 1636 1533 1692 Et
1560 1638 1752 1693 merito
1785 1636 1905 1708 qui-

311 1731 435 1788 dem
475 1749 489 1786 :
519 1746 640 1787 cum
666 1731 810 1787 enim
829 1730 881 1786 in
917 1731 1160 1801 palmstra
1204 1745 1363 1786 nemo
1382 1741 1717 1799 exerceatur,
1764 1744 1902 1802 quo-

292 1822 474 1880 modo
513 1822 709 1892 aliquis
759 1823 813 1878 iu
867 1820 1248 1878 certaminibus
1296 1821 1400 1877 erit
1453 1819 1719 1891 insignis?
1769 1820 1901 1889 Quis

311 1914 455 1970 enim
503 1913 733 1981 athleta,
792 1912 881 1984 qui
933 1911 1282 1983 pmdotribam
1333 1910 1538 1966 nullum
1583 1911 1817 1979 noverit,
1842 1910 1898 1967 in

310 2004 695 2061 certaminibus
743 2002 1038 2075 Olympicis
1110 2002 1305 2073 poterit
1361 2001 1618 2057 adversus
1675 2001 1899 2057 alterum

310 2097 582 2170 quidpiam
637 2112 886 2168 maguum
929 2096 1015 2152 vel
1056 2104 1335 2151 strenuum
1372 2095 1669 2152 exhibere?
1706 2097 1897 2151 Annon

314 2199 585 2261 oporteret
618 2206 716 2246 nos
763 2187 1000 2260 quotidie
1048 2203 1319 2260 pugnare,
1362 2197 1571 2246 certare
1594 2229 1610 2255 ,
1640 2189 1899 2245 currere?

308 2281 498 2338 Nonne
525 2281 718 2336 videtis
740 2280 791 2335 in
822 2279 1057 2351 quinque
1083 2278 1466 2335 certaminibus
1492 2278 1570 2350 (a)
1588 2319 1602 2343 ,
1630 2293 1754 2335 cum
1774 2279 1898 2333 nul-

308 2374 419 2428 lum
448 2372 605 2428 habet
632 2375 750 2441 quis
775 2371 1139 2427 adversarium
1167 2411 1181 2436 ,
1208 2370 1476 2440 quomodo
1497 2384 1709 2425 saccum
1736 2385 1898 2426 arena

275 2464 476 2520 'multa
512 2464 771 2535 repletum
827 2462 1189 2534 su3pendant,
1236 2463 1449 2532 illicque
1498 2462 1663 2518 robur
1726 2471 1897 2519 totum
1958 2474 1963 2475 ί

307 2563 594 2610 exerceant
622 2572 634 2607 :
654 2553 893 2624 juniores
916 2562 1093 2608 autem
1115 2567 1236 2608 cum
1263 2553 1566 2622 junioribus
1590 2567 1711 2609 sese
1736 2569 1894 2610 exer-

310 2654 470 2703 ceant
514 2644 581 2700 ad
627 2659 856 2715 pugnam
884 2660 1005 2700 cum
1052 2645 1372 2699 adversariis
1422 2645 1897 2701 committendam?

309 2739 420 2794 llos
449 2746 506 2794 et
543 2746 599 2793 tu
628 2738 852 2805 imitare,
883 2745 939 2793 et
967 2738 1021 2792 in
1057 2735 1407 2808 philosophia:
1442 2739 1821 2795 certaminibus
1844 2749 1897 2796 te

307 2846 519 2887 exerce.
545 2828 693 2886 Multi
734 2837 881 2885 certe
905 2828 970 2883 ad
1001 2828 1134 2883 iram
1160 2829 1458 2894 concitant,
1480 2830 1632 2884 multi
1676 2830 1742 2886 ad
1770 2846 1896 2887 con-

305 2923 685 2996 cupiscentiam
713 2921 977 2994 injiciunt,
1013 2935 1364 2992 magnamque
1386 2922 1715 2978 succendunt
1742 2923 1893 2979 ﬂam-

306 3033 472 3073 mam.
503 3016 597 3073 Sta
624 3015 786 3086 igitur
824 3024 1009 3071 contra
1039 3027 1306 3069 aerumnas
1326 3056 1342 3080 ,
1374 3013 1455 3069 fer
1483 3024 1701 3072 strenue
1729 3018 1892 3072 animi

304 3108 543 3177 dolores,
565 3116 625 3164 ut
647 3108 888 3177 corporis
912 3118 1125 3177 quoque
1147 3106 1358 3161 labores
1380 3105 1521 3162 ferre
1543 3108 1734 3178 possis.
1753 3108 1891 3164 Bea-

303 3209 389 3256 tus
412 3200 609 3271 quippe
623 3197 744 3267 Job,
779 3198 878 3253 nisi
900 3198 1066 3269 probe
1089 3208 1214 3253 ante
1238 3198 1528 3253 certamina
1560 3202 1890 3256 exercitatus

305 3292 510 3358 fuisset,
562 3304 668 3345 non
717 3297 820 3343 tam
851 3287 1210 3360 splenduisset
1243 3288 1296 3343 in
1335 3290 1715 3347 certaminibus
1745 3308 1760 3345 :
1789 3292 1891 3348 nisi

278 3384 591 3458 .meditatus
646 3380 832 3436 fuisset
872 3397 974 3451 qua
1010 3382 1218 3436 ratione
1263 3396 1551 3438 mterorem
1598 3398 1814 3440 omnem
1869 3384 1887 3418 ί

302 3474 557 3547 abigeret,
572 3473 750 3529 audita
770 3472 997 3527 filiorum
1018 3480 1209 3539 morte,
1230 3473 1429 3544 aliquid
1452 3474 1706 3531 audacter
1727 3475 1892 3533 dixis-

302 3578 423 3625 set:
451 3567 545 3624 sed
568 3567 632 3622 ad
661 3566 839 3622 omnia
865 3566 1155 3621 certamina
1179 3565 1327 3622 stetit
1374 3568 1599 3636 fortiter,
1627 3568 1694 3623 ad
1728 3583 1890 3639 pecu-

306 3660 514 3715 niarum
541 3667 914 3727 tantorumque
942 3655 1205 3712 bonorum
1231 3657 1491 3727 jacturam
1518 3700 1535 3726 ,
1564 3659 1628 3714 ad
1659 3659 1889 3717 filiorum

321 3752 614 3818 interitum,
656 3749 721 3805 ad
768 3752 946 3804 uxoris
985 3749 1232 3804 allectum
1281 3765 1524 3819 pravum,
1558 3752 1623 3807 ad
1651 3757 1890 3825 corporis

302 3845 544 3910 vulnera,
586 3842 651 3897 ad
674 3842 966 3896 amicorum
993 3841 1276 3910 opprobria
1300 3884 1313 3909 ,
1346 3843 1411 3897 ad
1437 3845 1675 3900 convicia
1698 3846 1885 3903 dome-

302 3938 580 3993 sticorum.
624 3933 679 3990 Si
714 3947 872 4004 porro
918 3932 1045 3987 velis
1084 3933 1490 3990 exercitationes
1519 3936 1634 4006 ejus
1667 3939 1885 4009 conspio

300 4044 445 4094 cere,
465 4027 590 4082 audi
616 4029 786 4097 ipsum
812 4025 1097 4088 dicentem,
1124 4035 1378 4094 quantum
1395 4030 1671 4098 pecuniam
1701 4032 1883 4103 deSpi-

292 4129 444 4175 ceret
471 4136 484 4171 :
517 4117 580 4174 Si
614 4116 766 4172 etiam
797 4116 1000 4169 lwtatus
1031 4130 1175 4181 sum,
1208 4117 1377 4171 multis
1406 4119 1529 4173 milii
1570 4121 1883 4191 affluentibus

294 4211 484 4264 divitiis
511 4210 587 4265 :si
609 4226 708 4263 non
724 4209 894 4279 putavi
915 4222 1096 4260 aurum
1116 4208 1391 4276 pulverem,
1419 4212 1464 4265 si
1483 4213 1533 4265 in
1566 4214 1733 4284 lapide
1760 4234 1879 4287 prec

289 4303 418 4356 tioso
444 4300 685 4370 ﬁduciam
728 4299 881 4353 habui
933 4299 1053 4370 (Job
1089 4298 1179 4353 3|.
1207 4299 1298 4355 25.
1325 4299 1453 4374 24).
1500 4303 1625 4360 ideo
1653 4322 1721 4362 ne
1750 4309 1879 4379 ipsis

292 4393 507 4464 quidem
545 4393 781 4464 abreptis
804 4393 1119 4450 turbabatur
1142 4436 1157 4461 ,
1186 4396 1276 4467 qui
1308 4399 1647 4467 praesentium
1671 4402 1878 4472 cupidi-

292 4494 401 4540 tate
439 4500 545 4539 non
575 4484 875 4540 tenebatur.
922 4486 1061 4542 Audi
1102 4487 1260 4543 etiam
1287 4489 1555 4559 quomodo
1579 4506 1640 4547 ea
1667 4509 1786 4562 quae
1809 4493 1876 4549 ad

289 4575 433 4629 filios
454 4575 765 4644 spectabant
788 4584 1056 4645 tractaret,
1086 4593 1193 4633 non
1224 4579 1451 4636 molliter
1467 4582 1583 4651 plus
1608 4599 1764 4654 quam
1793 4586 1875 4643 fas

288 4666 361 4722 sit
380 4682 564 4737 agens,
595 4675 655 4720 ut
677 4682 795 4734 nos,
826 4667 922 4723 sed
948 4684 1161 4723 omnem
1179 4669 1246 4725 ab
1272 4669 1377 4726 illis
1400 4672 1729 4743 diligentiam
1758 4677 1873 4733 exi-

285 4772 440 4830 gens.
473 4756 608 4814 Nam
634 4758 726 4828 qui
747 4773 848 4830 pro
874 4756 1101 4815 occultis
1124 4761 1442 4816 sacrificium
1474 4764 1753 4834 offerebat,
1781 4782 1872 4824 co-

278 4849 391 4921 gita
434 4863 594 4921 quam
643 4857 834 4905 exacte
875 4848 944 4905 de
981 4849 1280 4906 manifestis
1313 4852 1596 4921 judicaret.
1643 4855 1794 4923 Quod
1824 4859 1871 4914 si

283 4940 419 4996 velis
443 4939 561 5011 ejus
587 4937 657 4995 de
686 4940 929 4995 castitate
966 4955 1242 4996 sermones
1268 4942 1454 4999 audire
1476 4985 1493 5012 ,
1543 4945 1666 5001 audi
1717 4947 1867 5005 illum

280 5033 549 5092 dicentem
575 5052 587 5089 :
612 5032 796 5105 Pepigi
822 5034 987 5104 [trdus
1014 5051 1130 5088 cum
1148 5034 1309 5090 oculis
1343 5037 1486 5104 meis,
1518 5046 1573 5092 ut
1597 5056 1658 5094 ne
1678 5042 1867 5112 cogita-

274 5141 384 5179 rem
420 5124 623 5196 quidem
650 5124 714 5179 de
739 5126 929 5196 virgine
954 5126 1112 5195 (Ibid.
1143 5142 1189 5183 υ.
1222 5125 1311 5201 1).
1341 5127 1544 5185 idcirco
1579 5131 1725 5188 illum
1754 5150 1861 5190 non

275 5214 436 5285 fregit
462 5231 597 5270 uxor
628 5232 642 5269 :
668 5216 814 5271 illam
838 5212 1036 5287 quippe
1059 5227 1212 5272 antea
1242 5219 1475 5288 amabat,
1501 5229 1559 5276 et
1590 5238 1693 5278 non
1722 5224 1858 5281 ultra

272 5305 517 5375 modum,
540 5308 633 5363 sed
656 5310 976 5365 utconvenit
994 5326 1213 5366 uxorem
1236 5312 1478 5383 diligere.
1503 5316 1857 5383 Quamobrem

271 5396 407 5453 mihi
430 5398 613 5452 mirari
652 5399 812 5465 subit,
846 5416 939 5455 cur
970 5401 1019 5455 in
1053 5419 1287 5457 ammmn
1321 5404 1585 5462 induxerit
1610 5407 1858 5467 diabolus

333 5540 348 5569 ⁸
381 5536 500 5601 Alii,
523 5536 834 5601 cupiditatem
855 5554 1059 5593 omnem.

307 5600 403 5713 u(a)
434 5601 522 5672 .De
560 5600 816 5688 pentathlo
856 5602 965 5654 sive
1005 5608 1325 5681 quinquertie
1372 5618 1532 5663 actum
1580 5618 1661 5663 est
1701 5614 1843 5667 Anti-

362 5669 474 5711 laus
514 5662 789 5713 explanata
814 5664 869 5713 τ.
896 5662 955 5713 V.
983 5667 1015 5713 Ι.
1053 5685 1098 5713 o.
1129 5682 1173 5713 ll.
1209 5668 1316 5713 29!-

265 5662 474 5725 linitatis
514 5662 789 5725 explanata
814 5664 869 5716 τ.
896 5662 955 5727 ν,
983 5662 1098 5727 1Ϊ5,
1124 5662 1173 5730 ιῖ.
1209 5668 1316 5719 29!.

1582 5820 1663 5831 .,-__‘

1069 234 1127 291 S.
1166 230 1443 291 JOANNIS
1465 230 1941 292 CHRYSOSTOMI
1994 233 2311 295 ARCHIEP.
2345 240 2881 304 CONSTANTINOP.

2018 358 2313 414 certamina
2341 371 2527 416 contra
2552 363 2723 428 ipsum
2746 380 2985 431 movere,
3006 368 3099 439 qui
3122 368 3243 440 ejus
3266 374 3606 431 exercitatio-

2014 462 2114 504 nes
2149 462 2393 506 noverat.
2438 453 2547 509 Cur
2572 470 2700 526 ergo
2725 458 2777 510 id
2815 459 2887 512 illi
2920 460 2970 513 iu
3000 470 3232 517 mentem
3260 466 3445 519 venit?
3469 467 3604 523 Mala

2015 550 2099 596 est
2142 542 2311 598 bestia
2358 560 2455 601 nec
2481 562 2733 619 umquam
2771 551 3060 621 desperat;
3092 555 3143 609 id
3172 557 3311 627 quod
3338 571 3482 615 certe
3506 575 3606 616 nos

2017 636 2248 691 maxime
2273 637 2491 694 damnat
2514 682 2531 704 ,
2579 642 2719 711 quod
2747 657 2869 698 cum
2916 645 3006 701 ille
3035 662 3325 718 numquam
3352 651 3602 719 desperet

2016 727 2083 782 de
2106 730 2337 798 pernicie
2367 732 2521 787 nobis
2560 734 2834 790 inferenda
2860 779 2874 803 ,
2903 751 3000 792 nos
3025 738 3380 810 desperemus
3405 743 3473 797 de
3494 760 3596 797 no-

2015 830 2124 874 stra
2147 821 2337 877 salute.
2367 823 2473 879 Sed
2498 825 2618 881 vide
2646 827 2808 883 etiam
2850 830 3117 900 quomodo
3146 836 3387 902 corporis
3426 835 3600 891 labem

2013 920 2067 965 et
2092 914 2294 968 saniem
2316 923 2439 971 ante
2461 916 2747 974 meditatus
2766 920 2855 975 sit.
2880 921 3014 989 Quia
3038 925 3178 978 enim
3200 926 3598 998 nihilumquam

2014 1001 2119 1055 tale
2142 1018 2331 1073 passus
2360 1004 2551 1071 fuerat,
2595 1008 2687 1063 sed
2715 1010 2765 1064 in
2795 1010 3011 1076 divitiis,
3043 1013 3313 1084 voluptate
3337 1032 3400 1071 ac
3420 1019 3604 1086 splen-

2012 1093 2142 1148 dore
2179 1095 2339 1150 vitam
2369 1105 2719 1167 transegerat,
2773 1101 2976 1157 alienas
3007 1106 3336 1161 calamitates
3359 1109 3601 1177 quotidie

2011 1186 2190 1240 animo
2220 1189 2483 1243 versabat.
2535 1190 2602 1244 Et
2631 1191 2733 1246 hoc
2753 1192 3036 1249 declarans
3064 1196 3275 1252 dicebat
3306 1216 3321 1252 :
3350 1198 3491 1253 Nam
3536 1202 3600 1255 ti-

2011 1293 2140 1340 mor,
2169 1294 2315 1345 quem
2366 1280 2619 1348 timebam,
2649 1287 2809 1337 ereuit
2845 1286 2987 1349 mihi,
3016 1295 3064 1341 et
3089 1305 3234 1358 quem
3258 1291 3596 1359 trepidabant,
3632 1268 3643 1285 ι

2010 1373 2226 1424 occurrit
2246 1373 2371 1426 mihi
2407 1373 2524 1442 (Iob
2553 1376 2603 1429 5.
2634 1376 2705 1431 25
2727 1379 2763 1443 ).
2798 1378 2862 1433 Et
2889 1394 3072 1435 rursus
3104 1401 3118 1435 :
3148 1381 3255 1453 Ego
3286 1400 3403 1438 vero
3443 1401 3599 1456 super

2009 1463 2147 1516 omni
2174 1464 2422 1520 imbecillo
2459 1467 2656 1536 ploran
2674 1509 2687 1529 .
2718 1478 2764 1522 et
2790 1469 3010 1540 ingemati
3043 1473 3218 1528 videns
3246 1475 3403 1528 virum
3425 1476 3478 1529 in
3508 1493 3599 1530 ne-

1987 1554 2320 1612 cessitatibus
2361 1557 2489 1628 (Id.
2523 1558 2612 1614 30.
2639 1558 2770 1632 25).
2806 1561 2932 1617 Ideo
2954 1564 3098 1618 nulla
3123 1579 3189 1619 ex
3216 1565 3320 1622 illis
3346 1565 3601 1623 intolera-

2006 1646 2207 1704 bilibus
2231 1647 2624 1706 calamitatibus
2674 1651 2824 1709 illum
2850 1653 3214 1723 perturbabar.
3244 1654 3323 1711 Ne
3348 1656 3477 1711 mihi
3504 1673 3598 1713 re-

2006 1741 2201 1813 spicias
2251 1743 2593 1813 pecuniarum
2640 1746 2901 1813 jacturam
2932 1788 2947 1812 ,
3002 1746 3229 1803 filiorum
3294 1750 3595 1818 interitum,

2006 1834 2216 1906 plagam
2267 1835 2411 1890 illam
2441 1836 2785 1892 incurabilem
2807 1878 2822 1903 ,
2857 1838 3039 1894 uxoris
3084 1839 3342 1906 insidias;
3373 1842 3467 1897 sed
3512 1842 3598 1898 his

1998 1912 2163 1997 longe
2184 1928 2449 1997 graviora.
2478 1927 2545 1983 Et
2564 1928 2689 1999 quid
2710 1928 2949 1998 gravius,
2978 1930 3205 2000 inquies,
3228 1930 3331 1989 Iob
3351 1935 3598 2003 accepit?

2010 2017 2081 2073 ab
2108 2018 2330 2075 historia
2357 2028 2507 2075 certe
2533 2020 2660 2075 nihil
2691 2020 2837 2076 aliud
2862 2021 3139 2078 discimus.
3172 2023 3303 2090 Quia
3326 2024 3591 2080 dormita-

2006 2122 2126 2163 mus
2154 2150 2169 2175 ,
2199 2124 2304 2164 non
2333 2109 2587 2166 discimus
2637 2127 2652 2164 :
2683 2112 2775 2166 sed
2823 2112 2913 2182 qui
2943 2113 3228 2185 diligenter
3253 2116 3517 2187 explorat,
3540 2126 3598 2174 et

2006 2202 2344 2272 margaritam
2367 2204 2533 2274 probe
2558 2203 2768 2273 quaerit,
2803 2204 2969 2259 multo
2985 2205 3133 2276 plura
3152 2207 3303 2264 sciet.
3334 2206 3592 2265 Graviora

2006 2293 2224 2363 quippe,
2253 2308 2372 2364 qua:
2413 2294 2669 2364 majorem
2709 2294 3165 2365 perturbationem
3197 2297 3393 2354 inferre
3438 2310 3593 2369 pote-

2005 2394 2147 2453 rant,
2176 2384 2282 2440 alia
2324 2395 2499 2440 erant.
2534 2386 2734 2450 Primo,
2762 2386 2902 2457 quod
2944 2387 3072 2441 nihil
3119 2389 3282 2445 sciret
3325 2390 3395 2446 de
3423 2406 3591 2462 regno

2005 2477 2259 2534 caelorum
2289 2488 2343 2534 et
2368 2479 2437 2534 de
2472 2480 2865 2535 resurrectione
2890 2479 2967 2553 (a)
3001 2483 3179 2551 :quod
3209 2484 3368 2539 etiam
3398 2486 3587 2556 lugens

2005 2568 2213 2625 dicebat
2241 2587 2254 2624 :
2285 2568 2407 2624 Non
2461 2570 2593 2624 enim
2622 2570 2674 2624 in
2702 2579 2945 2626 talentum
2975 2572 3158 2641 vivant,
3190 2585 3244 2628 ut
3284 2576 3593 2646 fouganimis

2004 2662 2099 2715 sim
2128 2659 2252 2731 (Id.
2292 2664 2343 2717 7.
2384 2661 2509 2734 l6).
2549 2662 2818 2732 Secundo,
2857 2664 2998 2734 quod
3015 2666 3327 2721 vmultorum
3355 2670 3455 2723 sibi
3488 2669 3589 2724 bo-

2004 2770 2195 2809 norum
2221 2756 2467 2811 conscius
2487 2766 2649 2812 esset.
2675 2755 2875 2813 Tertio.
2907 2757 3046 2828 quod
3077 2758 3272 2814 nullius
3294 2772 3433 2817 esset
3451 2776 3587 2816 con-

2004 2846 2145 2901 scius
2173 2846 2318 2900 mali.
2350 2846 2571 2913 Quarto,
2597 2848 2739 2918 quod
2779 2848 2877 2903 sibi
2909 2864 2936 2901 a
2980 2849 3089 2904 Deo
3117 2860 3327 2921 putaret
3357 2852 3470 2908 haec
3501 2854 3588 2908 in-

2002 2934 2130 2990 ferri
2153 2936 2288 2990 mala
2316 2954 2329 2991 :
2374 2937 2514 3007 quod
2546 2938 2589 2993 si
2615 2938 2775 2993 etiam
2814 2954 2842 2993 a
2875 2939 3089 2996 diabolo
3113 2982 3126 3004 ,
3154 2943 3255 2997 hoc
3283 2943 3354 2996 illi
3383 2954 3589 3013 poterat

2003 3027 2325 3083 offendiculo
2369 3043 2506 3084 esse.
2552 3030 2778 3097 Quinto,
2812 3032 2951 3101 quod
2978 3032 3185 3087 audiret
3205 3034 3404 3090 amicos
3434 3050 3491 3091 se
3516 3035 3589 3092 de

2001 3120 2234 3189 nequitia
2264 3121 2566 3176 incusantes
2591 3138 2603 3174 :
2631 3121 2752 3176 Non
2790 3124 2921 3177 enim
2955 3125 3231 3195 condignas
3254 3167 3268 3190 ,
3299 3127 3582 3196 dicebant,

2001 3212 2219 3282 peccatis
2240 3213 2338 3267 tuis
2357 3214 2534 3284 plagas
2552 3214 2740 3285 accipis
2760 3213 2870 3286 (Id.
2899 3217 2980 3271 Η.
3011 3218 3106 3289 6).
3147 3218 3329 3284 Sesto,
3358 3221 3497 3291 quod
3530 3223 3584 3278 iu

2002 3304 2232 3374 nequitia
2245 3304 2481 3361 viventes
2496 3305 2697 3361 videret
2714 3320 2967 3379 prospere
2983 3323 3162 3380 agere,
3176 3319 3229 3367 et
3240 3327 3298 3367 se
3313 3312 3581 3369 deridere.

1999 3393 2258 3465 Septimo,
2273 3394 2412 3465 quod
2434 3396 2700 3452 neminem
2714 3382 2918 3454 videret
2935 3400 3054 3455 talia
3076 3415 3324 3473 umquam
3345 3417 3579 3474 passum.

2069 3486 2124 3540 7.
2154 3484 2236 3540 Ea:
2256 3487 2530 3556 pusillitate
2552 3498 2723 3544 nostra
2742 3501 2985 3560 quantum
3018 3492 3277 3562 splendeat
3293 3493 3413 3549 δυὺὲ
3433 3498 3584 3567 forti-

1998 3577 2139 3632 tudo.
2168 3608 2240 3618 —
2269 3578 2337 3633 Et
2356 3578 2400 3633 si
2426 3579 2636 3635 discere
2666 3579 2801 3635 velis
2827 3589 3020 3651 quanta
3048 3582 3163 3638 hmo
3189 3587 3315 3652 sint,
3339 3599 3582 3655 praesen-

1997 3671 2067 3725 tia
2098 3672 2397 3727 considera.
2429 3672 2559 3727 Nam
2590 3674 2633 3727 si
2665 3689 2807 3729 nunc
2834 3717 2849 3742 ,
2877 3690 2999 3730 cum
3031 3691 3250 3747 regnum
3294 3691 3577 3750 exspecta-

1997 3775 2099 3833 tur,
2126 3782 2247 3822 cum
2292 3769 2609 3825 resurrectio
2637 3780 2899 3842 speratur,
2930 3787 3136 3828 necnon
3173 3772 3457 3830 ineffabilia
3486 3776 3577 3832 illa

1993 3860 2152 3926 bona,
2178 3878 2298 3917 cum
2330 3862 2586 3918 malorum
2617 3864 2761 3920 mille
2789 3864 2940 3921 nobis
2970 3866 3168 3921 conscii
3201 3882 3385 3923 sumus
3408 3911 3423 3934 ,
3452 3884 3575 3925 cum

1993 3962 2070 4009 tot
2098 3955 2355 4010 habemus
2380 3956 2623 4026 exempla
2646 3998 2661 4021 ,
2693 3965 2748 4011 et
2786 3964 2983 4011 tantam
3016 3967 3303 4014 tractamus
3331 3960 3574 4029 philoso-

1991 4047 2193 4118 phiam,
2224 4048 2265 4101 si
2294 4048 2505 4117 quidam
2535 4065 2599 4104 ex
2643 4049 2798 4104 nobis
2829 4050 3039 4119 paulum
3070 4052 3185 4107 auri
3211 4053 3571 4123 perdiderint,

1990 4155 2133 4210 smpe
2153 4142 2335 4212 rapina
2362 4151 2587 4212 partum,
2620 4159 2724 4197 non
2754 4145 2967 4199 vitalem
2993 4144 3092 4200 sibi
3120 4146 3278 4201 vitam
3307 4163 3427 4203 esse
3448 4149 3571 4204 exi-

1988 4234 2243 4298 stimant;
2276 4233 2379 4289 non
2415 4246 2636 4303 urgente
2674 4250 2839 4291 uxore
2863 4277 2878 4303 ,
2929 4251 3033 4291 non
3087 4235 3319 4307 abreptis
3366 4240 3567 4306 liberis,

1987 4340 2093 4381 non
2116 4326 2302 4382 amicis
2328 4326 2774 4398 exprobrantibus
2799 4368 2811 4389 ,
2842 4344 2947 4382 non
2973 4328 3280 4385 domesticis
3306 4331 3564 4386 insultatv

1985 4421 2158 4487 tibus;
2190 4419 2283 4489 sed
2334 4421 2514 4475 multis
2559 4421 2730 4490 ipsum
2761 4421 3182 4489 consolantibus,
3210 4424 3328 4479 sive
3352 4425 3564 4489 verbis,

1983 4511 2096 4565 sive
2119 4512 2276 4567 rebus
2295 4510 2451 4580 ipsis:
2476 4521 2605 4581 quot
2617 4513 2828 4566 coronis
2838 4512 3029 4583 dignus
3044 4513 3135 4568 ille
3156 4529 3261 4569 non
3284 4515 3459 4581 fuerit,
3476 4518 3566 4587 qui

1976 4600 2136 4671 justis
2177 4602 2399 4657 collecta
2447 4602 2548 4657 sibi
2575 4602 2848 4659 laboribus
2868 4603 3000 4658 vidit
3025 4604 3141 4659 sine
3162 4619 3323 4661 causa
3349 4607 3522 4676 abripi
3548 4649 3563 4671 ,

1976 4703 2034 4748 et
2056 4701 2176 4763 post
2217 4693 2302 4747 illa
2334 4694 2511 4748 omnia
2537 4693 2686 4749 mille
2710 4695 3065 4750 tentationum
3089 4711 3284 4767 genera
3308 4708 3563 4767 expertus

1978 4794 2084 4854 est,
2116 4801 2434 4857 semperque
2477 4796 2652 4841 tamen
2687 4788 2941 4843 immotus
2979 4788 3197 4854 mansit,
3250 4799 3307 4845 et
3349 4791 3562 4846 debitas

1978 4876 2077 4933 hac
2097 4878 2165 4933 de
2194 4894 2252 4934 re
2277 4880 2564 4950 gratiarum
2587 4881 2827 4935 actiones
2850 4881 3075 4937 Domino
3095 4883 3276 4939 retulit
3297 4884 3320 4938 ἶ)
3340 4884 3559 4940 Etiamsi

1970 4972 2117 5027 enim
2148 4972 2321 5026 nullus
2351 4973 2486 5027 alius
2517 4972 2615 5044 ipsi
2666 4973 2855 5029 fuisset
2899 4975 3170 5046 loquutus,
3224 4978 3407 5032 uxoris
3435 4987 3559 5032 tan-

1974 5073 2084 5118 tum
2111 5063 2267 5117 verba
2302 5072 2543 5133 poterant
2577 5064 2661 5119 vel
2692 5074 2871 5135 petras
2902 5081 3261 5123 commovere.
3294 5068 3425 5125 Vide
3458 5072 3557 5141 igi-

1967 5166 2055 5211 tur
2075 5157 2213 5211 illius
2241 5156 2511 5211 astutiam.
2540 5156 2656 5212 Non
2684 5168 2945 5213 memorat
2969 5159 3205 5225 divitias,
3238 5177 3340 5215 non
3373 5154 3558 5217 came-

1965 5252 2069 5318 los,
2097 5267 2201 5305 non
2232 5265 2419 5325 greges
2441 5292 2454 5315 ,
2486 5267 2589 5303 non
2633 5262 2873 5305 armenta
2918 5253 3141 5324 (sciebat
3166 5255 3310 5308 enim
3342 5257 3439 5310 viri
3468 5259 3554 5312 sui

1964 5344 2047 5398 his
2068 5345 2125 5398 in
2147 5344 2306 5400 rebus
2330 5343 2717 5413 philosophiam
2742 5346 2791 5415 ),
2825 5346 2917 5401 sed
2958 5346 3098 5415 quod
3119 5348 3364 5403 acerbius
3413 5361 3549 5415 erat,

1961 5435 2189 5488 filiorum
2218 5436 2514 5501 interitum,
2541 5436 2958 5508 tragwdiamque
2986 5440 3245 5504 extendit,
3276 5452 3436 5511 atque
3453 5459 3552 5497 sua

2022 5566 2096 5637 (a)
2126 5567 2257 5637 Quod
2288 5567 2407 5619 dicit
2444 5568 2840 5637 Cbrysostomus,
2874 5573 3045 5637 Jobmu
3074 5574 3139 5625 de
3182 5590 3553 5629 resurrectione

1956 5628 2075 5709 nihil
2112 5633 2333 5695 novisse,
2368 5645 2466 5685 non
2505 5628 2737 5684 consonat
2927 5634 3113 5701 wlgari
3150 5641 3400 5690 doctorum
3441 5628 3552 5704 ομὲ

1954 5703 2121 5742 uiuite.
