3900 6194
261 349 363 405 δίη

258 456 478 514 addidit.
503 455 655 526 Quod
682 454 726 511 si
753 454 839 521 iis,
862 455 952 524 qni
980 467 1233 524 prospere
1259 468 1370 508 rem
1400 450 1645 522 agebant,
1677 446 1840 504 nihil-

258 564 365 617 que
400 547 665 619 ingratum
692 545 1043 617 patiebantur,
1078 544 1243 599 multa
1263 558 1406 613 sarpe
1432 556 1625 597 uxores
1653 554 1838 597 suase-

261 648 432 695 runt:
476 637 650 714 cogita
678 652 838 706 quam
893 646 1109 689 strenua
1162 634 1249 689 illa
1295 644 1437 690 esset
1481 634 1681 699 anima,
1721 647 1841 703 qua

261 743 484 784 uxorem
517 735 594 781 tot
613 726 775 781 armis
800 726 1110 780 instructam
1138 724 1309 795 potuit
1333 724 1611 795 repellere,
1634 733 1688 777 et
1707 724 1843 778 duos

260 819 556 873 acerrimos
579 816 798 872 affectus
822 816 1065 881 calcavit,
1095 815 1439 886 cupiditatem
1467 823 1522 871 et
1542 813 1841 869 misericor-

260 908 424 963 diam.
455 908 599 962 Multi
624 908 765 963 enim
792 908 882 978 qui
911 907 1401 977 concupiscentiam
1447 906 1708 973 vicerant,
1741 905 1843 960 mi-

262 998 554 1054 sericordia
581 998 765 1053 inﬂexi
817 1007 960 1053 sunt.
993 997 1126 1054 Nam
1175 998 1493 1055 fortissimus
1521 998 1610 1053 ille
1638 995 1839 1066 Josepb

261 1090 585 1160 voluptatem
617 1090 761 1145 illam
806 1090 1134 1162 tyrannicatn
1184 1090 1427 1155 calcavit,
1455 1100 1510 1143 et
1551 1088 1837 1144 barbaram

262 1180 407 1234 illam
436 1179 711 1234 mulierem
756 1180 951 1234 multas
978 1179 1350 1236 admoventem
1375 1179 1648 1235 machinas
1684 1192 1844 1247 repu-

262 1268 344 1336 lit,
370 1270 636 1341 lacrymas
665 1286 797 1325 vero
848 1271 1127 1329 continere
1154 1285 1259 1325 non
1288 1270 1478 1342 potuit,
1509 1268 1603 1325 sed
1656 1268 1844 1324 videns

265 1363 455 1419 fratres
485 1379 610 1417 suos
657 1364 746 1433 qui
797 1378 977 1419 secum
1030 1363 1209 1432 inique
1235 1370 1475 1429 egerant,
1507 1360 1607 1416 hoc
1652 1358 1843 1416 affectu

262 1464 447 1527 captus
474 1462 572 1518 est,
606 1464 659 1507 et
692 1456 891 1509 vultum
910 1454 1015 1508 cito
1040 1453 1288 1524 lacrymis
1318 1453 1581 1521 operiens,
1614 1466 1727 1506 rem
1757 1457 1842 1505 to-

266 1554 371 1598 tam
420 1545 686 1614 patefecit.
717 1543 850 1598 Cum
882 1554 1060 1599 autem
1106 1552 1160 1597 et
1206 1559 1337 1597 uxor
1360 1550 1464 1607 est,
1500 1540 1843 1600 commisera-

264 1639 411 1692 tione
436 1637 593 1708 digna
627 1638 887 1703 referens,
939 1652 1097 1706 quam
1131 1644 1426 1705 opportune
1451 1635 1640 1704 juvant
1682 1633 1843 1689 etiam

234 1740 507 1800 tempus,
537 1729 755 1783 vulnera
778 1768 793 1794 ,
824 1728 1020 1797 plagae,
1053 1736 1107 1779 et
1150 1726 1292 1778 mille
1323 1725 1683 1779 calamitatum
1733 1721 1839 1776 ﬂu-

261 1833 380 1875 ctus
407 1838 421 1875 τ
449 1834 555 1890 quo
584 1829 738 1889 pacto
763 1835 866 1873 non
893 1818 1013 1887 jure
1042 1816 1244 1874 dixeris
1270 1816 1499 1869 animam
1534 1830 1651 1884 quae
1675 1828 1843 1883 gene-

260 1931 384 1972 rose
406 1923 603 1970 tanaim
637 1915 739 1968 fert
766 1921 1168 1983 tempestatem.
1198 1924 1317 1965 esse
1337 1909 1616 1967 adamante
1639 1907 1845 1961 firmio-

260 2008 413 2064 rem?
442 2007 620 2064 Liceat
649 2005 776 2060 mihi
814 2004 993 2061 dicere
1032 2003 1181 2059 vobis
1208 2044 1223 2068 ,
1257 2002 1469 2056 beatum
1493 2000 1636 2054 illum
1663 1999 1706 2053 si
1738 2013 1843 2054 non

259 2100 540 2170 majorem,
566 2115 669 2155 non
691 2098 950 2153 minorem
960 2107 1107 2152 certe
1122 2096 1249 2165 ipsis
1263 2092 1516 2163 apostolis
1534 2091 1713 2147 fuisse.
1733 2089 1841 2146 Illis

261 2207 492 2263 namque
510 2192 807 2247 consolatio
830 2198 966 2256 erat,
993 2188 1135 2260 quod
1166 2195 1380 2258 propter
1406 2184 1672 2239 Christum
1697 2194 1843 2254 pate-

262 2294 448 2340 rentur
467 2303 480 2338 :
499 2285 669 2340 ethoc
687 2284 937 2340 idoneum
958 2290 1075 2337 erat
1099 2280 1392 2336 remedium
1404 2277 1543 2350 quod
1562 2277 1681 2332 illos
1706 2291 1842 2348 quo-

262 2376 389 2432 tidie
407 2376 638 2447 erigeret
651 2374 811 2445 ,quod
824 2374 984 2429 etiam
1004 2371 1196 2442 ubique
1214 2369 1542 2442 proponebat
1562 2368 1839 2434 Dominus,

260 2469 483 2539 Propter
506 2484 586 2521 me
611 2508 628 2534 ,
658 2467 839 2521 dicens
861 2507 877 2534 ,
901 2474 993 2530 et,
1019 2464 1081 2520 Si
1101 2480 1180 2517 me
1201 2460 1618 2534 patremfamilias
1648 2458 1841 2512 Beelze-

261 2562 355 2622 bub
372 2569 667 2615 vomuerunt
683 2558 896 2631 (Matth.
917 2558 1002 2613 10.
1024 2556 1135 2629 25).
1153 2556 1249 2611 llle
1265 2570 1390 2609 vero
1408 2554 1504 2607 ista
1519 2568 1712 2607 vacuus
1728 2559 1842 2606 erat

259 2652 626 2707 consolatione
646 2690 661 2714 ,
686 2664 786 2704 nec
816 2665 920 2703 non
948 2648 1038 2707 illa
1063 2661 1181 2720 qua:
1208 2662 1275 2701 ex
1304 2644 1488 2715 signis,
1517 2642 1603 2697 vel
1629 2656 1747 2716 quae
1773 2655 1840 2696 ex

259 2742 425 2811 gratia
453 2740 902 2812 proficiscebatur.
930 2738 1112 2808 Neque
1138 2737 1278 2792 enim
1306 2745 1509 2790 tantam
1531 2733 1711 2789 habuit
1734 2732 1838 2787 vim

258 2832 509 2903 Spiritus.
532 2830 791 2899 Quodque
811 2830 982 2899 majus
1004 2838 1107 2892 est,
1130 2828 1182 2882 in
1209 2826 1417 2882 deliciis
1441 2824 1621 2879 multis
1636 2822 1833 2878 educa-

262 2935 364 2987 tus,
392 2939 499 2977 non
519 2938 583 2977 ex
613 2923 955 2991 piscatorum,
987 2920 1073 2975 vel
1102 2918 1526 2989 publicanorum,
1546 2913 1627 2969 vel
1657 2913 1836 2971 vilium

260 3028 606 3089 personarum
634 3027 857 3066 numero
877 3019 1011 3075 erat,
1042 3010 1135 3065 sed
1162 3024 1283 3064 cum
1312 3016 1513 3062 tantum
1541 3018 1838 3076 consequu-

260 3115 345 3159 tus
372 3102 558 3157 fuisset
584 3102 863 3168 honorem,
909 3100 1025 3157 lnec
1051 3099 1367 3170 patiebatur.
1396 3096 1653 3165 Quodque
1697 3092 1837 3164 apud

1172 340 1244 399 lN
1280 336 1685 397 ΜΑΤΤΙΙΔΞΟΜ
1724 331 1955 393 llOMlL.
1996 334 2232 392 XXXIV.
2274 337 2342 393 al.
2386 336 2605 422 XXXV.

3403 342 3508 400 398

1934 449 2206 520 apostolos
2242 451 2523 506 onerosius
2575 450 2783 505 videtur
2832 450 3028 517 fuisse,
3054 452 3107 510 id
3155 454 3248 510 ille
3298 471 3513 526 quoque

1934 540 2207 608 sustinuit,
2235 542 2304 596 ab
2348 540 2559 604 amicis,
2590 556 2619 595 a
2666 541 2994 609 domesticis,
3026 543 3094 597 ab
3122 545 3353 601 inimicis
3385 547 3513 602 odio

1936 632 2172 697 habitus,
2202 648 2408 689 necnon
2440 636 2508 689 ah
2540 635 2604 689 iis
2646 635 2841 705 quibus
2888 636 3024 692 bene
3060 639 3277 705 fecerat,
3308 655 3408 694 nec
3437 651 3517 693 ta-

1936 739 2057 779 men
2104 725 2195 780 ille
2239 741 2447 781 sacram
2473 742 2748 793 ancoram,
2779 736 2836 782 et
2881 729 3224 798 tranquillum
3275 742 3510 799 portum.

1935 830 2126 885 nempe
2149 815 2250 871 hoc
2270 817 2411 888 quod
2434 818 2690 889 apostolis
2712 818 2911 873 dictum
2939 820 3137 885 fuerat,
3165 820 3385 889 Propter
3411 840 3510 885 me,

1936 906 2115 962 videre
2145 910 2337 977 potuit.
2362 907 2522 964 Miror
2549 911 2706 964 etiam
2738 918 2845 966 tres
2875 925 3089 979 pueros.
3119 915 3207 982 qui
3234 911 3512 966 fornacem

1935 998 2144 1054 fortiter
2172 999 2419 1056 adierunt
2442 999 2486 1069 ι,
2515 1001 2605 1068 qui
2631 1013 2860 1072 tyranno
2889 1003 3226 1057 resisterunt.
3252 1002 3356 1058 Sed
3389 1004 3512 1059 audi

1932 1088 2056 1158 quid
2089 1088 2263 1144 dicant
2291 1106 2304 1143 :
2330 1089 2466 1146 Deos
2494 1101 2605 1145 tuos
2636 1108 2737 1144 non
2764 1089 2998 1155 colimus,
3023 1101 3069 1145 et
3091 1100 3313 1145 statuam
3346 1103 3507 1155 tuam,

1931 1195 2086 1248 quam
2111 1180 2330 1245 erexisti,
2361 1197 2464 1236 non
2484 1183 2760 1237 adoramus
2785 1183 2945 1254 (Dan.
2981 1185 3035 1239 3.
3068 1182 3179 1252 18).
3212 1184 3362 1251 Quod
3385 1183 3515 1252 ipsis

1933 1284 2121 1339 magna
2173 1282 2289 1326 erat
2338 1276 2667 1338 consolatio,
2701 1274 2842 1343 quod
2875 1276 3041 1345 probe
3069 1278 3269 1330 scirent
3295 1290 3355 1330 se
3386 1292 3514 1343 pro-

1934 1370 2051 1428 pter
2081 1362 2244 1417 Deum
2275 1364 2453 1418 omnia
2486 1365 2613 1434 pati.
2648 1366 2742 1420 Hic
2772 1381 2902 1421 vero
2929 1367 3219 1432 nesciebat,
3251 1367 3364 1421 lucc
3392 1383 3515 1422 esse

1932 1452 2224 1506 certamina
2242 1454 2501 1509 etluctam
2522 1471 2537 1520 ;
2560 1454 2607 1510 si
2627 1459 2767 1511 enim
2786 1457 3054 1525 scivisset,
3072 1459 3334 1513 malorum
3353 1475 3516 1515 sensu

1934 1557 2038 1596 non
2070 1543 2140 1597 ita
2171 1543 2392 1599 affectus
2422 1546 2627 1602 fuisset.
2668 1548 2802 1602 Cum
2834 1564 2962 1620 ergo
3003 1551 3268 1620 audisset,
3301 1552 3379 1605 An
3409 1554 3514 1605 alia

1931 1635 2128 1689 ratione
2156 1652 2235 1689 me
2268 1646 2418 1706 putas
2460 1639 2547 1691 tibi
2574 1642 2915 1708 respondisse,
2957 1658 3106 1710 quant
3140 1654 3192 1697 ut
3212 1645 3388 1716 justus
3417 1661 3513 1710 ap-

1932 1741 2132 1791 pareres
2161 1724 2304 1796 (Job.
2326 1728 2417 1783 40.
2446 1728 2538 1798 3)?
2569 1730 2933 1786 animadverte
2960 1733 3190 1800 qualiter
3214 1736 3516 1802 respirave-

1930 1816 2020 1879 rit,
2051 1817 2147 1870 hac
2176 1817 2406 1887 simplici
2438 1821 2620 1875 audita
2672 1837 2823 1889 voce,
2850 1840 3008 1892 quam
3041 1826 3275 1895 seipsum
3320 1827 3519 1896 deSpe-

1930 1908 2105 1960 xerit:
2130 1909 2399 1976 quomodo
2439 1926 2504 1965 ne
2548 1925 2763 1978 passum
2814 1914 3030 1983 quidem
3060 1931 3120 1970 se
3153 1919 3420 1985 putaverit
3447 1933 3512 1975 ea

1928 2011 2047 2064 qua:
2075 2011 2264 2066 passus
2285 2008 2452 2065 esset,
2476 1999 2591 2055 haec
2611 1999 2829 2056 dicens:
2850 2001 2954 2058 Cur
2977 2003 3142 2058 adhuc
3166 2008 3395 2076 judicor,
3419 2009 3514 2061 ad-

1928 2090 2151 2143 monitus
2188 2097 2237 2143 et
2279 2092 2585 2163 redargutus
2614 2109 2647 2145 a
2695 2093 2938 2159 Domino,
2971 2112 3087 2151 cum
3135 2096 3243 2151 haec
3281 2099 3511 2164 audiam,

1926 2183 2015 2247 qui
2053 2182 2185 2236 nihil
2219 2184 2373 2239 sum?
2408 2184 2475 2239 Et
2504 2201 2717 2242 rursum
2748 2205 2761 2240 :
2792 2188 2985 2242 Audita
3014 2190 3219 2259 quidem
3248 2193 3392 2245 auris
3418 2208 3515 2244 auo

1930 2273 2123 2327 diebam
2168 2283 2216 2326 te
2261 2274 2444 2344 prius:
2476 2272 2613 2330 nunc
2656 2288 2825 2332 autem
2864 2278 3042 2333 oculus
3086 2296 3226 2334 meus
3255 2281 3386 2335 uidet
3424 2291 3512 2340 te:
3580 2284 3581 2287 “

1925 2376 2233 2436 quapropter
2280 2366 2429 2421 nihili
2476 2367 2613 2438 facio
2643 2370 2911 2439 meipsum,
2949 2382 2995 2423 et
3025 2371 3337 2441 liquefactus
3363 2388 3510 2425 rum:

1926 2456 2219 2525 estimoque
2249 2458 2496 2529 meipsum
2541 2473 2730 2514 terram
2755 2468 2801 2514 et
2834 2461 3053 2514 iinerem
3096 2458 3211 2535 (Job
3238 2462 3320 2518 42.
3347 2460 3401 2521 5,
3419 2462 3496 2523 6).

1926 2543 2036 2600 Nos
2057 2547 2237 2616 itaque
2262 2549 2351 2619 qui
2378 2560 2495 2618 post
2525 2551 2693 2620 legem
2711 2560 2764 2606 et
2781 2552 3006 2621 gratiam
3025 2566 3229 2616 sumus,
3251 2554 3387 2608 hanc
3411 2553 3510 2608 for-

1931 2636 2239 2707 titudinem,
2269 2642 2406 2696 hanc
2435 2642 2900 2698 mansuetudinem
2927 2643 3067 2697 illius
3098 2643 3390 2709 imitemur,
3414 2645 3505 2715 qui

1926 2740 2053 2787 ante
2080 2733 2252 2803 legem
2282 2743 2337 2790 et
2359 2736 2590 2808 gratiam
2612 2736 2731 2800 fuit,
2760 2746 2819 2791 ut
2837 2752 2956 2791 cum
2982 2734 3073 2791 ilio
3103 2747 3301 2792 aeterna
3333 2739 3510 2791 ηυντ-

1925 2823 2113 2878 nacula
2130 2824 2528 2895 adipiscamur:
2552 2841 2671 2894 qua:
2691 2827 2894 2883 utinam
2917 2841 3305 2896 consequamur
3324 2841 3512 2883 omnes

1925 2914 2097 2989 gratia
2127 2925 2180 2970 et
2210 2917 2535 2987 benignitate
2568 2917 2777 2973 Domini
2809 2917 2983 2973 nostri
3014 2918 3140 2974 Jesu
3170 2919 3396 2984 Christi,
3425 2918 3511 2974 cui

1924 3006 2094 3078 gloria
2121 3018 2176 3062 et
2204 3009 2523 3079 imperium,
2560 3010 2614 3065 in
2643 3009 2838 3067 saecula
2868 3009 3210 3067 saeculorum.
3241 3012 3436 3069 Amen.

1990 3099 2007 3130 ⁸
2042 3099 2157 3160 Alii,
2179 3106 2574 3164 contempserunt.

261 3220 3516 3254 Mm“---—

1376 3306 1717 3369 HOMlLIA
1758 3301 2020 3366 XXXIV.
2065 3301 2145 3364 al.
2186 3299 2424 3362 XXXV.

255 3462 380 3518 CAP.
407 3461 496 3517 i0.
522 3476 573 3514 v.
599 3461 687 3515 Ξῖ».
716 3459 840 3515 Cum
866 3468 1033 3512 autem
1056 3464 1411 3528 persequentur
1437 3470 1521 3507 vos
1548 3468 1609 3506 ex
1634 3451 1728 3504 hac
1756 3448 1833 3503 ci-

327 3560 500 3620 ritate,
549 3555 709 3628 fugite
759 3556 811 3607 in
849 3553 1020 3613 aliam.
1064 3551 1221 3605 Amen
1273 3548 1458 3618 quippe
1502 3546 1617 3599 dico
1659 3542 1829 3607 vobis,

324 3667 427 3709 non
456 3646 863 3702 consummabilis
899 3645 1117 3698 civitates
1139 3640 1324 3705 Israel,
1355 3639 1512 3692 donec
1546 3638 1711 3693 veniat
1735 3632 1832 3687 Fi—

326 3742 424 3798 lius
441 3740 678 3793 hominis.
1076 3792 1101 3823 δ

328 3874 381 3927 Ι.
414 3872 544 3926 Cum
575 3871 660 3925 illa
711 3867 965 3923 terribilia
1010 3873 1066 3922 et
1112 3861 1376 3919 horrenda
1416 3859 1657 3925 dixisset,
1715 3868 1835 3925 quze

254 3971 478 4033 possent
501 3962 834 4015 adamantem
861 3959 1104 4027 frangere
1122 3996 1137 4021 ,
1169 3969 1290 4025 quae
1318 3960 1438 4022 post
1462 3963 1673 4005 crucem
1698 3984 1715 4011 ,
1746 3960 1835 4000 re-

253 4053 644 4108 surrectionem
700 4061 755 4105 et
790 4050 1159 4104 ascensionem
1201 4045 1331 4115 ipsis
1360 4049 1614 4097 eventura
1657 4046 1830 4103 erant,

252 4160 560 4200 sermonem
588 4143 733 4197 ducit
756 4142 822 4195 ad
858 4140 1069 4194 mitiora
1091 4179 1107 4203 ,
1129 4138 1264 4192 dans
1290 4134 1502 4190 athletis
1527 4133 1639 4186 suis
1663 4130 1835 4199 respi-

256 4236 409 4292 randi
440 4236 613 4290 locum
640 4275 655 4299 ,
682 4235 1006 4301 multamque
1057 4230 1298 4300 praebens
1324 4227 1450 4297 ipsis
1482 4223 1837 4294 tranquillitay

254 4335 388 4383 tem.
416 4324 531 4378 Non
559 4324 702 4379 enim
722 4323 879 4392 jussit
903 4337 1025 4377 eum
1072 4316 1515 4391 persequentibus
1556 4313 1830 4384 congredi,

256 4416 353 4470 sed
386 4414 589 4485 fugere.
623 4415 757 4482 Quia
808 4412 921 4470 lucc
947 4411 1121 4466 adhuc
1155 4410 1301 4465 initia
1330 4417 1502 4474 erant,
1531 4420 1834 4462 sermonem

246 4520 413 4560 suum
445 4513 763 4575 attemperat
788 4514 843 4559 et
883 4503 1107 4573 mitigat.
1150 4502 1266 4556 Non
1306 4499 1537 4570 loquitur
1577 4498 1720 4555 enim
1751 4497 1839 4552 hic

255 4596 325 4650 de
350 4595 851 4665 persequutionibus
873 4610 993 4664 quae
1031 4602 1211 4663 postea
1239 4591 1429 4649 futura:
1454 4598 1628 4655 erant,
1655 4588 1747 4643 sed
1768 4588 1837 4643 de

256 4687 367 4742 illis
407 4701 527 4756 qua:
590 4700 804 4741 crucem
847 4693 903 4739 et
946 4684 1249 4755 passionem
1306 4695 1669 4752 praecessere;
1734 4679 1837 4735 hoc

253 4779 402 4833 enim
452 4777 701 4833 indicavit
728 4791 848 4831 cnm
879 4776 1013 4833 dixit
1041 4773 1058 4830 Ξ
1091 4774 1213 4829 Non
1248 4775 1380 4833 enim
1426 4772 1836 4828 consummabilis

257 4867 486 4930 ciuitates
508 4865 695 4932 Israel,
743 4867 901 4922 donec
923 4866 1111 4923 venerit
1138 4865 1184 4920 F
1187 4867 1302 4923 ilius
1323 4865 1560 4921 hominis.
1587 4863 1663 4918 Ne
1691 4862 1838 4918 dice-

255 4967 381 5014 rent
406 4959 547 5018 enim
578 4975 594 5022 ;
624 4959 758 5027 Quid
790 4959 833 5013 si
864 4968 1276 5031 persequutores
1328 4958 1588 5029 fugiamus
1610 4998 1628 5025 ,
1659 4966 1715 5012 et
1757 4956 1836 5011 illi

240 5065 358 5105 nos
388 5049 510 5104 inde
530 5050 689 5105 etiam
718 5051 955 5119 pellant?
982 5050 1122 5105 hunc
1137 5060 1335 5105 metum
1358 5050 1471 5118 ipse
1498 5049 1693 5103 tollens
1720 5048 1793 5103 ait
1820 5066 1834 5102 :

255 5142 373 5197 Non
395 5142 689 5198 circuibitis
714 5145 729 5175 ⁸
765 5143 1100 5198 Palaestinam
1124 5154 1307 5206 totam,
1338 5157 1457 5196 nam
1476 5156 1575 5211 ego
1602 5156 1697 5196 vos
1727 5150 1839 5196 sta-

258 5233 354 5288 tim
396 5234 674 5304 excipiam,
726 5234 791 5288 Et
834 5234 1105 5303 perpende
1147 5234 1415 5304 quomodo
1444 5247 1551 5288 non
1577 5232 1663 5288 hic
1703 5231 1840 5288 mala

257 5324 431 5391 tollat,
455 5324 547 5379 sed
572 5323 712 5384 adsit
738 5324 791 5378 in
812 5324 1082 5394 periculis.
1104 5322 1219 5382 Non
1248 5324 1383 5381 dixit
1411 5323 1575 5389 enim,
1602 5322 1712 5380 Vos
1732 5322 1842 5378 ori-

261 5415 425 5483 piam,
459 5425 514 5470 et
541 5415 985 5485 persequutiones
1010 5415 1245 5472 solvam:
1269 5413 1362 5469 sed
1391 5414 1553 5485 quid?
1589 5411 1710 5469 Non
1727 5428 1841 5468 cou-

258 5507 577 5567 summabitis
614 5507 836 5562 ciuitates
862 5504 1048 5572 Israel,
1078 5505 1236 5559 donec
1259 5505 1446 5559 venerit
1469 5502 1635 5559 Filius
1674 5504 1842 5558 homi-

253 5598 355 5658 nis.
385 5597 525 5652 Satis
554 5597 697 5652 enim
724 5604 841 5652 erat
867 5594 935 5651 ad
975 5595 1392 5653 consolationem
1423 5594 1632 5651 illorum
1650 5633 1668 5664 ,
1695 5591 1842 5666 quod

323 5727 343 5758 ι
381 5726 487 5789 alii,
510 5740 605 5785 non
630 5727 852 5785 tintebitis
873 5726 1235 5787 circumeuntes.

1927 3442 2075 3499 illum
2121 3442 2390 3499 viderent.
2446 3443 2527 3499 Tu
2574 3461 2706 3500 vero
2737 3445 2867 3499 mihi
2908 3447 3187 3502 considera
3236 3448 3510 3519 quomodo

1928 3533 2021 3590 ille
2050 3552 2154 3591 non
2199 3537 2396 3603 ubique
2426 3536 2606 3591 omnia
2634 3537 2840 3606 gratia:
2872 3538 3091 3603 tribuat,
3116 3538 3207 3592 sed
3237 3538 3509 3608 quidpiam

1927 3628 1995 3683 ab
2039 3629 2145 3683 illis
2197 3629 2376 3684 afferri
2419 3624 2625 3697 jubcat.
2672 3628 2801 3682 Nam
2854 3628 2900 3682 si
2952 3629 3171 3699 timetis,
3201 3630 3393 3701 inquit,
3428 3632 3510 3686 fu-

1944 3706 2084 3774 gite:
2104 3707 2207 3763 hoc
2241 3710 2382 3763 enim
2403 3710 2725 3780 significavit
2755 3714 2963 3779 dicens,
2990 3710 3199 3783 Fugite,
3219 3722 3293 3779 et,
3322 3712 3402 3767 Ne
3437 3715 3507 3767 ti-

1936 3798 2146 3852 meatis.
2172 3797 2359 3870 Neque
2383 3801 2533 3872 ipsos
2549 3803 2757 3873 primos
2777 3804 2930 3874 jubet
2950 3805 3154 3873 fugere,
3193 3805 3283 3859 sed
3316 3805 3505 3875 pulsos

1935 3887 2219 3955 recedere;
2241 3905 2414 3960 neque
2432 3907 2625 3962 magna
2635 3895 2808 3962 spatia
2820 3894 2913 3948 dat
2933 3894 3198 3958 locorum,
3217 3894 3309 3949 sed
3328 3909 3507 3963 quan-

1936 3986 2050 4031 tum
2063 3992 2183 4034 esse
2198 3982 2369 4049 possit
2381 3982 2433 4035 in
2451 3983 2838 4041 circumeundo
2850 3985 3094 4041 civitates
3106 3983 3289 4041 Israel.
3310 3984 3513 4040 Deinde

1936 4069 2004 4124 ad
2020 4071 2184 4125 altam
2200 4073 2556 4146 philosophiae
2573 4088 2779 4147 partem
2797 4078 2945 4149 ipsos
2963 4078 3172 4135 invitat.
3193 4077 3399 4141 Primo,
3417 4077 3512 4132 ali-

1938 4172 2246 4218 mentorum
2269 4180 2478 4234 curam,
2495 4170 2755 4237 secundo,
2777 4170 3138 4240 periculorum
3157 4181 3358 4225 metum
3379 4170 3509 4225 abso

1938 4253 2098 4320 tulit;
2137 4269 2283 4310 nunc
2325 4271 2452 4311 vero
2496 4259 2905 4314 maledictorum
2935 4270 3137 4313 metum
3178 4258 3380 4313 avellit.
3418 4256 3511 4312 Illa

1937 4344 2082 4399 enim
2104 4345 2466 4404 sollicitudine
2483 4349 2754 4415 liberavit,
2770 4351 2987 4406 dicens:
3019 4350 3218 4421 Dignus
3233 4358 3311 4403 est
3328 4365 3512 4417 opera-

1941 4436 2053 4489 rius
2075 4436 2310 4491 mercede
2324 4454 2422 4493 sua
2446 4439 2598 4510 (Luc.
2637 4442 2726 4496 l0.
2748 4442 2823 4511 7),
2848 4441 3163 4513 significans
3181 4441 3380 4496 multos
3397 4439 3515 4496 fore

1940 4527 2035 4597 qui
2060 4528 2207 4597 ipsos
2223 4531 2494 4601 excipiant
2510 4549 2525 4599 ;
2550 4531 2616 4587 de
2632 4533 2889 4602 periculis
2905 4548 3034 4588 vero
3046 4532 3203 4598 dixit,
3226 4531 3406 4586 Nolite
3427 4548 3517 4585 co-

1941 4619 2385 4691 gitarequomodo
2419 4632 2511 4677 aut
2561 4624 2686 4695 quid
2698 4624 3113 4695 loquamini;et,
3143 4623 3248 4689 Qui
3282 4639 3519 4693 perseve-

1943 4712 2136 4765 raverit
2159 4730 2322 4783 usque
2339 4716 2406 4768 ad
2421 4715 2602 4784 ﬁnem,
2625 4716 2709 4769 hic
2737 4717 2913 4771 salvus
2935 4718 3034 4770 erit
3050 4715 3270 4779 (Matth.
3298 4714 3382 4771 Η.
3400 4715 3513 4783 15).

2013 4806 2261 4877 Emtplo
2287 4820 2379 4859 suo
2423 4801 2649 4858 Christus
2677 4800 2934 4870 apostolos
2968 4798 3037 4853 ad
3080 4795 3406 4851 contumelias
3435 4794 3514 4861 fe-

1940 4898 2123 4953 rendas
2148 4898 2398 4951 hortatur.
2427 4926 2499 4937 —-
2521 4894 2654 4962 Quia
2683 4904 2859 4949 autem
2889 4892 3178 4947 verisimile
3206 4896 3322 4944 erat
3367 4886 3514 4957 ipsos

1942 4989 2135 5044 tnalam
2174 4988 2446 5044 habituros
2494 4986 2691 5041 famam
2718 4999 2837 5040 esse
2860 5024 2875 5046 .
2904 4981 3044 5053 quod
3075 4979 3255 5036 multis
3279 4978 3518 5033 omnium

1942 5078 2373 5135 molestissimum
2400 5092 2520 5133 esse
2553 5076 2761 5131 videtur
2780 5115 2796 5142 ,
2836 5072 3199 5128 animadverte
3227 5085 3332 5140 quo
3359 5076 3517 5138 pacto

1943 5169 2030 5226 hic
2060 5169 2175 5224 illos
2199 5169 2504 5225 consoletur
2527 5209 2540 5232 ,
2572 5182 2638 5223 ex
2668 5167 2733 5221 iis
2777 5165 2978 5220 scilicet
3018 5177 3135 5233 qua:
3174 5160 3241 5216 ad
3283 5162 3520 5233 seipsum

1944 5263 2276 5333 spectabant,
2309 5270 2364 5318 et
2390 5261 2456 5317 de
2483 5276 2542 5316 se
2570 5259 2711 5315 dicta
2764 5257 2977 5313 fuerant
3004 5274 3018 5311 :
3058 5256 3142 5312 cui
3170 5252 3524 5310 consolationi

1945 5352 2077 5409 nihil
2105 5369 2198 5423 par
2224 5368 2342 5409 esse
2367 5351 2553 5424 possit.
2580 5351 2729 5407 Sicut
2755 5349 2897 5404 enim
2926 5347 2994 5404 ibi
3033 5346 3271 5411 dixerat,
3300 5344 3369 5400 Et
3387 5342 3529 5397 eritis

1949 5445 2068 5500 odio
2097 5446 2329 5499 omnibus
2352 5460 2372 5510 ,°
2413 5452 2466 5499 et
2495 5443 2765 5513 adjecerat
2786 5483 2800 5508 ,
2837 5439 3056 5511 Propter
3083 5454 3263 5494 nomen
3313 5451 3477 5490 meum
3508 5449 3528 5488 :

1945 5538 2025 5593 sic
2068 5545 2123 5592 et
2161 5536 2262 5591 hoc
2304 5536 2422 5591 loco
2466 5534 2582 5590 illos
2608 5535 2915 5589 consolatur
2939 5575 2955 5599 ,
3001 5531 3227 5588 alterum
3256 5526 3526 5599 quidpiam

1941 5625 2220 5699 adjiciens.
2250 5626 2527 5696 Quodnam
2551 5625 2725 5682 illud?
2750 5622 2842 5682 2i.
2876 5624 2996 5680 Non
3019 5633 3091 5678 est
3113 5620 3414 5692 discipulus,
3438 5618 3523 5669 in-

1949 5718 2083 5795 quit,
2140 5735 2294 5791 super
2336 5718 2661 5796 magistrum,
2718 5732 2809 5772 nec
2852 5733 3022 5774 servus
3073 5726 3227 5787 super
3269 5709 3527 5765 dominum
