3900 6194
431 275 539 333 399

431 403 600 443 sunm.
623 385 715 440 εδ.
741 383 936 456 Sumsit
966 383 1217 453 discipulo
1238 425 1252 448 ,
1282 394 1335 436 ut
1361 382 1422 436 sit
1447 383 1574 434 sicut
1613 380 1848 446 magister
1874 377 2003 447 ejus,

433 489 478 529 et
502 493 661 539 serra,
688 477 816 528 sicut
845 475 1078 528 dominus
1105 476 1234 544 ejus.
1267 473 1326 528 Si
1363 472 1779 543 patremfamilias
1806 468 2008 520 Beelze-

435 567 533 618 bub
562 574 880 629 vocaverunt,
904 576 1088 635 quanto
1125 565 1284 635 magis
1310 564 1606 617 domesticos
1644 561 1791 631 ejus?
1813 561 1902 614 26.
1930 558 2011 613 Ne

435 669 604 726 itaque
630 657 844 710 timentis
865 674 966 709 eos.
995 656 1125 711 Vide
1153 656 1417 725 quomodo
1451 669 1508 708 se
1551 653 1783 707 omnium
1837 652 2013 705 Domi-

439 764 566 802 num
592 759 642 802 et
673 749 833 800 Deum
852 757 904 801 et
930 758 1222 802 creatorem
1243 762 1359 801 esse
1385 745 1632 800 declarat.
1659 745 1793 812 Quid
1823 745 2012 812 igitur?

442 837 562 893 Non
580 852 648 893 est
662 841 938 908 discipulus
951 857 1102 908 super
1117 840 1430 909 magistrum,
1450 856 1538 893 nec
1562 856 1729 893 servus
1756 856 1904 909 super
1921 839 2012 892 do-

444 934 639 984 minum
662 932 687 985 Ζ)
710 933 886 987 Donec
912 935 1012 986 crit
1037 942 1127 986 aut
1146 934 1432 1002 discipulus
1448 941 1735 987 autservus
1754 977 1767 998 ,
1789 949 1891 986 non
1910 935 2012 988 erit

443 1024 616 1091 major
649 1023 937 1077 secntnlntn
967 1023 1185 1078 honoris
1214 1025 1475 1079 ordinem.
1504 1024 1581 1079 Ne
1603 1024 1729 1078 mihi
1756 1026 1894 1079 enim
1926 1025 2012 1080 hic

441 1129 558 1168 rara
584 1115 823 1182 qun-dam
847 1115 1096 1184 prasferas
1126 1115 1363 1184 exempla
1393 1158 1406 1180 ,
1441 1115 1507 1169 de
1536 1116 1600 1169 iis
1627 1131 1745 1184 quae
1774 1127 1827 1169 ut
1851 1116 2012 1185 pluri-

441 1218 584 1256 nunn
614 1219 732 1255 esse
759 1204 933 1258 solent
961 1204 1010 1257 id
1039 1205 1237 1269 accipe.
1274 1205 1379 1260 Nec
1426 1206 1576 1267 dixit,
1607 1205 1812 1272 Quanto
1844 1208 2011 1274 magis

439 1307 642 1359 servos,
668 1297 780 1358 sed,
813 1295 1120 1348 Domesticos
1164 1298 1289 1359 eius,
1331 1314 1518 1368 magna
1569 1315 1692 1368 erga
1721 1299 1834 1354 illos
1863 1318 2009 1353 mnu-

437 1387 717 1441 suctndine
749 1404 890 1442 usus.
919 1389 1050 1442 Alibi
1075 1390 1234 1444 etiam
1263 1391 1391 1444 dicit
1426 1409 1437 1441 :
1473 1389 1589 1444 Non
1618 1393 1751 1444 ultra
1776 1409 1893 1444 voco
1925 1410 2009 1446 cos

438 1494 639 1541 servos;
666 1497 752 1532 vos
775 1483 926 1533 amici
955 1481 1050 1534 mei
1078 1482 1194 1535 estis
1225 1481 1413 1550 (Iona.
1447 1483 1525 1535 l5.
1563 1485 1626 1535 15
1647 1483 1687 1552 ).
1718 1483 1824 1537 Nec
1853 1484 2006 1550 dixit,

440 1569 497 1625 Si
528 1570 960 1640 patremfamilias
1008 1573 1214 1642 injuriis
1253 1584 1308 1629 et
1357 1575 1652 1631 maledictis
1677 1576 2007 1643 all'ecerunt;

437 1660 532 1716 sed
563 1661 732 1729 ipsum
754 1663 1093 1720 contumelia
1122 1664 1338 1720 modum
1361 1665 1640 1736 expressit,
1683 1666 1826 1736 quod
1855 1666 2009 1723 Beel-

437 1750 610 1806 Zebnb
650 1755 908 1808 vocarim.
943 1754 1143 1812 Deinde
1180 1755 1340 1811 aliam
1367 1756 1467 1813 hac
1497 1773 1602 1813 non
1628 1757 1888 1813 minorem
1919 1758 2010 1813 dat

435 1843 892 1910 consolationem;
923 1857 1036 1901 erat
1066 1857 1239 1903 tamen
1270 1849 1356 1904 illa
1377 1850 1603 1905 maxima
1626 1850 1752 1915 ;sed
1773 1853 1892 1919 quia
1921 1852 2004 1918 iis,

438 1932 528 2000 qui
584 1933 816 1989 nondum
860 1935 1366 2008 pbilosopbabantur
1392 1981 1407 2005 ,
1449 1940 1551 1994 alia
1579 1956 1712 2011 opus
1750 1951 1863 1996 erat
1890 1958 2008 2012 qum

438 2033 618 2091 posset
653 2025 772 2080 illos
812 2026 1058 2093 afﬁcere,
1088 2028 1222 2084 hanc
1268 2031 1427 2084 etiam
1472 2030 1618 2086 addit
1648 2050 1660 2084 :
1689 2048 1752 2087 ac
1798 2034 2006 2088 dicendi

435 2113 647 2179 quidem
671 2116 858 2172 modus
877 2119 1176 2187 generalem
1205 2120 1409 2177 videtur
1439 2121 1630 2178 efferre
1654 2126 1967 2180 sententiam
1991 2144 2006 2194 ;

437 2213 668 2260 attamen
719 2222 822 2262 non
850 2210 915 2264 de
941 2211 1185 2266 omnibus
1215 2255 1229 2276 ,
1280 2212 1373 2268 sed
1400 2213 1468 2268 de
1496 2217 1774 2285 propositis
1805 2227 2006 2274 tantmn

435 2295 646 2351 dicitur.
676 2299 810 2366 Quid
851 2303 992 2358 cnim
1018 2303 1132 2357 ait?
1168 2303 1250 2358 Ne
1277 2307 1491 2362 timentis
1529 2324 1611 2362 eos
1647 2325 1665 2362 :
1712 2311 1838 2366 nillil
1875 2316 2008 2367 enim

436 2399 510 2442 est
535 2402 781 2460 opertum,
801 2395 936 2464 quod
959 2412 1058 2450 non
1088 2397 1419 2464 revelabitur;
1445 2417 1535 2453 nec
1579 2403 1850 2464 occultum,
1874 2407 2008 2474 quod

435 2505 534 2542 non
557 2489 756 2542 scietur.
788 2487 937 2556 Quod
959 2501 1133 2544 autem
1158 2492 1304 2556 dicit,
1329 2491 1628 2567 hujusmodi
1648 2504 1729 2549 est
1761 2515 1774 2551 :
1803 2495 2009 2553 Suflicit

435 2578 648 2647 quidem
689 2579 838 2632 vobis
869 2579 934 2633 ad
976 2583 1394 2637 consolationem
1419 2625 1435 2650 ,
1466 2585 1510 2639 si
1549 2601 1650 2656 ego
1679 2588 1929 2656 magister
1953 2599 2010 2644 et

438 2669 692 2724 Dominus
719 2685 942 2726 consors
971 2673 1068 2726 sim
1088 2675 1468 2730 conviciorum.
1491 2676 1544 2732 Si
1568 2692 1694 2733 vero
1714 2679 1886 2734 adhuc
1909 2680 2007 2735 do-

437 2759 554 2813 letis
596 2760 705 2812 lucc
735 2760 1040 2827 audientes,
1093 2762 1219 2818 illud
1249 2780 1460 2835 quoque
1509 2768 1688 2823 animo
1743 2778 2009 2840 reputate,

433 2864 527 2904 Vos
556 2867 659 2904 non
709 2855 931 2906 multum
967 2862 1144 2923 postea
1173 2854 1242 2909 ab
1280 2855 1378 2909 bac
1404 2856 1708 2925 suSpicione
1735 2858 2012 2911 liberatum

436 2941 520 2994 iri.
552 2941 657 2994 (an
699 2945 841 2996 enim
876 2945 925 2996 id
957 2959 1098 3011 aegre
1130 2945 1319 2999 fertis?
1343 2946 1473 3014 quia
1519 2947 1934 3018 prrestigiatores
1960 2957 2012 2999 et

441 3033 760 3101 deceptores
819 3049 916 3088 vos
964 3038 1190 3090 Vocant?
1237 3038 1305 3091 At
1349 3036 1616 3107 paululum
1673 3047 2011 3107 exspectate,

433 3131 486 3176 et
516 3136 621 3176 ser
645 3136 822 3179 aiores
849 3125 1322 3197 benefactoresque
1349 3127 1494 3181 orbis
1523 3142 1618 3181 vos
1648 3126 2012 3196 praedicabunt

443 3226 650 3267 omnes.
686 3214 753 3268 At
797 3215 940 3270 enim
987 3225 1194 3284 tempus
1220 3217 1306 3270 illa
1335 3218 1512 3272 omnia
1540 3233 1660 3288 qum
1683 3213 2012 3272 subobscura

437 3313 592 3356 erant
623 3305 902 3371 revelabit,
933 3314 987 3361 et
1011 3306 1220 3361 illorum
1243 3306 1567 3362 calumniam
1596 3309 1828 3377 deteget,
1849 3309 2015 3366 virtu-

435 3403 648 3463 temque
679 3405 909 3451 vestram
937 3398 1284 3467 conspicuam
1329 3397 1540 3454 reddet.
1589 3399 1720 3454 Cum
1759 3398 1898 3454 enim
1938 3411 2006 3452 ex

438 3486 598 3540 rebus
629 3487 755 3556 ipsis
796 3488 1273 3558 comprobabimini
1313 3485 1645 3543 salvatores’
1668 3503 1808 3556 esse,
1839 3496 1894 3541 et
1920 3487 2013 3542 be-

438 3575 614 3642 neﬁci,
641 3589 693 3628 et
718 3579 862 3632 omni
889 3580 1082 3634 virtute
1107 3579 1404 3649 conspicui,
1431 3580 1642 3634 illorum
1663 3579 1820 3633 dictis
1842 3577 2012 3634 homi-

435 3682 531 3719 nes
575 3684 681 3720 non
732 3669 1007 3724 allendelll
1055 3671 1147 3725 sed
1180 3672 1257 3725 rei
1303 3672 1643 3726 veritatizac
1688 3672 1760 3724 illi
1795 3671 2012 3740 quidem

429 3760 800 3827 sycophanta},
832 3759 1140 3826 mendaces,
1166 3760 1436 3823 maledici,
1465 3777 1557 3817 vos
1587 3777 1714 3817 vero
1757 3762 1870 3832 ipso
1897 3763 2012 3817 sole

433 3849 827 3915 splendidiores
847 3850 1364 3918 deprehendemini:
1393 3853 1616 3908 multum
1649 3853 1845 3922 quippe
1872 3862 2009 3908 tem-

435 3940 580 4006 poris
606 3942 836 4006 spat'um
869 3957 963 3996 vos
1006 3951 1164 3998 notos
1211 3942 1422 4006 reddet,
1448 3945 1774 4013 praedicabit,
1805 3955 1860 4000 et
1886 3944 2009 4001 tuba

430 4027 716 4082 clariorem
762 4030 971 4086 emittet
1021 4049 1237 4100 vocem,
1265 4044 1558 4104 vestraeque
1605 4035 1816 4090 virtutis
1846 4046 2012 4092 testes

431 4119 714 4174 universos
761 4122 1007 4178 homines
1064 4124 1358 4179 exhibebit.
1422 4125 1499 4179 Ne
1560 4127 1734 4192 itaque
1781 4141 1845 4180 ea
1893 4141 2012 4196 quae

429 4226 572 4266 nunc
616 4213 867 4284 chuntur
915 4229 1011 4269 vos
1067 4215 1346 4286 dejiciant,
1396 4217 1490 4271 sed
1535 4231 1662 4286 spes
1711 4219 2008 4272 fntnnrum

428 4301 691 4359 bonorum
733 4304 924 4375 erigat.
963 4304 1080 4361 Non
1126 4316 1352 4376 possunt
1395 4308 1538 4364 enim
1584 4323 1646 4363 ea
1674 4324 1794 4378 qua:
1820 4309 1887 4363 ad
1917 4323 2011 4364 vos

429 4406 674 4467 spectant
696 4399 974 4452 occultari.
1718 4455 1723 4459 _

497 4487 554 4541 2.
585 4487 804 4552 Deinde,
836 4497 1113 4558 postquam
1143 4487 1264 4543 illos
1291 4487 1438 4544 omni
1462 4503 1684 4559 angore,
1720 4488 1913 4545 timore
1954 4497 2011 4544 et

428 4579 784 4636 sollicitudine
812 4581 1077 4644 liberavit,
1103 4591 1156 4635 et
1184 4583 1392 4650 probris
1415 4583 1664 4638 omnibus
1693 4584 2006 4654 superiores

427 4670 682 4735 reddidit,
708 4671 920 4724 demum
951 4671 1073 4726 illos
1101 4687 1403 4741 opportune
1431 4673 1499 4728 de
1525 4674 1777 4730 libertate
1808 4674 2004 4742 praedi-

423 4760 580 4817 candi
629 4762 952 4830 alloquitur:
983 4776 1104 4815 nam
1136 4762 1303 4817 dicit:
1333 4763 1418 4815 27.
1457 4763 1608 4828 Quod
1647 4765 1760 4818 dico
1794 4764 1932 4818 vobis
1953 4765 2009 4818 iu

419 4853 662 4916 tenebris,
681 4853 837 4907 dicite
860 4854 911 4906 iu
935 4853 1158 4916 lumine;
1185 4865 1231 4906 et
1258 4855 1394 4920 quod
1422 4855 1473 4906 in
1496 4871 1621 4909 aure
1640 4855 1852 4921 auditis,
1881 4874 2010 4920 prte-

421 4948 586 4999 dicate
621 4960 774 5014 super
820 4952 974 5001 tecta.
1017 4945 1348 5014 Quamquam
1399 4961 1504 5000 non
1550 4956 1703 5000 erant
1748 4949 2008 5011 tenebrm,

422 5048 540 5088 cum
579 5035 692 5089 haec
737 5035 961 5100 diceret,
995 5049 1164 5104 neque
1199 5034 1266 5088 ad
1310 5048 1492 5090 aurem
1541 5037 1884 5105 loquebatur;
1912 5037 2005 5091 sed

425 5130 539 5181 inec
567 5127 908 5200 hyperbolice
931 5127 1070 5181 dicta
1095 5138 1240 5182 sunt.
1265 5129 1396 5192 Quia
1428 5128 1569 5183 enim
1597 5129 1742 5182 solos
1765 5130 2004 5197 alloque-

424 5219 600 5278 batur.
633 5229 687 5274 et
714 5221 766 5272 in
797 5234 962 5288 parvo
1003 5217 1298 5274 Palmstiute
1349 5219 1563 5288 angulo,
1595 5219 1714 5272 ideo
1757 5219 1906 5285 dicit,
1938 5218 2004 5273 In

425 5309 662 5368 tenebiis.
692 5321 764 5374 ot,
795 5309 861 5366 lu
890 5329 1035 5376 aure,
1071 5310 1215 5364 hunc
1247 5310 1497 5377 loquendi
1534 5313 1750 5364 modqu
1782 5325 2000 5380 compa-

425 5413 551 5452 rans
578 5415 697 5454 cum
731 5403 977 5469 loquendi
1026 5401 1241 5464 ﬁducia,
1291 5416 1392 5470 qua
1441 5399 1557 5455 illos
1592 5412 1772 5470 postea
1803 5403 1998 5456 instruo

427 5503 615 5548 cturus
641 5508 772 5546 erat.
827 5494 904 5550 Ne
934 5496 985 5549 in
1019 5510 1142 5559 una,
1171 5494 1374 5549 duabus
1402 5494 1636 5550 tribusve
1675 5493 1996 5563 civitatibus,

483 5689 505 5727 ι
523 5685 642 5745 Alit.
671 5688 866 5742 'untiua.

1171 269 1227 325 s.
1267 265 1538 324 JOANNIS
1573 259 2032 319 cunvsosrom
2073 259 2383 315 ARCHIEP.
2424 261 2952 318 CONSTANTINOP.

3588 269 3690 324 600

2118 374 2210 428 sed
2245 390 2337 442 per
2368 386 2534 430 tctum
2585 377 2770 432 orbem
2823 377 3144 448 praedicante,
3192 369 3386 436 terrain
3441 398 3688 454 mareque

2117 475 2480 534 peragrantes,
2510 467 2821 534 babitatam,
2851 486 2954 524 non
2981 470 3266 526 habitatam
3293 491 3305 525 :
3335 487 3397 527 ac
3425 477 3681 546 tyrannis,

2117 558 2348 626 populis,
2381 559 2733 628 philosophis,
2786 561 3092 617 rhetoribus
3129 579 3246 618 cum
3278 580 3464 634 magna
3499 565 3687 621 ﬁducia

2117 654 2292 705 omnia
2321 653 2499 707 dicite.
2536 653 2658 707 Ideo
2688 654 2836 720 dixit,
2876 655 3044 726 Super
3072 667 3216 716 tecta.
3247 667 3320 722 et,
3350 657 3412 711 In
3440 659 3628 712 lumine
3657 701 3670 722 ,

2117 745 2230 798 sine
2254 745 2361 798 ullo
2387 745 2716 816 subterfugio
2737 789 2751 810 ,
2799 757 2852 801 et
2880 763 2999 801 cum
3027 750 3167 802 omni
3220 749 3481 802 libertate.
3506 750 3571 804 Et
3597 768 3692 803 cur

2118 851 2221 889 non
2255 838 2383 891 satis
2415 837 2595 891 habuit
2623 839 2803 893 dicere
2832 880 2846 904 ,
2884 838 3164 894 Prwdicate
3209 858 3361 909 super
3414 851 3564 907 tecta,
3597 854 3648 895 et
3677 882 3690 902 ,

2121 925 2282 980 Dicite
2305 929 2355 980 in
2383 929 2591 992 lumine,
2627 929 2719 982 sed
2764 929 2958 998 adjecit
2986 932 3144 984 etiam
3171 974 3186 996 ,
3218 930 3366 996 Quod
3413 933 3525 985 dico
3557 933 3693 985 vobis

2117 1018 2167 1070 in
2198 1018 2428 1084 tenebris,
2456 1029 2529 1085 cl,
2554 1019 2702 1084 Quod
2723 1022 2771 1073 in
2801 1038 2922 1074 aure
2937 1022 3120 1075 auditis
3144 1024 3168 1077 ?
3197 1022 3262 1077 Ut
3288 1038 3470 1078 corum
3499 1038 3695 1076 sensus

2117 1110 2304 1176 erigat.
2337 1111 2480 1164 Sicut
2513 1112 2726 1180 quando
2753 1114 2962 1166 diccbat
2989 1133 3000 1166 :
3034 1113 3132 1179 Qui
3149 1114 3304 1166 credit
3334 1113 3387 1167 in
3408 1130 3506 1178 me,
3535 1130 3693 1181 Opera

2115 1217 2229 1268 qua:
2267 1218 2355 1270 ego
2412 1203 2544 1271 facio
2586 1213 2631 1255 et
2659 1205 2766 1273 ipse
2803 1206 2972 1275 faciet,
3017 1216 3063 1258 et
3092 1208 3286 1276 majora
3316 1206 3493 1258 harant
3539 1205 3692 1275 faciet

2117 1289 2292 1363 (Joau.
2321 1292 2400 1346 M.
2433 1292 2552 1363 12):
2578 1281 2753 1347 sic’et
2798 1294 2898 1348 hoc
2928 1295 3044 1349 loco
3068 1336 3082 1359 ,
3112 1296 3398 1350 ostendens
3427 1311 3520 1367 per
3548 1297 3694 1364 ipsos

2115 1383 2292 1435 omnia
2340 1383 2477 1438 efﬁci
2505 1427 2518 1447 ,
2549 1394 2605 1438 et
2626 1385 2773 1454 plura
2802 1401 2961 1454 quam
2991 1402 3084 1456 per
3111 1388 3344 1456 seipsum
3377 1386 3512 1441 facta
3541 1388 3690 1453 sint,

2116 1475 2184 1527 ita
2236 1476 2427 1544 posuit.
2485 1476 2613 1532 Nam
2643 1477 2754 1531 ait:
2783 1477 3107 1547 Principium
3133 1477 3280 1534 vobis
3315 1493 3415 1549 ego
3439 1486 3493 1534 et
3540 1478 3693 1533 initia

2104 1561 2263 1628 dedi;
2299 1563 2454 1633 plura
2488 1581 2614 1620 vero
2650 1567 2739 1621 illa
2774 1583 2868 1637 per
2896 1583 2995 1622 vos
3024 1569 3240 1640 impleri
3275 1567 3417 1622 volo.
3442 1565 3558 1622 Hoc
3594 1582 3699 1621 au-

2105 1663 2212 1708 tem
2246 1671 2352 1710 non
2387 1657 2548 1714 modo
2599 1659 2964 1730 praecipientis
3005 1670 3125 1725 est,
3171 1660 3267 1716 sed
3297 1661 3460 1716 etiam
3505 1660 3699 1714 futura

2106 1747 2447 1811 nuntiantis,
2495 1748 2748 1804 ﬁduciam
2794 1751 3145 1822 inspirantis,
3191 1752 3543 1822 praedicentis
3598 1765 3699 1806 eos

2114 1836 2290 1889 omnia
2316 1851 2436 1892 esse
2461 1847 2824 1908 superaturos,
2854 1841 3158 1909 sensimque
3176 1839 3540 1893 subvertentis
3562 1853 3691 1892 con~

2115 1938 2321 1996 ceptam
2353 1928 2492 1983 circa
2542 1930 2821 1986 maledicta
2854 1933 3178 1986 mmstitiam.
3230 1932 3694 2000 Quemadmodum

2118 2020 2264 2072 etiitu‘
2286 2019 2398 2073 lucc
2425 2020 2752 2090 praedicatio,
2783 2039 2925 2078 nunc
2972 2024 3162 2086 latens,
3195 2026 3370 2078 omnia
3397 2025 3654 2092 pervado!
3675 2062 3693 2088 ,

2115 2112 2191 2164 sic
2218 2111 2354 2164 mala
2381 2113 2462 2164 illa
2484 2111 2788 2184 indecorum
2813 2113 3131 2167 existimatio
3155 2117 3261 2167 cito
3284 2114 3490 2184 peribit.
3525 2114 3693 2169 Dein-

2113 2201 2202 2262 de.
2238 2211 2512 2272 postquam
2542 2203 2750 2258 illorum
2776 2206 3189 2270 erexitanimos,
3216 2221 3426 2261 rursum
3445 2206 3690 2276 pericula

2118 2294 2374 2361 prmdicit,
2408 2295 2616 2348 illorum
2669 2305 2900 2350 mentem
2931 2298 3162 2366 erigens,
3197 2297 3550 2367 omnibusque
3599 2313 3692 2351 sn-

2117 2385 2391 2440 blimiores
2419 2387 2668 2441 reddens.
2699 2387 2836 2454 Quid
2873 2391 3015 2444 enim
3054 2389 3168 2442 ait?
3191 2389 3278 2445 28.
3313 2388 3485 2444 Nolite
3513 2391 3697 2444 timere

2114 2495 2195 2532 eos
2215 2480 2299 2547 qui
2325 2480 2556 2531 occidunt
2584 2495 2785 2547 corpus,
2813 2482 3032 2532 animam
3057 2491 3340 2534 autemnon
3369 2492 3584 2549 possunt
3609 2497 3696 2534 oc-

2113 2567 2299 2622 cidere.
2337 2567 2520 2622 Videu‘
2541 2569 2808 2638 quntnodo
2839 2570 2958 2624 illos
2979 2571 3226 2626 omnibus
3250 2571 3696 2640 superioresred-

2113 2656 2222 2723 dat,
2247 2673 2351 2712 non
2377 2674 2532 2713 curas
2561 2659 2740 2726 modo,
2775 2675 2879 2714 non
2922 2661 3220 2725 maledicta,
3258 2663 3486 2732 pericula
3509 2703 3524 2726 ,
3562 2663 3694 2717 insi-

2112 2748 2250 2816 dias,
2272 2751 2363 2804 sed
2386 2751 2546 2805 etiam
2573 2755 3061 2806 niortenromnium
3087 2753 3530 2808 terribilissimam
3554 2733 3692 2808 con-

2115 2850 2353 2897 temnere
2420 2842 2656 2898 docens?
2696 2859 2868 2914 neque
2917 2845 3228 2913 simpliciter
3273 2855 3537 2911 mortem,
3593 2847 3692 2902 sed

2113 2933 2270 2988 etiam
2304 2933 2628 2988 violentam?
2655 2932 2836 3002 Neque
2866 2934 3017 3000 dixit,
3046 2933 3397 3002 Occidemini,
3446 2936 3542 2991 sed
3568 2950 3692 2992 cum

2112 3024 2500 3095 magniﬁcentia
2551 3026 2861 3095 congruenti
2907 3033 3072 3080 totum
3125 3024 3448 3093 declaravit,
3510 3025 3696 3082 Nolite

2112 3117 2302 3180 timere,
2335 3117 2536 3184 dicens,
2555 3119 2617 3172 ab
2646 3119 2707 3172 iis
2733 3119 2820 3188 qui
2841 3119 3074 3173 occidunt
3094 3134 3279 3189 corpus
3297 3160 3312 3186 ,
3336 3120 3564 3173 animam
3591 3137 3690 3174 au-

2113 3219 2212 3264 tem
2246 3227 2346 3264 non
2402 3219 2610 3278 possunt
2647 3211 2875 3264 occidere
2901 3225 2920 3265 :
2947 3210 3035 3264 sed
3059 3212 3230 3279 potius
3268 3212 3435 3266 timete
3459 3227 3577 3264 eum
3605 3212 3695 3282 qui

2111 3311 2275 3372 potest
2303 3311 2352 3356 ct
2399 3302 2622 3356 animam
2661 3311 2706 3356 et
2735 3317 2918 3372 corpus
2947 3300 3153 3371 perdere
3177 3305 3230 3356 in
3276 3301 3558 3373 gehennam
3582 3318 3601 3356 :
3629 3304 3683 3358 in

2111 3392 2439 3449 contrarium
2495 3401 2708 3457 vertens
2761 3406 3104 3458 sermonem,
3162 3393 3236 3448 uti
3291 3407 3506 3461 semper
3535 3393 3686 3448 facit.

2112 3484 2252 3555 Quid
2299 3484 2442 3540 enim
2471 3484 2570 3539 sibi
2602 3483 2747 3538 vult?
2776 3483 2996 3540 Timctis
3028 3494 3253 3538 mortem
3277 3523 3292 3548 ,
3349 3483 3581 3553 ideoque
3623 3485 3693 3539 ad

2111 3575 2505 3647 praedicandum
2538 3576 2814 3646 segniores
2855 3574 3025 3631 estis?
3051 3573 3153 3629 Sed
3183 3574 3282 3630 hac
3309 3573 3376 3629 de
3397 3591 3559 3631 causa
3591 3593 3692 3646 po-

2111 3666 2215 3720 tius
2239 3666 2548 3736 prmdicate,
2579 3667 2700 3735 quia
2730 3674 2955 3722 mortem
2989 3666 3206 3722 titnetis.
3232 3666 3361 3721 Illud
3388 3667 3530 3721 enim
3562 3683 3692 3724 vero

2111 3770 2208 3810 vos
2239 3758 2256 3790 ι
2287 3771 2316 3810 a
2346 3767 2516 3811 morte
2540 3757 2748 3825 eripiet.
2779 3755 2910 3810 Nam
2948 3757 3155 3812 etiamsi
3179 3773 3272 3811 vos
3314 3758 3692 3828 intercmpturi

2110 3856 2277 3913 sunt,
2322 3847 2593 3902 meliorem
2653 3860 2830 3902 tamen
2885 3858 3087 3917 partem
3161 3865 3266 3902 non
3333 3851 3691 3917 superabunt,

2109 3940 2318 3995 etiamsi
2348 3939 2398 3995 id
2421 3942 2546 3996 totis
2571 3942 2769 3996 viribus
2788 3951 3065 3996 conentur.
3098 3941 3218 3997 Ideo
3245 3957 3348 3996 non
3377 3943 3527 4006 dixit,
3555 3944 3694 3997 Ani-

2107 4048 2252 4089 mam
2283 4043 2459 4089 autem
2487 4048 2589 4087 non
2621 4034 2898 4096 occidunt;
2923 4034 3038 4097 sed,
3065 4032 3188 4087 Non
3216 4045 3422 4104 possunt
3437 4036 3690 4090 occidere.

2111 4124 2243 4180 Nam
2264 4123 2470 4180 etiamsi
2501 4125 2681 4188 velint,
2717 4140 2820 4179 non
2845 4126 3187 4194 superabunt.
3220 4124 3398 4195 Itaque
3414 4126 3460 4180 si
3484 4126 3696 4195 suppli-

2109 4219 2252 4274 cium
2279 4218 2454 4278 times.
2481 4217 2609 4273 illud
2641 4219 2795 4289 longe
2821 4223 3036 4288 gravius
3060 4222 3209 4275 time.
3243 4221 3424 4276 V'iden'
3453 4237 3690 4292 quomo-

2111 4311 2184 4365 do
2203 4325 2310 4365 non
2344 4310 2620 4379 promittat
2648 4326 2708 4366 se
2734 4311 2856 4366 illos
2883 4327 2914 4366 a
2942 4322 3115 4366 morte
3143 4311 3486 4367 liberaturum
3515 4328 3645 4369 esse
3669 4353 3688 4379 ,

2109 4402 2204 4457 sed
2225 4402 2360 4456 mori
2383 4401 2658 4471 permittit,
2683 4401 2884 4472 majora
2913 4401 3216 4470 largiturus,
3242 4418 3400 4474 quam
3426 4404 3472 4458 si
3500 4403 3556 4459 id
3584 4417 3695 4460 non

2112 4493 2490 4562 permitteret?
2513 4491 2697 4561 Longe
2723 4493 2864 4547 enim
2895 4491 3068 4560 majus
3093 4501 3177 4547 est
3201 4492 3428 4548 suadere
3455 4501 3514 4547 ut
3536 4508 3690 4550 mors

2108 4594 2413 4654 spernatur,
2434 4599 2595 4654 quam
2623 4600 2654 4639 a
2687 4593 2860 4640 morte
2887 4600 3098 4640 eruere.
3126 4584 3242 4640 Non
3265 4585 3444 4656 itaque
3467 4586 3592 4641 illos
3633 4587 3689 4643 in

2110 4668 2342 4746 pericula
2370 4675 2604 4746 coniicit,
2633 4675 2727 4732 sed
2752 4675 2926 4731 reddit
2947 4676 3196 4746 periculis
3211 4678 3536 4747 superiores.
3561 4680 3694 4736 bre-

2109 4771 2267 4840 vique
2291 4784 2543 4824 sermone
2572 4757 2880 4823 doctrinam
2899 4769 2966 4824 de
2989 4770 3387 4825 immortalitate
3413 4771 3612 4826 anima:
3633 4772 3688 4826 in

2112 4860 2214 4915 illis
2263 4861 2479 4924 inserit,
2511 4875 2574 4913 ac
2607 4860 2813 4914 duobus
2855 4861 3092 4916 tribusve
3145 4861 3324 4916 verbis
3372 4863 3450 4916 sic
3480 4863 3690 4917 inserto

2112 4951 2326 5004 salutari
2358 4951 2626 5018 dogmate,
2651 4950 2770 5004 aliis
2797 4951 2918 5005 illos
2942 4951 3234 5007 ratiociniis
3260 4953 3590 5008 consolatur.
3614 4951 3694 5009 No

2112 5043 2254 5096 enim
2277 5051 2522 5111 putarent
2543 5057 2602 5096 se
2632 5043 2799 5096 occidi
2823 5043 2885 5097 ‘et
2909 5043 3162 5113 jugulari,
3191 5044 3334 5114 quod
3356 5045 3509 5114 quasi
3529 5045 3695 5101 dere-

2115 5133 2223 5187 licti
2263 5135 2390 5198 sint,
2419 5133 2485 5187 de
2512 5133 2842 5201 providentia
2874 5135 2962 5189 Dei
2995 5151 3296 5190 sermonem
3335 5138 3574 5201 inducit,
3612 5137 3696 5193 bis

2115 5225 2323 5280 verbis:
2348 5225 2441 5279 29.
2488 5223 2676 5278 Nonne
2695 5224 2797 5279 duo
2826 5240 3049 5296 passeres
3093 5244 3205 5283 asse
3226 5239 3453 5287 veneunt,
3491 5238 3535 5280 et
3563 5244 3696 5282 unus

2113 5330 2174 5369 ex
2203 5316 2306 5368 illis
2335 5331 2436 5367 non
2461 5315 2604 5369 cadet
2632 5317 2683 5368 in
2715 5315 2946 5388 laqueum
2971 5319 3079 5371 sine
3119 5316 3272 5371 Patre
3323 5328 3484 5372 vestro
3515 5320 3603 5388 qui
3642 5319 3696 5371 in

2115 5412 2256 5464 caelis
2286 5411 2401 5463 est?
2433 5411 2520 5465 50.
2555 5409 2718 5464 Vestri
2742 5420 2907 5464 autem
2936 5412 3107 5480 capilli
3128 5413 3306 5480 capitis
3324 5427 3499 5465 omnes
3519 5427 3697 5464 ptume-

2118 5503 2215 5552 rati
2247 5511 2384 5555 sunt.
2439 5502 2573 5569 Quid
2611 5503 2753 5556 enim
2805 5502 2960 5556 vilius
3009 5501 3156 5554 illis?
3210 5501 3420 5570 inquit:
3453 5510 3695 5554 attamen

2119 5606 2428 5661 numquam.
2461 5592 2739 5661 ignorante
2769 5590 2893 5654 Deo,
2925 5591 3218 5660 capientur.
3245 5587 3358 5642 Non
3397 5594 3541 5646 enim
3561 5609 3694 5662 ope-

2184 5702 2198 5732 ι
2237 5702 2396 5750 Morel.
2423 5701 2588 5762 habet,
2611 5715 2717 5764 nos;
2738 5704 2879 5752 male.
