3900 6194
191 258 264 313 ιθι

190 385 313 428 mute
349 370 453 425 Deo
479 369 668 424 cadere
695 365 824 425 dicit
856 381 868 419 :
901 363 950 420 id
978 362 1117 417 enim
1173 360 1444 430 indigmun
1492 360 1600 413 Deo
1630 372 1717 412 es-

187 481 280 527 set;
315 463 401 515 sed
425 460 555 514 dixlt
589 457 719 512 nihil
767 466 1036 524 gestorum
1069 453 1216 506 illum
1256 452 1442 504 latere.
1497 449 1555 503 Si
1590 463 1718 517 ergo

188 554 293 608 nihil
318 567 495 607 eorum
518 565 637 619 qua:
662 547 907 602 accidunt
944 545 1187 614 ignorat,
1225 556 1428 610 vosque
1457 541 1721 594 sincerius

185 661 314 716 quam
336 653 482 712 pater
506 648 670 706 amat,
697 649 854 708 atque
897 637 968 691 ita
997 645 1174 701 amat,
1218 644 1276 688 ut
1303 635 1463 688 etiam
1501 631 1723 701 capillos

184 746 359 791 vestros
383 733 694 797 numerarit,
726 731 857 784 nihil
885 730 1063 799 utique
1095 727 1407 782 timendum.
1439 726 1550 780 Hoc
1594 738 1723 779 vero

182 828 307 890 dixit,
329 840 430 879 non
455 823 596 892 quod
633 822 777 877 Deus
803 821 1027 890 capillos
1060 828 1329 882 numeret,
1357 816 1452 872 sed
1486 825 1544 871 ut
1563 830 1722 870 accu-

181 929 320 971 ratam
348 915 586 968 notitiam
641 928 992 984 magnamque
1040 913 1182 965 circa
1213 925 1308 964 eos
1338 908 1722 979 providentiam

179 1000 414 1060 ostendat.
445 1004 500 1057 Si
534 1017 662 1072 ergo
706 1002 884 1056 omnia
915 1017 1032 1071 qure
1057 1000 1189 1053 ﬁunt
1219 1000 1386 1061 novit,
1415 999 1457 1052 si
1488 998 1598 1051 vult
1623 1013 1719 1051 nos

178 1094 326 1148 salvos
353 1094 549 1154 facere,
580 1103 633 1147 et
655 1092 708 1146 id
736 1102 928 1161 potest,
957 1093 1000 1144 si
1027 1091 1152 1159 quid
1184 1089 1477 1159 patiamini,
1511 1105 1576 1143 ne
1601 1104 1722 1143 cre-

177 1189 266 1241 dite
292 1202 382 1239 vos
410 1184 699 1239 derelictos
742 1183 828 1238 illa
880 1184 1006 1252 pati.
1056 1182 1171 1236 Non
1215 1183 1356 1236 enim
1407 1181 1520 1235 vult
1549 1196 1642 1235 vos
1690 1195 1720 1234 a

179 1279 306 1333 malis
325 1278 555 1346 eripere,
582 1276 677 1331 sed
707 1275 929 1330 suadere
951 1285 1006 1328 ut
1027 1275 1162 1328 mala
1185 1274 1540 1328 contemnatis
1566 1291 1578 1327 :
1602 1288 1722 1326 nam

175 1370 268 1422 haec
288 1384 409 1423 vere
433 1368 675 1422 liberatio
701 1376 784 1422 est
805 1381 832 1420 a
859 1367 1030 1420 malis.
1059 1367 1148 1420 31.
1183 1363 1355 1418 Nolite
1380 1380 1496 1434 ergo
1517 1364 1688 1416 timere
1705 1379 1723 1415 :

173 1459 316 1510 ntultis
335 1457 622 1526 passeribus
644 1458 871 1510 meliores
898 1457 1012 1510 estis
1042 1472 1145 1510 vos.
1172 1454 1360 1510 Viden'
1381 1455 1496 1508 illos
1522 1454 1630 1523 jam
1659 1454 1726 1507 ti-

171 1564 297 1602 more
339 1558 621 1617 correptos
650 1547 856 1602 fuisse?
897 1548 1109 1603 Sciebat
1139 1548 1280 1601 enim
1331 1556 1536 1600 secreta
1570 1561 1720 1599 men-

170 1642 256 1693 tis:
283 1639 404 1692 ideo
461 1640 772 1708 subjunxit,
827 1639 907 1694 Ne
951 1656 1068 1709 ergo
1101 1640 1313 1692 linteatis
1353 1655 1453 1692 eos.
1505 1637 1722 1692 Etiamsi

168 1731 287 1783 enim
313 1731 662 1797 praevaleant,
687 1733 738 1783 in
767 1732 1028 1784 minorem
1063 1739 1265 1798 partem
1319 1730 1677 1798 praevalebunt
1707 1769 1722 1792 ,

167 1822 208 1873 iu
227 1835 418 1889 corpus
462 1821 706 1876 scilicet:
739 1821 878 1889 quod
905 1821 1110 1875 etiamsi
1158 1821 1229 1873 illi
1272 1835 1377 1874 non
1427 1820 1672 1874 occidant
1704 1860 1720 1886 ,

165 1921 328 1966 natura
356 1921 539 1967 tamen
569 1913 830 1966 absumet.

222 2002 270 2056 5.
301 2001 452 2056 Mors
478 2003 856 2066 contemnenda,
890 2003 1086 2057 Christo
1123 2002 1254 2056 illud
1280 2019 1367 2070 per
1387 2019 1522 2071 spem
1550 2011 1597 2055 et
1623 2019 1726 2054 me-

162 2100 252 2144 tum
279 2094 548 2146 suadente.
597 2093 694 2158 Qui
751 2095 1017 2161 conﬁtetur
1047 2133 1060 2158 ,
1111 2111 1199 2162 per
1242 2094 1460 2146 divinam
1510 2095 1726 2163 gratiam

163 2184 441 2251 conﬁtetur.
481 2183 618 2238 Deus
662 2184 894 2237 libentius
917 2186 1074 2250 bona,
1098 2202 1246 2254 quant
1275 2186 1526 2254 supplicia
1551 2185 1721 2253 infert.

161 2302 220 2316 -—
243 2275 429 2344 Itaque
469 2291 538 2329 ne
566 2276 618 2328 in
655 2275 754 2329 hoc
782 2277 994 2344 quidem
1040 2278 1112 2330 illi
1159 2285 1472 2346 potestatem
1507 2277 1722 2341 habent,

159 2387 181 2422 a
203 2381 388 2424 natura
429 2371 626 2440 quippe
658 2370 783 2424 illud
810 2372 1067 2426 obtinent.
1101 2371 1252 2438 Quod
1293 2373 1337 2426 si
1367 2371 1465 2426 hoc
1493 2371 1685 2426 timeas
1707 2411 1722 2436 ,

160 2461 308 2516 multo
333 2461 512 2528 magis
541 2461 830 2514 timendum
857 2461 983 2515 illud
1013 2462 1152 2530 quod
1175 2462 1362 2532 majus,
1392 2477 1454 2516 ac
1479 2471 1725 2518 metuen-

157 2552 244 2606 dus
268 2563 350 2606 est
404 2551 494 2607 ille
522 2555 611 2621 qui
659 2560 833 2622 potest
857 2561 910 2606 et
940 2553 1166 2607 animam
1195 2563 1248 2607 et
1275 2568 1470 2622 corpus
1502 2553 1725 2622 perdere

157 2644 200 2696 in
225 2643 551 2712 gehennam.
573 2644 752 2712 Neque
775 2644 1054 2698 manifeste
1079 2643 1205 2698 dicit
1225 2659 1284 2699 se
1317 2645 1463 2698 illum
1494 2660 1616 2700 esse
1632 2646 1724 2716 qui

157 2735 310 2800 possit
334 2742 395 2787 et
423 2735 661 2787 animum
683 2742 736 2786 et
763 2748 958 2802 corpus
985 2733 1204 2802 perdere
1230 2749 1244 2797 ;
1268 2734 1362 2789 scd
1398 2750 1491 2803 per
1519 2750 1580 2789 ea
1607 2751 1724 2804 qua:

154 2824 398 2892 superius
417 2822 572 2888 dixit,
605 2838 663 2878 se
688 2823 922 2892 judicem
949 2838 1066 2879 esse
1103 2825 1440 2880 monstravit.
1486 2827 1557 2880 At
1586 2840 1726 2880 nunc

154 2916 476 2969 contrarium
501 2916 678 2969 evenit
709 2933 723 2970 :
755 2931 875 2969 nam
899 2931 1018 2970 eum
1039 2917 1126 2986 qui
1155 2925 1326 2986 potest
1345 2917 1575 2970 animam
1601 2932 1729 2987 per-

153 3007 290 3074 dere,
324 3009 434 3064 hoc
457 3017 581 3074 est,
611 3009 870 3078 supplicio
895 3009 1126 3072 allicere,
1160 3023 1264 3062 non
1298 3008 1578 3073 timemus;
1611 3008 1728 3063 illos

153 3107 322 3154 autem
353 3099 446 3166 qui
465 3113 659 3168 corpus
689 3099 1013 3154 interﬁciunt
1031 3098 1506 3168 perhorrescimus.
1523 3100 1726 3167 Quam-

153 3206 302 3261 quam
352 3191 446 3246 ille
488 3206 592 3246 una
648 3206 768 3245 cum
799 3191 973 3244 anima
1003 3205 1196 3260 corpus
1225 3192 1384 3246 etiam
1414 3191 1723 3248 ulciscitur,:

151 3283 217 3335 illi
246 3297 380 3336 vero
403 3297 512 3336 non
540 3281 698 3336 modo
725 3284 958 3336 animam
977 3325 992 3349 ,
1020 3283 1114 3337 sed
1168 3299 1234 3338 ne
1263 3297 1458 3352 corpus
1513 3284 1727 3353 quidem

150 3382 372 3440 possunt
401 3374 625 3442 punire;
654 3373 774 3427 licet
802 3373 942 3427 enim
970 3373 1162 3428 millies
1187 3375 1447 3444 supplicio
1473 3376 1724 3441 alliciant,

151 3465 488 3533 splendidius
510 3465 638 3518 illud
663 3465 883 3519 omnino
914 3465 1158 3520 reddunt.
1195 3465 1435 3520 Vidistin'
1460 3467 1729 3540 quomodo

148 3556 439 3609 certamina
469 3556 642 3610 facilia
688 3556 910 3611 reddat?
937 3556 1078 3611 Mors
1101 3559 1244 3612 enim
1281 3573 1468 3612 eorum
1497 3560 1726 3613 animam

147 3645 436 3701 admodum
467 3646 791 3716 exagitabat,
839 3649 1194 3719 terribilisque
1223 3650 1396 3705 adhuc
1417 3661 1554 3714 erat,
1586 3651 1726 3721 quod

147 3740 384 3792 nomium
408 3749 714 3808 expugnatu
747 3740 918 3794 facilis
945 3751 1088 3795 esset
1117 3781 1132 3803 .
1173 3757 1269 3797 nec
1295 3742 1470 3797 adhuc
1498 3743 1728 3811 Spiritus

145 3831 370 3898 gratiam
400 3833 738 3900 accepissent
779 3832 812 3884 ii
856 3831 944 3901 qui
979 3832 1121 3886 illam
1150 3835 1503 3902 contempturi
1551 3845 1724 3889 erant.

145 3921 436 3992 Postquam
472 3937 599 3991 ergo
627 3923 868 3976 timorem
891 3932 944 3976 et
979 3932 1196 3988 metum,
1229 3924 1317 3993 qui
1347 3924 1580 3993 ipsorum
1608 3925 1726 3979 ani-

144 4030 282 4069 mam
303 4015 632 4082 exagitabat,
663 4015 948 4067 amovisset
971 4054 988 4080 ,
1017 4017 1257 4084 sequenti
1286 4016 1444 4070 etiam
1475 4032 1727 4072 sermone

143 4110 247 4164 iilis
273 4109 528 4163 ﬁduciam
563 4108 732 4172 indit;
780 4109 971 4162 timore
1000 4108 1246 4162 timorem
1275 4108 1502 4177 pellens,
1532 4125 1630 4164 nec
1660 4111 1726 4164 ti-

141 4216 293 4254 more
338 4200 520 4263 modo,
567 4199 660 4254 sed
691 4215 1002 4270 magnorum
1039 4215 1132 4269 spe
1169 4203 1537 4269 praemiorum;
1576 4203 1724 4256 insu-

142 4308 346 4362 perque
363 4307 485 4346 cum
503 4307 689 4361 magna
710 4300 969 4361 potestate
985 4293 1336 4347 comminatur
1355 4308 1370 4347 :
1391 4303 1547 4363 atque
1562 4294 1726 4348 utrino

139 4402 244 4453 que
266 4386 391 4439 illos
408 4383 653 4438 hortatur
675 4384 738 4437 ad
769 4384 1012 4438 liduciam
1044 4400 1139 4453 pro
1159 4386 1376 4439 veritate
1388 4385 1721 4450 sumendam,

139 4475 254 4531 baae
277 4475 539 4544 adjiciens
563 4493 576 4528 :
605 4476 688 4531 52.
716 4477 1026 4546 Quicumque
1045 4477 1357 4545 conﬁtebitur
1377 4476 1428 4530 in
1455 4493 1530 4529 me
1555 4494 1724 4530 coram

138 4567 452 4631 hominibus,
482 4567 753 4635 confitebor
775 4577 820 4620 et
840 4584 930 4637 ego
941 4568 993 4620 in
1019 4584 1129 4620 eum
1145 4584 1314 4620 coram
1337 4567 1489 4622 Patre
1516 4586 1623 4622 meo
1638 4569 1724 4638 qui

136 4671 208 4713 est
238 4663 291 4712 in
322 4661 497 4720 cretis;
528 4660 612 4713 53.
647 4669 692 4712 et
720 4660 1018 4728 quicumque
1046 4662 1298 4728 negaverit
1327 4676 1404 4712 me
1431 4676 1601 4712 coram
1629 4660 1722 4713 lto-

137 4751 384 4812 minibus,
421 4749 612 4819 negabo
658 4758 703 4802 et
733 4765 824 4819 ego
861 4765 976 4803 eum
1005 4766 1176 4801 coram
1212 4749 1366 4803 Patre
1392 4767 1499 4804 meo
1538 4751 1622 4819 qui
1652 4760 1722 4804 est

135 4842 186 4892 in
205 4841 349 4892 cretis
367 4839 408 4892 ⁸.
435 4837 550 4893 Νοη
577 4839 716 4892 enim
741 4854 768 4891 a
796 4838 1053 4892 bonorum
1079 4853 1174 4908 spe
1196 4846 1423 4903 tantum,
1443 4839 1536 4891 sed
1561 4841 1718 4892 etiam

137 4947 166 4982 a
194 4932 468 4985 malorum
510 4942 652 4985 metu
687 4931 940 4991 concitat.
969 4937 1023 4984 et
1055 4931 1104 4982 in
1139 4929 1307 4983 tristia
1330 4928 1546 4982 desinit.
1594 4930 1719 4999 Ejus

134 5031 320 5074 autem
353 5026 749 5076 accurationem
779 5020 1067 5090 perpende.
1098 5019 1212 5074 Non
1240 5019 1400 5082 dixit,
1431 5017 1532 5082 Me,
1583 5019 1674 5073 sed
1701 5059 1717 5083 ,

136 5111 207 5165 In
239 5129 319 5165 me
339 5152 355 5174 ,
407 5112 699 5166 ostendens
727 5128 847 5166 cum
890 5111 978 5179 qui
1009 5111 1314 5174 confitetur,
1371 5125 1475 5162 non
1507 5110 1716 5179 propria

135 5206 365 5267 virtute,
398 5203 492 5259 sed
515 5218 746 5272 superna
789 5205 954 5273 gratia
983 5201 1170 5256 fultum
1192 5201 1458 5257 conﬁteri.
1492 5202 1566 5257 De
1619 5217 1716 5257 ne-

135 5308 301 5366 gante
334 5311 439 5349 non
492 5296 646 5359 dixit,
683 5294 736 5346 lu
771 5309 856 5349 me
883 5335 900 5359 ,
931 5293 1048 5359 sed,
1089 5292 1175 5346 Me
1202 5308 1222 5348 :
1247 5308 1368 5347 nam
1413 5309 1534 5348 cum
1575 5291 1719 5347 dono

136 5389 326 5455 gratiae
356 5401 554 5440 vacuus
591 5387 679 5451 sit,
709 5386 776 5440 ita
808 5395 984 5454 negat.
1018 5385 1124 5440 Cur
1151 5400 1278 5453 ergo
1307 5395 1606 5447 accusatur,
1636 5383 1719 5436 itt-

135 5476 326 5546 quies.
357 5477 402 5530 si
437 5477 484 5531 is
521 5477 611 5546 qui
668 5485 859 5546 negat,
905 5477 974 5530 ita
1018 5475 1438 5545 derelinquitur?
1465 5475 1597 5543 Quia
1629 5476 1717 5544 qui

139 5568 551 5639 derelinquitur.
577 5567 732 5638 culpa
763 5583 858 5622 sua
885 5567 1293 5637 derelinquitur.
1326 5566 1431 5622 Sed
1471 5582 1567 5622 cur
1609 5581 1714 5623 non

209 5679 227 5715 ⁸
258 5687 364 5733 Hac
385 5678 601 5734 clausula
625 5679 870 5746 Evangelii
895 5687 993 5733 tota
1013 5680 1186 5732 deerat
1202 5680 1250 5730 in
1273 5677 1439 5730 ttorel.

1125 241 1190 298 IN
1227 223 1634 296 MATTIIEUM
1674 236 1900 292 nouit.
1946 233 2180 294 xxxw.
2221 239 2294 294 al.
2336 239 2550 296 xxxv.

3301 247 3400 304 409

1829 355 2022 410 sufficit
2051 357 2181 412 fides
2218 359 2269 412 in
2300 360 2500 425 animo,
2541 359 2636 416 sed
2665 360 2773 414 oris
2804 362 2962 416 etiam
2983 357 3398 423 ’conl’essioneut

1834 450 2095 519 requirit?
2127 450 2193 506 Ut
2240 467 2339 505 nos
2387 455 2568 507 incitet
2591 454 2656 506 ad
2689 454 2930 511 ﬁduciam
2962 467 3015 510 et
3042 458 3106 511 ad
3149 458 3398 526 loquendi

1832 539 2128 596 libertatem
2157 583 2170 606 ,
2205 559 2411 598 necnon
2440 544 2506 598 ad
2558 548 2818 615 majorem
2862 552 3136 604 caritatem
3167 560 3221 605 ct
3270 551 3400 605 all'e-

1829 643 1997 701 ctum,
2032 645 2194 704 utque
2219 651 2316 690 nos
2359 639 2697 694 sublimimcs
2721 642 2934 696 efﬁciat.
2970 641 3200 710 ideoque
3226 643 3402 698 omni-

1831 725 1930 778 bus
1969 726 2223 795 loquitur,
2281 743 2454 798 neque
2483 731 2629 786 solos
2660 733 2877 801 respicit
2914 732 3241 800 discipulos;
3289 747 3398 787 non

1831 817 1949 872 illos
1972 820 2113 872 enim
2146 827 2372 886 tantum,
2428 821 2522 875 sed
2561 822 2718 876 etiam
2751 822 3040 891 discipulos
3085 837 3269 878 eorum
3291 824 3400 891 jam

1832 920 2079 966 strenuos
2105 911 2331 967 reddere
2354 913 2548 968 studet.
2579 913 2710 968 Nam
2733 915 2822 983 qui
2849 915 2961 968 hzrc
2983 914 3248 975 didicerit.
3299 930 3404 969 non

1832 1005 1992 1059 modo
2019 1019 2138 1058 cum
2167 1006 2411 1060 libertate
2448 1005 2684 1070 docebit,
2719 1007 2810 1061 sed
2843 1007 3004 1060 etiam
3047 1007 3222 1061 omnia
3251 1006 3404 1060 facile

1831 1105 1886 1150 et
1930 1111 2121 1165 magno
2148 1096 2326 1149 animo
2357 1098 2602 1164 patietur.
2634 1096 2687 1150 ld
2733 1107 2878 1152 certe
2920 1097 3041 1150 fecit
3072 1106 3129 1151 ut
3155 1097 3303 1151 multi
3335 1094 3402 1151 ad

1831 1188 2103 1256 apostolos
2131 1188 2464 1247 accederent,
2497 1188 2637 1257 quod
2693 1189 2814 1242 huic
2850 1187 2994 1241 dicto
3043 1188 3198 1243 ﬁdem
3238 1188 3402 1242 hahe-

1830 1290 1969 1334 rent.
1999 1280 2128 1334 Nam
2157 1290 2212 1334 ut
2241 1281 2290 1333 in
2341 1280 2492 1334 malis
2521 1281 2718 1349 majora
2765 1281 3020 1349 supplicia
3067 1292 3358 1349 sequuntur
3385 1299 3399 1335 :

1832 1373 1912 1426 sic
1942 1381 1996 1426 et
2026 1371 2076 1425 in
2107 1372 2260 1424 bonis
2288 1371 2459 1438 major
2479 1387 2704 1426 merces.
2733 1371 2863 1439 Quia
2895 1372 3037 1426 enim
3068 1372 3156 1440 qui
3203 1372 3402 1425 bonum

1830 1464 1908 1518 sic
1929 1471 2197 1533 operatur,
2221 1463 2433 1516 divitias
2455 1463 2554 1518 sibi
2587 1471 2756 1531 parat,
2789 1471 3036 1532 peccator
3060 1473 3234 1518 autem
3264 1463 3400 1518 dila-

1833 1555 1976 1606 tione
2003 1552 2244 1620 suppiicii
2277 1567 2334 1607 se
2365 1552 2556 1607 lucrari
2589 1554 2879 1618 existimat,
2913 1569 3116 1620 parem,
3145 1555 3250 1606 imo
3279 1555 3400 1608 lon-

1829 1657 1896 1709 ge
1919 1642 2175 1710 majorem
2204 1643 2338 1696 bene
2373 1644 2612 1712 operanti
2639 1644 2844 1697 induxit
2865 1645 3093 1713 copiam,
3123 1661 3219 1699 seu
3257 1661 3396 1714 pra:-

1831 1736 2058 1788 miorum
2087 1734 2528 1790 additamentum.
2563 1736 2708 1791 Hanc
2727 1739 3153 1806 praerogativam,
3185 1739 3352 1803 inquit
3378 1780 3396 1802 ,

1831 1827 2015 1890 habes,
2044 1827 2182 1894 quod
2213 1828 2264 1880 in
2293 1843 2378 1881 me
2419 1828 2562 1896 prior
2607 1829 2938 1883 credideris?
2969 1828 3080 1898 Ego
3112 1831 3237 1884 item
3263 1831 3398 1883 hanc

1830 1919 2232 1989 przerogativam
2279 1919 2436 1978 dabo.
2479 1929 2536 1974 ut
2565 1920 2762 1988 majora
2803 1920 3027 1975 tribuam
3054 1962 3067 1984 ,
3098 1921 3204 1973 imo
3243 1921 3398 1990 longe

1829 2011 2031 2080 majora
2067 2031 2080 2066 :
2110 2005 2231 2066 nam
2273 2012 2343 2065 ibi
2370 2021 2420 2066 te
2452 2012 2766 2067 conﬁtebor.
2800 2012 2986 2067 Viden‘
3013 2022 3067 2067 et
3097 2013 3181 2067 hic
3210 2022 3262 2067 et
3298 2015 3402 2068 illic

1830 2102 1965 2156 bona
2012 2111 2068 2156 et
2113 2102 2248 2156 mala
2284 2102 2673 2158 recondi?Cur
2701 2119 2829 2173 ergo
2874 2105 3128 2159 festinas?
3171 2121 3266 2158 cur
3316 2106 3402 2160 hic

1833 2192 2132 2248 mercedem
2168 2193 2382 2262 quatris,
2417 2193 2505 2263 qui
2533 2209 2627 2262 spe
2649 2195 2756 2263 jam
2788 2195 2966 2248 salvus
3001 2197 3096 2249 es?
3119 2195 3322 2250 Idcirco
3349 2198 3398 2251 si

1831 2287 1954 2356 quid
1983 2287 2102 2339 boni
2133 2285 2343 2348 feceris,
2397 2300 2567 2354 neque
2593 2285 2678 2340 hic
2713 2287 3011 2342 mercedem
3041 2289 3269 2355 recipias
3288 2329 3303 2352 ,
3338 2304 3403 2341 ne

1831 2377 2099 2441 turberis;
2139 2391 2258 2430 cum
2306 2375 2668 2431 additamento
2692 2378 2831 2430 enim
2881 2378 2930 2431 in
2964 2377 3140 2432 futuro
3165 2389 3403 2446 tempore

1831 2474 1884 2521 te
1912 2480 2116 2539 merces
2155 2475 2353 2520 manet.
2381 2465 2471 2520 Sin
2495 2467 2764 2536 quidpiam
2790 2467 2910 2522 mali
2938 2467 3148 2532 feceris,
3185 2483 3282 2522 nec
3306 2467 3402 2522 des

1831 2570 2037 2625 pmnas,
2068 2571 2133 2609 ne
2165 2555 2285 2610 ideo
2339 2557 2520 2625 segnis
2543 2557 2648 2621 sis;
2682 2557 2788 2610 illic
2814 2557 2951 2610 enim
2987 2565 3038 2610 te
3083 2556 3402 2628 supplicium

1832 2646 2081 2714 excipiet,
2130 2647 2228 2700 nisi
2257 2647 2480 2701 mutcris
2511 2655 2564 2701 et
2593 2647 2783 2702 melior
2812 2648 3026 2702 evadas.
3059 2647 3116 2700 Si
3141 2661 3269 2702 vero
3293 2663 3402 2702 non

1830 2737 2024 2803 credis,
2050 2753 2115 2792 ex
2145 2737 2494 2808 praesentibus
2518 2737 2678 2793 rebus
2703 2739 2874 2792 futura
2901 2739 3173 2808 conjicito.
3201 2738 3331 2794 Nam
3355 2741 3402 2794 si

1832 2829 2182 2883 certaminum
2215 2839 2453 2896 tempore
2499 2829 2576 2882 sic
2607 2827 2843 2883 illustres
2876 2839 2998 2883 stmt
3041 2829 3075 2882 ii
3104 2829 3195 2896 qui
3230 2828 3403 2884 conﬁ-

1836 2925 2032 2981 tentur,
2073 2917 2342 2987 perpende
2369 2918 2553 2986 quales
2580 2932 2900 2972 coronarum
2947 2926 3188 2987 tempore
3239 2917 3400 2972 futuri

1833 3008 1957 3062 sint.
2006 3007 2060 3063 Si
2123 3009 2320 3063 inimici
2366 3008 2451 3063 hic
2485 3009 2757 3078 plaudunt,
2801 3010 2889 3078 qui
2937 3018 2992 3064 te
3049 3009 3237 3065 aﬁ‘ectu
3284 3009 3405 3079 plus

1833 3116 1990 3170 quam
2017 3109 2243 3170 paterno
2280 3100 2469 3167 diligit,
2508 3100 2775 3170 quomodo
2811 3115 2920 3155 non
2953 3110 3005 3156 te
3034 3101 3309 3155 mirabitur
3342 3110 3398 3155 et

1832 3190 2170 3245 celebrabit?
2199 3190 2348 3244 Tunc
2365 3192 2506 3244 enim
2535 3201 2692 3246 erunt
2719 3200 2773 3246 et
2801 3191 3058 3246 bonorum
3082 3191 3298 3260 przetnia
3337 3201 3392 3245 et

1833 3282 2095 3336 malorum
2123 3283 2378 3352 supplicia
2403 3299 2418 3346 ;
2451 3283 2520 3336 ita
2551 3292 2606 3336 ut
2653 3283 2740 3353 qui
2768 3282 3076 3352 negaverint
3101 3323 3119 3348 ,
3143 3292 3198 3337 et
3237 3283 3320 3336 hic
3347 3291 3402 3337 et

1833 3374 1943 3429 illic
1986 3374 2302 3444 puniantur;
2334 3372 2419 3428 hic
2459 3387 2579 3427 cum
2606 3373 2742 3426 mala
2770 3373 3092 3426 conscientia
3121 3372 3363 3426 viventes
3383 3413 3402 3437 ,

1832 3465 1920 3536 qui
1973 3474 2459 3535 quantumcumque
2511 3473 2739 3517 mortem
2790 3463 3060 3531 fugerint,
3108 3464 3403 3539 morientur

1835 3557 2080 3620 tandem;
2126 3557 2234 3611 illic
2259 3571 2390 3610 vero
2418 3564 2683 3610 extremas
2707 3554 2912 3609 dabunt
2939 3569 3159 3625 pcenas;
3191 3556 3284 3609 alii
3303 3571 3402 3609 au-

1833 3658 1938 3704 tem
1969 3660 2023 3703 et
2052 3649 2136 3703 hic
2155 3656 2210 3703 et
2230 3647 2336 3701 illic
2358 3647 2628 3700 lucrantur
2652 3662 2667 3709 ;
2695 3654 2749 3698 et
2767 3654 2990 3698 mortem
3019 3645 3103 3698 hic
3125 3648 3174 3698 in
3198 3645 3401 3700 lucrum

1832 3749 2097 3796 vertentes
2121 3780 2134 3802 ,
2163 3755 2264 3809 qua
2286 3739 2418 3793 vivis
2445 3737 2831 3806 splendidiores
2855 3736 3176 3803 efﬁciuntur,
3209 3748 3260 3792 et
3292 3738 3399 3792 illic

1833 3831 2189 3887 ineﬁ‘abilibus
2213 3829 2452 3885 fruentes
2474 3829 2649 3882 bonis.
2676 3827 2790 3883 Non
2813 3829 2954 3882 enim
2976 3828 3040 3882 ad
3075 3829 3400 3896 puniendum

1833 3933 2060 3990 tantum,
2112 3922 2204 3978 sed
2251 3923 2410 3976 etiam
2459 3921 2526 3975 ad
2571 3921 2709 3975 bona
2759 3921 3024 3989 eroganda
3069 3931 3282 3990 paratus
3321 3933 3402 3976 est

1835 4017 2009 4081 Deus;
2038 4025 2090 4070 et
2117 4014 2184 4069 ad
2216 4015 2316 4068 hoc
2343 4022 2489 4068 certe
2519 4011 2684 4082 magis
2716 4027 2875 4080 quam
2903 4011 2968 4064 ad
2998 4011 3146 4065 illud.
3172 4011 3277 4064 Sed
3309 4026 3403 4064 cur

1832 4108 1935 4163 hoc
1964 4107 2152 4172 semel,
2188 4105 2318 4160 illttd
2351 4105 2432 4158 bis
2460 4104 2676 4174 posuit?
2707 4103 2867 4157 Novit
2896 4112 3042 4157 certe
3076 4103 3264 4156 timore
3291 4118 3405 4156 ma-

1830 4199 1913 4269 gis
1965 4199 2212 4252 homines
2256 4197 2322 4251 ad
2355 4195 2782 4265 resipiscentiam
2811 4193 3021 4248 adduci.
3053 4194 3255 4248 Idcirco
3281 4209 3401 4248 cum

1829 4293 2071 4354 dixisset,
2117 4290 2304 4344 Timete
2333 4305 2445 4343 eum
2468 4289 2555 4357 qui
2585 4297 2746 4355 potest
2775 4296 2823 4339 et
2862 4287 3086 4338 animam
3125 4295 3170 4338 et
3216 4301 3401 4354 corpus

1831 4385 2037 4453 perdere
2057 4383 2108 4434 in
2133 4382 2430 4451 gehennam,
2457 4394 2667 4432 rursum
2691 4377 2837 4442 dicit,
2864 4375 3071 4445 Negabo
3093 4393 3206 4428 eum
3224 4386 3268 4428 et
3285 4393 3396 4445 ego.

1828 4476 1916 4531 Sic
1944 4483 1998 4529 et
2020 4474 2214 4527 Paulus
2249 4470 2496 4537 faciebat,
2529 4468 2825 4540 gehennam
2860 4467 3168 4538 frequenter
3189 4482 3397 4522 memo-

1829 4582 1973 4622 rans.

1899 4660 1952 4713 4.
1986 4657 2147 4722 Mors,
2177 4654 2372 4710 Christo
2394 4661 2645 4719 monente,
2671 4668 2770 4706 non
2810 4650 3092 4705 metuenda.
3133 4649 3402 4716 Corruptio

1827 4766 2092 4820 corporum
2121 4749 2276 4801 utilis.
2310 4745 2444 4813 Quot
2486 4744 2621 4798 mala
2664 4744 2932 4806 euenirent,
2975 4744 3017 4796 si
3060 4758 3273 4811 corpora
3301 4758 3401 4794 non

1826 4851 2282 4912 corrumperentur.
2313 4869 2382 4878 —
2410 4838 2542 4892 Cum
2590 4837 2748 4906 igitur
2797 4836 3092 4890 auditorem
3134 4832 3276 4889 omrti
3327 4846 3398 4885 ex

1827 4944 1977 5005 parte
2018 4933 2342 4986 stimulasset
2372 4931 2516 5002 (nam
2546 4940 2598 4985 et
2626 4929 2788 4983 czelos
2818 4925 2915 4996 ipsi
2941 4927 3178 4995 aperuit,
3210 4936 3256 4978 et
3300 4923 3396 4977 tri-

1827 5028 1984 5082 bunal
2012 5027 2138 5083 illud
2169 5026 2400 5082 terribile
2427 5022 2757 5085 monstravit,
2782 5020 3088 5090 angelorum
3113 5019 3395 5078 theatrum,

1825 5135 2140 5174 coronarum
2191 5117 2628 5187 proclamationes
2651 5155 2668 5179 ,
2703 5129 2820 5183 quae
2852 5112 2948 5180 pire
2976 5108 3232 5164 doctrinm
3259 5107 3395 5161 viam

1826 5209 2032 5265 facilem
2057 5209 2345 5279 pararent),
2372 5206 2584 5260 demum
2613 5219 2680 5258 ne
2705 5218 2799 5273 per
2827 5202 3066 5255 timorem
3092 5198 3398 5269 prmdicatio

1825 5301 2189 5370 impediretur,
2221 5299 2286 5352 ad
2326 5297 2499 5353 czedes
2525 5297 2666 5364 ipsos
2706 5294 2946 5364 apparari
2985 5289 3170 5362 jubet,
3212 5299 3268 5344 ut
3311 5288 3393 5343 di-

1826 5400 1994 5454 srant,
2015 5405 2108 5444 eos
2135 5391 2222 5460 qui
2269 5390 2318 5442 in
2351 5385 2717 5442 incredulitate
2743 5381 3047 5453 persistent,
3078 5382 3234 5436 etiam
3263 5378 3391 5433 insi-

1815 5483 2026 5538 diarum
2044 5479 2289 5532 ﬁdelibus
2304 5484 2631 5529 structarum
2654 5489 2841 5544 pinnas
2859 5488 2980 5527 esse
2995 5469 3385 5526 daturosMor—

1817 5584 1924 5630 tem
1955 5587 2084 5641 ergo
2100 5567 2483 5638 despiciamus,
2501 5566 2716 5620 etiamsi
2751 5565 2990 5620 nondum
3022 5563 3140 5634 ejus
3168 5573 3382 5631 tempus

1819 5669 1885 5722 ad
1895 5666 2244 5720 veneritznam
2268 5659 2334 5716 ad
2352 5659 2525 5715 multo
2543 5658 2821 5715 meliorem
2841 5657 3004 5714 vitam
3024 5654 3379 5714 resurrecturi
