3900 6194
410 254 517 312 805

412 377 616 423 sumus.
637 362 723 423 At.
742 338 911 422 dices,
924 367 1119 424 corpus
1135 346 1527 418 corrumpitur?
1543 343 1612 400 Et
1630 342 1751 398 ideo
1768 338 1998 394 maxime

415 455 757 527 gaudendum
776 492 792 516 ,
836 449 974 520 quod
1008 461 1153 500 mors
1179 450 1550 509 corrumpatur
1569 479 1584 502 ,
1626 443 1679 490 et
1706 430 1999 527 mortalitas

420 520 604 618 prrent
623 587 638 610 ,
685 559 788 598 non
823 549 1001 596 autem
1031 534 1323 591 substantia
1354 529 1616 618 corporis.
1645 524 1828 618 Neque
1856 520 1998 618 enim

423 609 465 696 si
491 609 709 693 conflari
740 634 950 689 vlderes
976 640 1222 687 statuam,
1254 621 1538 693 perniciem
1570 617 1618 671 id
1650 616 1877 676 diceres,
1908 609 2000 664 sed

422 732 699 787 meliorem
730 723 968 780 materiae
1006 735 1182 776 usum.
1230 717 1318 771 Sic
1358 722 1412 768 et
1440 712 1506 767 de
1536 722 1760 777 corpore
1788 704 1957 772 cogita
1983 741 1997 765 ,

420 833 477 882 et
506 836 572 876 ne
600 807 928 890 lacrymeris.
972 812 1230 868 Flendum
1278 820 1405 859 sane
1447 812 1621 865 esset,
1669 801 1710 853 si
1755 799 1807 851 in
1846 810 2000 890 ptena

420 889 726 969 mansisset.
757 907 861 964 Sed
890 904 1233 975 Oportuisset.
1264 895 1491 966 inquies,
1521 894 1635 948 sine
1662 889 2004 956 corruptione

421 1017 704 1072 corporum
752 1000 803 1055 id
851 997 998 1058 fieri,
1046 1003 1099 1048 et
1132 993 1245 1062 ipsa
1287 990 1487 1056 integra
1518 997 1753 1038 manere.
1787 980 1853 1033 Et
1879 977 2004 1072 quid

423 1071 549 1148 inde
594 1090 834 1147 utilitatis
876 1097 967 1142 aut
1013 1085 1148 1139 vivis
1193 1089 1287 1136 aut
1327 1077 1588 1135 defunctis
1636 1071 2006 1145 provenisset?

424 1184 711 1253 Quousque
737 1188 1001 1235 amatores
1031 1187 1312 1246 corporum
1338 1168 1520 1226 eritis?
1546 1178 1821 1237 quousque
1851 1173 2008 1218 terra:

426 1275 622 1331 addicti
647 1273 713 1327 ad
742 1272 957 1326 umbras
983 1265 1235 1322 initiatis?
1260 1261 1395 1330 Quid
1424 1260 1547 1314 inde
1578 1258 1817 1311 utilitatis
1841 1254 2013 1309 obre-

430 1366 601 1419 uiret?
632 1366 737 1418 imo
782 1361 907 1430 qttid
948 1375 1054 1413 non
1102 1355 1404 1411 nocumenti
1450 1348 1765 1405 accederet?
1803 1346 1931 1401 Nam
1962 1345 2008 1399 si

428 1472 648 1525 corpora
682 1468 786 1508 non
812 1456 1312 1519 corrumperentur,
1341 1444 1537 1497 malum
1565 1440 1802 1493 omnium
1830 1437 2008 1491 deter-

430 1550 623 1601 rimum
649 1586 664 1611 ,
711 1543 957 1613 superbia
989 1544 1041 1595 in
1084 1539 1267 1593 multis
1295 1536 1513 1605 vigeret.
1544 1531 1751 1586 Etenim
1779 1544 1896 1585 cum
1926 1543 2011 1583 res

431 1641 500 1694 ita
535 1654 594 1693 se
634 1637 822 1692 habeat
847 1676 862 1701 ,
908 1645 1235 1702 corporeque
1276 1626 1543 1683 vermibus
1572 1632 1828 1684 scatente.
1861 1620 2009 1674 multi

432 1739 610 1783 tamen
640 1743 699 1782 se
727 1726 857 1781 deos
882 1721 1180 1779 existimari
1208 1718 1545 1781 studuerunt,
1577 1714 1702 1784 quid
1732 1729 1835 1767 non
1867 1713 2014 1765 futu-

430 1835 549 1875 rum
578 1826 695 1873 erat
713 1858 729 1883 ,
760 1819 804 1871 si
833 1829 1031 1884 corpus
1059 1808 1378 1867 mansisset?
1407 1806 1673 1866 Secundo,
1705 1819 1809 1858 non
1838 1802 2013 1856 credi-

431 1912 637 1965 dissent
664 1923 889 1978 corpora
920 1923 985 1962 ex
1015 1919 1155 1960 terra
1182 1913 1359 1958 ortum
1402 1899 1598 1955 habere
1626 1916 1639 1951 :
1670 1912 1789 1951 nam
1826 1897 1869 1950 si
1900 1896 2015 1964 ejus

433 2002 539 2056 ﬁne
565 2002 615 2054 id
648 2001 963 2055 testificante
991 1995 1167 2057 adhuc
1206 1995 1420 2065 quidam
1461 1991 1721 2053 dubitant,
1754 1989 1877 2059 quid
1909 2005 2013 2043 non

434 2092 874 2160 suspicarentur,
921 2087 1023 2142 nisi
1069 2085 1175 2140 hoc
1220 2083 1499 2139 viderent?
1542 2080 1744 2144 Tertio,
1791 2093 2017 2148 corpora

436 2183 605 2253 magis
625 2182 990 2251 diligerentur,
1015 2176 1332 2248 plurimique
1353 2173 1523 2243 magis
1541 2172 1780 2228 carnales
1800 2181 1854 2226 et
1868 2185 2018 2224 cras-

436 2276 607 2328 siores
633 2272 755 2326 facti
781 2280 962 2327 essent
984 2286 998 2322 :
1023 2284 1145 2323 nam
1187 2268 1231 2322 si
1276 2280 1416 2320 nunc
1442 2264 1654 2332 quidam
1684 2264 1942 2333 sepulcris
1966 2270 2022 2317 et

438 2365 585 2418 urnis
612 2362 836 2426 haerent,
860 2361 1019 2415 etiam
1045 2357 1359 2428 corporibus
1378 2355 1728 2425 consumptis,
1757 2353 1883 2425 quid
1912 2368 2020 2408 non

437 2458 692 2521 facerent,
738 2455 781 2509 si
814 2455 980 2524 ipsam
1019 2453 1297 2523 imaginem
1344 2449 1638 2505 haberent?
1666 2449 1885 2516 Quarto,
1920 2446 2020 2501 ho-

440 2549 611 2602 mines
641 2548 811 2601 futura
835 2562 940 2600 non
963 2545 1375 2601 desiderassent.
1396 2542 1611 2611 Quinto,
1637 2542 1709 2596 illi
1731 2543 1819 2611 qui
1840 2541 2024 2596 dicunt

439 2640 695 2694 mundum
718 2652 837 2693 esse
857 2638 1231 2701 immortalem,
1259 2636 1381 2690 hinc
1400 2636 1452 2689 in
1476 2635 1726 2705 opinione
1748 2635 2024 2689 ﬁrmaren-

441 2741 545 2797 tur,
574 2740 632 2786 ut
658 2739 964 2786 asserereut
1008 2730 1173 2785 Deum
1205 2744 1310 2784 non
1338 2744 1456 2785 esse
1486 2735 1804 2783 creatorem.
1837 2729 2019 2792 Sexto,

443 2839 547 2877 non
579 2832 993 2889 cognosceretur
1016 2824 1209 2876 animae
1249 2822 1448 2888 virtus,
1477 2835 1578 2876 nec
1603 2829 1858 2891 quantum
1889 2835 2025 2889 prte-

439 2926 565 2965 sens
603 2910 845 2967 conferat
868 2912 1044 2967 anima
1072 2904 1303 2981 corpori.
1330 2911 1570 2981 Septimo
1590 2951 1606 2977 ,
1652 2910 1803 2965 multi
1828 2925 1898 2966 ex
1926 2909 2026 2964 de-

442 3000 741 3057 functorum
760 3017 974 3058 suorum
993 3016 1195 3070 amore,
1214 3002 1435 3057 urbibus
1456 3001 1678 3069 relictis,
1697 3001 1748 3055 in
1771 3001 2026 3071 sepulcris

448 3092 735 3147 habitaturi
776 3102 925 3148 erant
948 3134 962 3157 ,
1011 3102 1065 3148 et
1106 3094 1411 3148 insanorum
1444 3092 1611 3147 instar
1637 3102 1876 3147 mortuos
1900 3106 2026 3147 suos

444 3183 750 3256 frequenter
770 3186 1088 3255 alloquuturi
1115 3205 1127 3241 :
1152 3201 1273 3241 nam
1294 3186 1337 3240 si
1361 3201 1501 3240 nunc
1529 3184 1741 3255 quidam
1773 3185 2028 3255 imagines

444 3277 758 3348 efﬁngentes
781 3318 797 3343 ,
841 3278 962 3348 quia
999 3293 1220 3348 corpora
1262 3278 1493 3333 retinere
1520 3292 1625 3332 non
1658 3285 1906 3347 possunt,
1933 3276 2028 3332 sed

445 3369 625 3424 invitis
652 3370 780 3439 ipsis
810 3368 895 3424 illa
922 3368 1182 3435 deﬂuunt,
1212 3368 1399 3439 ligneis
1428 3368 1620 3423 tabulis
1649 3368 1872 3433 haerent,
1903 3367 2029 3438 quid

446 3473 552 3514 non
590 3458 809 3514 absurdi
855 3469 981 3515 tunc
1026 3459 1459 3529 excogitasseut?
1502 3458 1637 3514 Puto
1664 3474 1813 3515 certe
1835 3460 2031 3515 multos

447 3548 814 3621 hujuscemodi
834 3550 1150 3621 corporibus
1176 3550 1373 3620 templa
1397 3549 1753 3605 :cdificaturos
1773 3592 1788 3616 ,
1808 3558 1875 3605 et
1904 3566 2029 3619 per-

447 3657 702 3698 suasuros
726 3642 889 3698 fuisse
914 3643 1185 3697 daemonas
1212 3645 1265 3696 in
1292 3641 1396 3695 illis
1423 3641 1586 3711 loqui,
1618 3642 1664 3695 si
1691 3641 1779 3711 qui
1803 3640 1857 3695 in
1886 3641 2033 3697 hisce

449 3733 733 3803 prazstigiis
778 3733 1003 3789 sotertes
1046 3733 1290 3798 fuissent,
1339 3731 1768 3803 quandoquidem
1813 3732 1910 3799 illi,
1941 3731 2032 3803 qui

450 3824 865 3880 necromantiam
895 3823 1095 3879 audent
1120 3837 1395 3889 exercere,
1422 3823 1585 3878 multa
1614 3821 1697 3876 his
1723 3822 2035 3879 absurdiora

452 3923 695 3980 tentant,
744 3915 811 3970 ad
856 3914 972 3971 hac
1012 3915 1284 3987 pulverem
1334 3923 1390 3971 et
1438 3916 1649 3971 cineres
1695 3914 2034 3972 adhibentes.

453 4008 662 4074 Quanta
689 4005 814 4061 hinc
838 4005 1153 4062 idololatrias
1178 4021 1371 4075 genera
1403 4020 1509 4061 non
1534 4004 1914 4061 emersissent?
1943 4004 2037 4061 His

458 4097 619 4168 igitur
644 4097 895 4153 omnibus
919 4097 1140 4153 sublatis
1167 4097 1323 4163 Deus,
1354 4106 1536 4166 utpote
1564 4097 1830 4164 absurdis,
1861 4107 1916 4151 ut
1941 4112 2038 4153 nos

457 4188 698 4244 instituat
743 4188 810 4243 ad
856 4200 1063 4244 terrena
1109 4190 1282 4243 omnia
1314 4189 1643 4258 abjieieuda,
1693 4199 1815 4244 ante
1856 4190 2041 4245 oculos

461 4287 675 4335 nostros
699 4294 895 4350 corpus
921 4280 1167 4335 destruit.
1198 4280 1326 4335 Nam
1366 4295 1651 4348 corporum
1679 4293 1884 4334 amator
1904 4322 1919 4346 ,
1950 4281 2041 4349 qui

462 4369 749 4425 formosam
784 4371 1008 4439 puellam
1035 4371 1259 4441 deperit,
1289 4372 1330 4425 si
1361 4372 1492 4425 nolit
1519 4372 1906 4427 deformitatem
1932 4389 2044 4426 nm-

463 4461 611 4514 tcritc
658 4462 867 4517 ratione
909 4462 1138 4529 discere,
1189 4479 1303 4516 eam
1350 4463 1478 4532 ipsis
1516 4464 1693 4518 oculis
1738 4465 2038 4534 perspiciet.

471 4554 681 4609 Etenim
708 4554 887 4609 multae
915 4565 1039 4609 sunt
1070 4556 1210 4624 paris
1236 4556 1406 4610 :etatis
1435 4556 1645 4625 puellm,
1675 4571 1736 4610 ae
1766 4573 1908 4626 smpe
1935 4556 2045 4610 for-

469 4648 725 4700 mosiores
745 4686 759 4710 ,
806 4661 924 4716 qua:
952 4644 1213 4701 defuncta:
1240 4657 1359 4717 post
1398 4661 1556 4700 unam
1587 4648 1876 4702 alterumve
1903 4647 2044 4701 diem

470 4740 710 4793 fol-torem
764 4738 1087 4802 emiserunt,
1135 4739 1359 4804 saniem,
1410 4740 1765 4809 putredinem,
1815 4754 2045 4794 vermes.

469 4828 652 4901 Cogita
680 4829 891 4900 qualem
915 4844 1063 4885 ames
1085 4829 1547 4899 pulchritudinem,
1572 4840 1625 4885 et
1644 4845 1799 4900 quam
1827 4830 2048 4885 formam

470 4922 746 4992 depereas.
775 4921 832 4977 Si
860 4938 985 4977 vero
1010 4937 1234 4991 corpora
1259 4939 1364 4976 non
1393 4932 1777 4992 putrescereut,
1808 4922 1922 4977 haec
1945 4939 2050 4977 non

470 5014 641 5085 probe
670 5015 907 5087 dignosci
957 5026 1173 5085 possent
1199 5033 1212 5070 :
1237 5015 1328 5070 sed
1375 5017 1514 5070 sicut
1540 5016 1812 5069 daemones
1841 5030 1934 5084 per
1961 5030 2053 5069 se-

476 5106 658 5174 pulcra
698 5116 950 5173 currunt,
1001 5107 1080 5161 sic
1124 5108 1271 5161 multi
1316 5110 1380 5161 ex
1428 5107 1752 5160 amatoribus
1794 5106 2055 5176 sepulcris

474 5197 799 5266 assidentes,
842 5198 1114 5255 daemonas
1161 5202 1213 5253 in
1258 5199 1434 5253 anima
1482 5199 1817 5269 reciperent,
1866 5206 1921 5254 et
1959 5198 2057 5251 hac

482 5288 624 5342 ducti
654 5291 857 5346 insania
882 5307 1027 5363 stt-pe
1053 5302 1404 5349 morerentur.
1451 5290 1601 5346 Nunc
1627 5305 1790 5362 porro
1817 5299 1926 5344 tum
1954 5290 2056 5345 alia

1149 236 1207 292 S.
1248 228 1522 294 JOANNIS
1560 218 2030 283 CllRYSUSTOMl
2072 217 2386 276 ARCHIEP.
2428 214 2961 273 CONSTANTINOP.

3588 213 3709 269 Αθι

2104 336 2286 396 tnulta,
2315 346 2424 387 tum
2449 333 2549 387 hoc
2565 334 2725 386 etiam
2749 333 2981 386 animum
3005 330 3330 395 consolatur,
3349 329 3491 400 quod
3518 330 3699 399 imago

2115 427 2203 481 illa
2238 442 2341 479 non
2373 436 2640 495 appareat,
2675 426 2853 493 sicque
2880 425 3035 479 dolor
3062 423 3330 480 oblivione
3351 422 3585 478 difﬂuat.

2174 519 2228 573 5.
2255 518 2450 570 Anima:
2477 516 2799 585 pulchritudo
2830 525 2880 569 et
2917 515 3230 586 praestantia.
3255 544 3324 556 —
3348 513 3505 581 Quod
3537 514 3583 569 si
3613 530 3699 571 res

2105 608 2300 662 nonita
2322 623 2380 663 se
2402 608 2643 673 haberet,
2665 607 2909 676 sepulcra
2934 606 3076 661 nulla
3096 615 3305 671 essent;
3332 605 3425 662 sed
3446 607 3702 662 civitates

2107 701 2316 755 videres
2333 716 2453 770 qua:
2474 708 2712 754 mortuos
2732 714 2828 768 pro
2849 699 3037 754 statuis
3058 698 3332 764 haberent,
3348 714 3473 754 cum
3500 700 3701 770 singuli

2107 791 2306 846 vellent
2346 774 2715 845 suosvidere.
2759 790 2894 844 Hine
2933 791 3120 860 ingens
3146 791 3390 847 confusio
3418 793 3662 845 oriretur
3683 832 3700 856 ,

2108 899 2266 939 nemo
2285 884 2476 938 anima:
2495 900 2676 938 curam
2701 884 2938 949 haberet,
2959 899 3057 939 nec
3077 883 3145 939 de
3162 887 3281 952 ejus
3296 886 3705 942 immortalitate

2108 978 2364 1048 cogitaret
2390 994 2403 1029 :
2427 978 2697 1047 multaque
2720 978 2823 1032 alia
2844 978 3155 1033 absurdiora
3188 978 3313 1033 inde
3334 990 3702 1049 emergerem,

2110 1086 2227 1139 quae
2254 1086 2323 1125 ne
2347 1070 2526 1125 dicere
2554 1070 2766 1140 quidem
2814 1072 2891 1124 fas
2936 1081 3038 1125 est.
3073 1070 3358 1142 l'ropterea
3387 1071 3576 1126 subito
3611 1086 3707 1141 pu-

2112 1162 2314 1227 trescit,
2338 1172 2396 1218 ut
2415 1164 2611 1218 nudam
2639 1165 2829 1217 animae
2858 1163 3303 1233 pulchritudinem
3332 1164 3541 1219 videas.
3574 1164 3704 1218 Nam

2111 1255 2154 1309 si
2177 1256 2333 1309 talem
2358 1253 2580 1309 formam
2603 1264 2658 1310 et
2674 1254 2832 1308 talem
2856 1256 3015 1308 vitam
3039 1256 3212 1310 anima
3235 1257 3446 1326 corpori
3478 1258 3703 1327 praebet,

2112 1355 2311 1414 quanto
2349 1345 2566 1414 majoris
2604 1347 2715 1414 ipsa
2745 1344 3153 1414 pulchritudinis
3196 1346 3340 1400 erit?
3377 1348 3421 1401 si
3474 1363 3593 1402 rem
3638 1349 3705 1402 ita

2113 1441 2402 1496 deformem
2424 1449 2707 1502 sustentat,
2729 1452 2927 1512 quanto
2946 1441 3113 1510 magis
3133 1441 3396 1510 seipsam?
3417 1440 3541 1495 Non
3564 1444 3706 1496 enim

2114 1547 2307 1601 corpus
2333 1534 2504 1601 ipsum
2550 1533 2824 1601 pulchrum
2855 1541 2937 1587 est
2957 1574 2971 1598 ,
3017 1531 3110 1586 sed
3144 1535 3253 1600 ipsa
3283 1533 3590 1587 efformatio
3611 1575 3625 1599 ,
3654 1542 3707 1588 et

2116 1622 2215 1677 llos
2260 1623 2349 1677 ille
2387 1623 2473 1692 qui
2499 1638 2593 1691 per
2615 1622 2844 1675 animam
2873 1624 2924 1675 in
2949 1623 3166 1677 materia
3199 1622 3527 1693 depingitur.
3563 1624 3706 1677 lllatu

2118 1712 2273 1782 igitur
2298 1727 2436 1775 ama,
2466 1729 2584 1782 quzc
2610 1714 2819 1782 corpori
2853 1712 3013 1767 talem
3039 1714 3269 1782 speciem
3297 1715 3571 1767 conciliat.
3607 1713 3709 1767 Er-

2117 1804 2240 1874 quid
2282 1805 2350 1859 de
2389 1814 2560 1860 morte
2605 1805 2829 1875 loquor?
2876 1805 3087 1861 Etenim
3130 1807 3182 1860 in
3230 1806 3327 1861 hac
3354 1822 3578 1877 quoque
3606 1808 3709 1861 vita

2119 1897 2396 1952 ostendam
2432 1898 2522 1952 tibi
2550 1937 2565 1962 ,
2615 1897 2884 1967 quomodo
2911 1898 3129 1967 pulchra
3157 1899 3331 1953 omnia
3362 1898 3431 1953 ab
3459 1898 3555 1953 illa
3584 1914 3709 1968 pro-

2120 1988 2446 2043 ficiscantur.
2473 1987 2604 2043 Nam
2635 1988 2678 2043 si
2711 1989 2802 2043 illa
2831 1989 3070 2055 laetetur,
3098 2004 3255 2044 roseo
3279 2003 3445 2060 genas
3471 1990 3712 2060 depingit

2119 2079 2335 2143 colore;
2383 2079 2464 2133 sin
2500 2088 2690 2133 moesta
2716 2078 2823 2146 sit,
2869 2078 2970 2134 hac
2997 2078 3233 2134 detracta
3277 2080 3707 2150 pulchritudine,

2120 2180 2239 2224 atro
2265 2170 2443 2225 colore
2468 2171 2646 2226 omnia
2676 2173 2850 2226 vestit.
2898 2171 2952 2226 Si
2996 2172 3208 2227 assidue
3252 2173 3484 2240 lzetetur,
3517 2190 3712 2245 corpus

2121 2261 2263 2331 viget
2307 2262 2620 2332 aegritudine
2654 2277 2913 2329 vacuum;
2964 2264 3009 2317 si
3036 2271 3281 2334 angatur,
3321 2280 3521 2320 aranea
3548 2267 3710 2320 macio'

2122 2352 2316 2407 lentius
2344 2361 2396 2407 ct
2423 2352 2739 2408 imbecillius
2783 2353 2989 2419 evadit;
3027 2355 3070 2409 si
3103 2355 3395 2421 irascatur,
3447 2357 3710 2428 ingratum

2126 2443 2253 2497 illud
2284 2453 2337 2497 et
2367 2452 2519 2512 turpe
2547 2444 2752 2507 reddit;
2785 2444 2828 2498 si
2856 2459 3105 2499 serenum
3136 2446 3346 2500 oculum
3380 2446 3708 2511 ostenderit,

2125 2552 2371 2607 magnam
2411 2537 2604 2591 emittit
2652 2537 3127 2605 pulchritudinem;
3178 2540 3222 2592 si
3261 2540 3519 2601 invideat,
3553 2540 3712 2609 pallo-

2125 2645 2237 2684 rem
2282 2630 2508 2684 ntultum
2552 2640 2605 2684 et
2652 2631 2826 2685 tabem
2876 2631 3131 2696 effundit;
3172 2632 3214 2687 si
3242 2642 3405 2697 amet,
3440 2635 3710 2702 pulchram

2127 2720 2261 2774 indit
2309 2719 2553 2775 formam.
2610 2719 2683 2774 lla
2727 2722 2870 2776 enim
2913 2722 3113 2787 multm,
3164 2738 3283 2793 qua:
3323 2722 3577 2778 formosae
3610 2739 3711 2777 non

2128 2823 2301 2877 erant,
2356 2814 2576 2868 multam
2618 2815 2685 2869 ab
2728 2794 2905 2868 anima
2952 2816 3174 2884 gratiam
3209 2830 3500 2885 accepere;
3534 2824 3709 2870 contra

2128 2918 2259 2960 vero
2284 2904 2405 2959 alite
2428 2906 2710 2959 admodum
2739 2906 3008 2972 formosae,
3037 2909 3157 2976 quia
3182 2908 3441 2978 ingratam
3469 2910 3711 2977 injucun-

2128 2997 2359 3067 damque
2389 2998 2618 3052 animam
2648 2996 2921 3063 habuere,
2968 2998 3191 3053 formam
3232 3014 3380 3054 suam
3426 3000 3710 3055 labefacta-

2129 3099 2275 3151 runt.
2320 3090 2502 3161 Cogita
2546 3092 2814 3161 quomodo
2858 3092 3081 3147 candida
3127 3093 3286 3149 facies
3324 3093 3635 3159 erubescat,
3664 3100 3713 3146 et

2132 3183 2326 3238 coloris
2370 3182 2624 3238 varietate
2656 3198 2760 3237 non
2810 3199 3026 3253 parvam
3072 3184 3399 3254 voluptatem
3436 3187 3641 3255 pariat,
3670 3184 3711 3239 si

2131 3273 2345 3344 quidem
2376 3272 2513 3327 adsit
2544 3273 2714 3344 pudor
2739 3292 2751 3327 :
2776 3289 2899 3328 nam
2947 3274 2992 3329 si
3039 3273 3315 3343 impudens
3346 3274 3433 3328 illa
3466 3275 3569 3340 sit,
3608 3275 3709 3329 fera

2133 3364 2276 3418 omni
2326 3363 2663 3434 injucuudior
2686 3364 2787 3421 erit
2824 3373 2879 3419 et
2919 3365 3201 3435 ingratior;
3243 3375 3426 3420 contra
3480 3367 3526 3421 si
3567 3365 3711 3436 pudi-

2134 3456 2311 3510 bunda
2342 3455 2445 3518 .sit,
2515 3456 2661 3514 mitis
2703 3465 2757 3512 et
2804 3456 3034 3513 formosa
3080 3459 3491 3514 evaditzanima
3527 3461 3712 3529 quippe

2135 3550 2355 3619 pulchra
2386 3549 2515 3605 nihil
2546 3549 2852 3614 formosius,
2877 3550 3006 3605 nihil
3034 3550 3261 3606 dulcius.
3290 3551 3423 3608 Nam
3457 3553 3511 3607 in
3534 3566 3713 3621 corpo-

2136 3642 2283 3697 ribus
2308 3657 2460 3697 amor
2482 3642 2670 3698 dolore
2701 3658 2806 3697 non
2852 3650 3022 3707 vacat,
3071 3644 3123 3697 in
3167 3644 3360 3698 animis
3388 3659 3519 3714 pura
3547 3654 3599 3700 et
3622 3644 3713 3696 hn-

2137 3734 2439 3802 perturbata
2460 3734 2724 3803 voluptas.
2742 3734 2853 3789 Cur
2866 3749 2994 3804 ergo
3013 3749 3137 3804 rege
3156 3734 3398 3801 dimisso,
3419 3747 3712 3805 praeconem

2138 3826 2385 3882 miraris?
2410 3841 2506 3881 cur
2533 3826 2851 3897 philosopho
2878 3826 3066 3883 relicto
3087 3867 3104 3893 ,
3151 3825 3217 3881 ad
3266 3827 3607 3898 interpretem
3637 3825 3711 3879 in-

2139 3916 2291 3973 hias?
2318 3917 2505 3973 Vidisti
2537 3918 2818 3988 pulchrum
2845 3918 3057 3973 oculum
3076 3959 3093 3985 ,
3126 3918 3432 3973 interiorem
3465 3917 3711 3979 observa;

2141 4023 2194 4069 et
2218 4014 2261 4068 si
2295 4012 2380 4067 hic
2408 4011 2630 4082 pulclter
2656 4027 2759 4065 non
2791 4012 2879 4075 sit,
2913 4012 3126 4080 despice
3170 4011 3339 4064 illtttn.
3370 4010 3556 4079 Neque
3582 4008 3711 4063 enim

2142 4104 2185 4159 si
2232 4104 2411 4158 videas
2451 4103 2745 4157 deformem
2795 4103 3071 4158 mulierem
3120 4101 3358 4171 spccio.~a
3392 4101 3539 4155 larva
3571 4100 3711 4152 obte-

2143 4206 2319 4256 ctam,
2368 4196 2544 4263 aliquo
2573 4210 2694 4264 erga
2742 4194 2882 4247 illaut
2914 4194 3103 4248 affectu
3136 4194 3514 4261 movearisan
3545 4198 3711 4245 contra

2147 4288 2291 4341 larva
2314 4288 2567 4341 occultari
2597 4287 2880 4339 formosam
2908 4301 3009 4339 non
3033 4287 3196 4348 sinas,
3222 4284 3335 4349 sed,
3360 4292 3537 4337 amota
3560 4281 3711 4342 larva,

2149 4378 2341 4431 nudam
2403 4378 2589 4432 faciem
2636 4377 2818 4432 videre
2863 4392 3107 4445 cuperes.
3162 4375 3273 4429 Hoc
3324 4389 3446 4443 erga
3499 4372 3710 4425 animam

2150 4485 2361 4539 quoque
2392 4470 2569 4535 facito,
2605 4470 2745 4523 illam
2795 4484 3022 4537 agnosce
3055 4467 3318 4536 priorem;
3352 4465 3513 4518 larva:
3540 4463 3715 4532 quippe

2151 4562 2269 4615 loco
2300 4562 2439 4614 illaut
2471 4575 2664 4628 corpus
2690 4560 2886 4623 ambit,
2916 4559 3054 4627 quod
3088 4566 3143 4610 ttt
3172 4557 3524 4625 compositum
3554 4561 3627 4605 est
3652 4550 3713 4601 ita

2153 4668 2367 4721 semper
2390 4664 2563 4705 manet
2587 4669 2600 4705 :
2622 4652 2798 4705 anima
2818 4664 2948 4704 vero
2973 4650 3015 4703 si
3040 4648 3292 4703 deformis
3320 4649 3407 4708 sit,
3435 4648 3541 4700 cito
3562 4647 3715 4713 potest

2156 4744 2387 4799 formosa
2413 4743 2571 4798 effici.
2599 4744 2657 4799 Si
2690 4743 2900 4797 oculum
2932 4741 3123 4795 habeat
3148 4740 3465 4804 deformem,
3497 4746 3712 4792 torvum.

2157 4847 2387 4906 turpem,
2414 4845 2588 4907 potest
2615 4836 2702 4890 ille
2728 4835 2840 4889 fieri
2870 4835 3122 4905 pulcher,
3151 4832 3347 4897 suavis,
3378 4843 3613 4887 serenus,
3636 4824 3712 4891 ju-

2156 4933 2382 4988 cundus.
2431 4931 2579 4985 llanc
2622 4943 2748 4999 ergo
2776 4928 3001 4981 fortnam
3029 4939 3350 4996 qumramus,
3386 4922 3523 4976 hanc
3548 4916 3714 4972 faciem

2159 5034 2441 5087 ornatam,
2487 5030 2545 5075 ut
2595 5022 2733 5075 Deus
2779 5028 3014 5074 nostram
3058 5016 3441 5085 concupiscens
3471 5013 3714 5067 formam,

2161 5127 2361 5171 a-terna
2393 5114 2545 5169 nobis
2584 5113 2721 5166 bona
2763 5112 3018 5181 largiatur
3040 5151 3054 5175 ,
3098 5110 3266 5180 gratia
3296 5116 3349 5163 et
3379 5095 3717 5160 misericordia

2163 5208 2372 5263 Domini
2402 5206 2569 5262 nostri
2609 5205 2734 5260 Jesu
2764 5202 2961 5257 Christi
2986 5243 3001 5267 ,
3045 5203 3128 5256 cui
3158 5200 3323 5273 gloria
3350 5205 3407 5254 et
3434 5190 3715 5267 imperium:

2166 5302 2216 5357 in
2248 5300 2440 5357 saecula
2472 5298 2814 5355 surculorum.
2841 5296 3036 5351 Amen.
