3900 6194
375 228 472 284 ιοῦ

1280 235 1345 289 ΙΝ
1381 236 1787 295 MATTHIEUM
1831 240 2055 298 llOMlL.
2101 245 2314 302 XXXV.
2357 252 2424 307 al.
2468 251 2708 315 XXXVI.

3526 278 3631 334 406

1416 448 1758 511 HOMILIA
1806 451 2075 513 xxxv.
2123 455 2207 515 al.
2256 456 2556 522 xxxvr.
2964 448 2975 451 "

365 580 486 638 Car.
516 583 599 639 10.
636 600 687 638 v.
720 586 805 641 54.
839 586 1013 641 Nolite
1038 597 1215 656 putare
1238 590 1356 658 quia
1384 596 1596 645 venerim
1624 611 1794 663 pacem
1819 578 1938 650 mit-

438 687 542 731 tere
570 679 621 730 in
650 689 831 733 terram
849 696 867 734 :
885 698 983 735 non
1008 682 1121 736 veni
1141 699 1313 752 pacem
1338 685 1551 749 mittere,
1579 687 1668 739 sed
1691 688 1936 757 gladium.

432 768 521 823 55.
561 768 686 825 Veni
724 774 856 826 enim
887 789 1123 843 separare
1156 775 1405 851 hominem
1442 792 1474 829 a
1512 787 1653 847 patre
1676 795 1786 845 suo,
1810 790 1856 833 et
1877 781 1940 848 fi-

435 859 558 912 liam
598 877 631 912 a
666 872 824 915 matre
848 878 962 927 sua,
990 875 1036 916 et
1066 880 1249 918 nurum
1276 881 1307 919 a
1333 882 1477 921 socru
1504 884 1598 922 sua
1616 883 1634 922 :
1652 870 1739 924 56.
1769 880 1814 923 et
1841 872 1941 925 ini-

432 951 551 1004 mici
578 952 814 1018 hominis,
848 954 1107 1008 domestici
1135 958 1264 1026 ejus.
1409 943 1413 947 “

434 1042 485 1095 l.
521 1041 749 1097 Rursum
777 1044 1079 1101 oncrosiora
1124 1046 1367 1117 profert,
1416 1049 1574 1119 idque
1600 1067 1717 1107 cum
1750 1069 1939 1124 magna

361 1134 678 1189 auctoritate
702 1153 715 1189 :
740 1135 983 1206 quodque
1012 1139 1100 1193 alii
1130 1138 1389 1208 objecturi
1418 1151 1589 1208 erant,
1618 1143 1705 1197 ille
1737 1146 1937 1215 prmdi-

360 1224 454 1279 cit.
482 1224 613 1279 Nam
657 1230 724 1280 n'e
770 1227 834 1281 iis
881 1227 1077 1284 auditis
1106 1228 1346 1285 dicerent
1372 1248 1384 1285 :
1413 1232 1605 1288 ldeoue
1632 1236 1854 1302 venisti,
1883 1245 1939 1291 ut

364 1328 462 1368 nos
500 1315 786 1371 interlicias
812 1331 931 1371 cum
961 1318 1026 1371 iis
1068 1319 1157 1389 qui
1204 1320 1357 1375 nobis
1385 1320 1664 1391 obsequuti
1702 1335 1854 1390 sunt,
1885 1335 1939 1381 et

360 1404 513 1459 bellis
541 1413 733 1461 terram
760 1408 1005 1477 replens?
1042 1409 1154 1479 ipse
1192 1411 1339 1480 prior
1362 1411 1529 1469 dicit:
1554 1411 1674 1469 Non
1704 1418 1813 1471 ueni
1841 1434 1935 1486 pa-

361 1511 466 1548 cem
488 1495 684 1549 mittere
721 1497 774 1550 in
815 1504 1021 1552 terram.
1060 1500 1165 1555 Cur
1207 1515 1335 1572 ergo
1378 1504 1629 1573 praecepit
1659 1506 1710 1559 in
1749 1506 1937 1564 domos

360 1587 593 1657 singulas
624 1588 890 1659 ingressos
928 1605 1112 1660 pacem
1154 1592 1370 1649 dicere?
1393 1609 1489 1649 cur
1512 1605 1566 1652 et
1588 1597 1762 1667 angeli
1788 1600 1935 1655 dice-

360 1679 505 1743 bant,
537 1680 711 1736 Gloria
735 1682 787 1736 in
815 1682 1023 1737 excelsis
1062 1682 1205 1751 Deo,
1249 1694 1296 1739 et
1321 1686 1373 1739 in
1404 1696 1537 1741 terra
1575 1704 1678 1757 pax
1702 1688 1852 1759 (Luc.
1878 1690 1930 1744 2.

362 1771 490 1841 l5)?
532 1786 627 1826 cur
669 1773 940 1842 prepheta:
984 1789 1171 1830 omnes
1214 1776 1439 1848 idipsum
1484 1781 1937 1848 przenutuiarunt?

360 1864 492 1928 Quia
524 1863 653 1918 illud
695 1868 927 1921 maxime
959 1881 1060 1935 pax
1087 1875 1203 1934 est,
1235 1882 1356 1924 cum
1386 1870 1436 1924 id
1458 1912 1473 1936 ,
1504 1872 1645 1941 quod
1675 1884 1932 1943 aegrotat,

359 1954 705 2021 abscinditur,
732 1956 944 2027 quando
971 1956 1045 2021 id,
1074 1958 1215 2027 quod
1244 1959 1500 2027 dissidet,
1528 1974 1821 2030 separatur.
1849 1964 1937 2021 Sic

358 2047 502 2101 enim
534 2055 709 2116 potest
741 2047 929 2103 czelum
972 2064 1092 2104 cum
1124 2058 1263 2106 terra
1295 2050 1465 2122 jungi.
1495 2052 1934 2124 Quandoquidem

359 2140 597 2198 medicus
634 2143 713 2198 sic
755 2144 1017 2214 reliquum
1061 2159 1257 2215 corpus
1298 2155 1499 2215 servat,
1547 2163 1667 2203 cum
1712 2149 1764 2204 id
1795 2150 1934 2220 quod

358 2231 650 2287 insanabile
677 2240 780 2299 est,
812 2242 1053 2301 resecat;
1087 2244 1140 2291 et
1168 2236 1295 2301 dux,
1326 2252 1449 2293 cum
1477 2253 1569 2293 cos
1595 2240 1681 2309 qui
1713 2254 1936 2296 concor-

357 2322 501 2377 diam
533 2324 884 2393 perniciosam
914 2326 1178 2394 inierant,
1208 2328 1275 2382 ad
1299 2327 1684 2384 dissensionem
1713 2330 1933 2386 inducit.

356 2413 445 2468 Sic
469 2421 523 2469 et
551 2414 603 2468 in
628 2414 714 2469 illa
738 2417 868 2471 turri
892 2414 1085 2471 factum
1110 2426 1188 2472 est
1208 2417 1356 2490 (Gen.
1372 2418 1463 2488 11)
1488 2436 1501 2473 :
1526 2420 1715 2474 malam
1741 2422 1935 2492 quippe

353 2505 697 2561 concordiam
724 2508 862 2563 bona
886 2507 1149 2564 discordia
1173 2509 1365 2576 solvit,
1389 2518 1443 2565 et
1476 2525 1659 2580 pacem
1682 2514 1935 2569 concilia-

354 2596 449 2651 vit.
500 2596 591 2653 Sic
627 2607 682 2653 et
720 2598 913 2653 Paulus
938 2614 1031 2654 eos
1060 2601 1147 2670 qui
1174 2599 1454 2655 adversum
1496 2617 1555 2657 se
1593 2602 1932 2658 concordiam

356 2686 603 2752 inierant,
629 2684 972 2761 divisit(Act.
1000 2690 1092 2745 25.
1117 2691 1169 2745 6.
1198 2692 1275 2761 7).
1305 2691 1361 2746 lu
1388 2691 1629 2748 Nabuthe
1653 2708 1781 2750 vero
1808 2709 1935 2750 con-

355 2780 534 2835 cordia
568 2781 653 2835 illa
677 2780 933 2836 fuitomni
956 2783 1095 2837 bello
1115 2783 1352 2838 deterior
1370 2784 1446 2855 (5.
1469 2784 1598 2857 Reg.
1619 2785 1735 2855 2i).
1754 2785 1935 2856 Neque

354 2873 495 2927 enim
525 2873 809 2929 concordia
856 2888 1068 2945 semper
1110 2876 1377 2931 laudanda
1402 2894 1417 2933 :
1442 2892 1562 2931 nam
1605 2887 1662 2933 et
1703 2879 1934 2936 latrones

356 2965 496 3018 inter
520 2978 580 3019 se
607 2962 900 3019 concordes
925 2975 1069 3019 sunt.
1096 2965 1210 3020 Non
1239 2966 1397 3036 igitur
1420 2981 1483 3021 ex
1514 2966 1709 3023 Christi
1739 2984 1932 3039 propo-

356 3054 475 3119 sito,
507 3053 601 3109 sed
629 3070 694 3110 ex
721 3054 932 3110 illorum
957 3056 1229 3112 voluntate
1254 3057 1447 3113 bellum
1469 3058 1797 3115 movebatur.
1819 3060 1934 3131 Ipse

356 3146 549 3216 quippe
574 3147 786 3202 volebat
805 3163 993 3203 omnes
1018 3149 1067 3202 iu
1093 3150 1172 3217 pia
1195 3150 1449 3220 religione
1470 3154 1759 3209 concordes
1779 3171 1929 3210 esse:

355 3238 449 3291 sed
474 3239 594 3307 quia
624 3238 694 3292 illi
722 3238 1067 3306 dissidebant,
1116 3239 1238 3296 hinc
1283 3241 1479 3297 bellum
1506 3245 1795 3302 oriebatur.
1827 3248 1933 3303 Sed

357 3342 462 3382 non
492 3328 569 3383 sic
596 3329 688 3383 ille
718 3329 967 3401 loquutus
990 3340 1108 3385 est:
1133 3332 1260 3403 quid
1302 3348 1431 3389 vero
1459 3334 1628 3390 dicit?
1676 3337 1797 3392 Non
1825 3341 1934 3393 veni

357 3434 531 3487 pacem
556 3420 783 3487 mittere,
830 3430 888 3475 ut
918 3421 1036 3475 illos
1066 3422 1451 3478 consolaretur.
1482 3424 1559 3480 Ne
1586 3427 1777 3495 putetis
1799 3469 1815 3495 ,
1850 3430 1932 3483 in-

357 3509 489 3577 quit,
521 3508 731 3563 itlorum
756 3524 852 3565 vos
874 3525 1087 3565 causam
1113 3526 1253 3579 esse,
1277 3526 1377 3584 ego
1405 3514 1519 3569 haec
1538 3515 1784 3585 dispono,
1812 3520 1932 3588 quia

358 3601 434 3656 illi
475 3603 553 3658 sic
592 3603 765 3659 allecti
812 3614 957 3660 sunt.
994 3605 1072 3661 Ne
1104 3606 1387 3663 turbemini
1432 3608 1612 3680 igitur,
1656 3613 1804 3681 quasi
1848 3629 1935 3669 res

358 3702 552 3764 praeter
574 3697 1024 3765 exspectationem
1053 3698 1319 3754 eveniant.
1348 3697 1472 3755 Ideo
1493 3703 1631 3765 veni,
1658 3712 1714 3757 ut
1739 3703 1932 3759 bellum

356 3800 600 3841 moveam
626 3804 640 3840 :
666 3785 779 3842 haec
804 3787 999 3857 quippe
1020 3797 1136 3843 mea
1160 3798 1241 3843 est
1262 3789 1526 3844 voluntas.
1548 3789 1625 3846 Ne
1648 3792 1933 3848 turbemini

359 3876 522 3947 igitur
574 3891 691 3932 cum
751 3887 891 3934 terra
944 3880 1093 3950 quasi
1144 3880 1350 3935 insidiis
1401 3883 1636 3952 appetita
1686 3885 1738 3939 in
1797 3886 1933 3941 bella

359 3977 623 4038 erumpet.
652 3967 782 4024 Cum
811 3970 953 4025 enim
998 3970 1049 4025 id
1095 3971 1235 4041 quod
1263 3972 1500 4028 deterius
1524 3983 1606 4029 est
1632 3985 1933 4046 separatum

358 4060 533 4127 fuerit,
563 4069 687 4116 tunc
712 4060 927 4116 demum
956 4063 1160 4117 meliori
1190 4064 1324 4133 parti
1350 4064 1697 4135 conjungetur
1723 4067 1932 4121 citium.

360 4153 486 4209 lltec
512 4161 692 4208 autem
713 4152 861 4215 dicit,
889 4161 1152 4209 utcontra
1173 4155 1364 4210 malam
1389 4157 1673 4211 multorum
1694 4158 1709 4188 ί
1731 4157 1936 4227 Opinio-

360 4261 483 4301 nem
527 4246 649 4301 illos
692 4246 914 4301 muniat.
964 4245 1146 4317 Neque
1189 4246 1349 4314 dixit,
1392 4246 1619 4313 Bellum,
1663 4248 1756 4303 sed
1796 4250 1935 4319 quod

360 4337 531 4391 multo
552 4335 787 4392 deterius
814 4345 930 4404 est,
970 4335 1231 4391 Gladium.
1260 4335 1319 4392 Si
1346 4352 1473 4393 vero
1498 4337 1639 4393 dicta
1668 4338 1784 4394 haec
1808 4354 1939 4395 one-

358 4443 484 4484 rosa
509 4427 618 4483 sint
637 4436 692 4483 et
710 4427 855 4483 dictu
880 4428 1107 4498 ingrata,
1126 4443 1194 4483 ne
1213 4428 1443 4484 mireris.
1460 4426 1593 4485 Cum
1618 4430 1759 4486 enim
1781 4430 1941 4487 vellet

359 4534 455 4576 eos
482 4518 584 4575 hac
611 4519 896 4574 verborum
923 4519 1210 4590 asperitate
1252 4533 1505 4575 exercere
1523 4560 1537 4583 ,
1585 4536 1652 4576 ne
1681 4521 1732 4575 in
1762 4537 1938 4578 rerum

357 4614 729 4670 difﬁcultatem
762 4614 982 4685 ingressi
1010 4614 1279 4670 resilirent
1299 4653 1315 4680 ,
1345 4615 1425 4671 sic
1454 4616 1611 4670 verba
1644 4616 1936 4695 disposuit:

359 4719 424 4760 ac
447 4719 517 4759 ne
543 4705 665 4776 quis
691 4704 913 4772 diceret,
942 4720 1064 4761 eum
1095 4720 1161 4760 ex
1190 4705 1474 4772 lenocinio,
1505 4714 1561 4761 et
1586 4706 1818 4762 difﬁcilia
1845 4722 1940 4762 oc-

360 4798 635 4863 cultando,
679 4813 799 4868 qua:
824 4798 1054 4855 volebat
1094 4798 1350 4863 suasisse,
1403 4798 1526 4855 ideo
1570 4799 1659 4855 illa
1688 4815 1805 4870 qua:
1833 4801 1940 4857 alio

364 4891 525 4947 modo
570 4891 795 4946 dicenda
841 4890 1174 4955 videbantur,
1222 4891 1485 4948 acerbiori
1530 4898 1587 4947 et
1637 4893 1941 4951 terribiliori

367 4981 523 5037 modo
546 4981 851 5051 explicavit.
880 4981 1066 5037 Melius
1089 4983 1229 5037 enim
1259 4992 1343 5038 est
1365 4997 1542 5039 rerum
1567 4998 1725 5054 quam
1754 4986 1944 5041 verbo-

363 5088 480 5127 rum
507 5072 781 5128 lenitatem
810 5072 1010 5127 videre.
1038 5072 1264 5143 Ideoque
1293 5088 1466 5143 neque
1495 5073 1610 5129 hzec
1638 5074 1834 5130 dixisse
1859 5090 1945 5130 sa-

367 5164 433 5218 tis
466 5162 670 5228 habuit,
699 5161 794 5217 sed
820 5162 945 5217 belli
973 5163 1206 5232 speciem
1231 5165 1521 5233 explicans,
1553 5164 1784 5219 ostendit
1815 5165 1942 5220 illud

365 5255 506 5309 civili
538 5254 676 5309 bello
702 5254 871 5308 multo
898 5255 1111 5323 gravius
1142 5268 1282 5319 esse,
1308 5255 1526 5325 aitque:
1561 5254 1685 5308 Veni
1712 5272 1946 5325 separare

368 5346 619 5400 hominem
638 5361 670 5398 ιι
693 5355 836 5415 patre
862 5360 972 5408 suo,
1002 5353 1047 5397 et
1070 5345 1233 5409 filiam
1261 5360 1294 5398 a
1322 5355 1481 5399 matre
1499 5362 1612 5411 sua,
1641 5355 1686 5399 et
1707 5362 1888 5400 nurum
1913 5362 1946 5399 a

342 5453 513 5491 socru
538 5452 650 5489 sua.
680 5434 794 5488 Non
823 5435 963 5488 enim
993 5435 1147 5489 amici
1180 5444 1233 5489 cl
1255 5436 1500 5490 coucives
1531 5435 1722 5498 solum,
1756 5435 1943 5505 inquit,

366 5527 460 5583 sed
508 5534 568 5582 et
608 5524 821 5596 cognati
866 5526 1003 5582 alter
1049 5536 1234 5581 eontra
1278 5525 1501 5580 alterum
1537 5525 1843 5596 iusurgcnt,
1891 5534 1947 5582 et

433 5704 451 5737 ⁸
485 5702 701 5765 Quidam,
723 5700 948 5754 laborum.

2057 604 2242 657 natura
2275 606 2384 675 ipsa
2414 607 2740 668 discindetur
2769 615 2927 673 bello.
2975 620 3095 676 Ven:
3123 627 3277 695 enim,
3316 629 3506 702 inquit,
3537 651 3620 689 se-

2049 707 2229 760 parare
2257 695 2506 752 hominem
2534 718 2566 754 a
2611 712 2751 769 patre
2774 723 2894 775 suo,
2925 718 2973 765 et
2999 722 3209 770 matrem
3234 735 3267 772 a
3291 695 3405 788 ﬁlia
3429 740 3549 784 sua.
3582 736 3628 781 et

2046 800 2227 839 nurum
2248 804 2281 841 a
2301 805 2446 844 socru
2467 808 2579 847 sua.
2607 795 2787 867 Neque
2807 803 2951 857 enim
2978 804 3119 861 inter
3141 808 3465 871 domesticos
3494 819 3592 871 sim
3610 850 3625 860 ο

2045 874 2256 945 pliciter
2282 879 2475 936 bellum
2518 887 2641 953 erit,
2689 890 2782 945 sed
2812 893 2973 948 etiam
3021 897 3162 953 inter
3189 903 3542 962 amicissimos
3569 920 3647 964 et.

2045 967 2233 1037 majori
2281 976 2672 1033 necessitudine
2697 981 2931 1050 junctos.
2975 987 3029 1042 ld
3071 992 3212 1060 quod
3257 998 3486 1054 maxime
3511 1000 3629 1069 ejus

2046 1056 2293 1114 virtutem
2317 1066 2571 1131 os1endit,
2597 1071 2735 1138 quod
2762 1073 2833 1127 illi
2859 1076 2980 1130 talia
3003 1056 3280 1138 audientes
3302 1056 3624 1157 exciperent,

2046 1146 2270 1218 aliisque
2299 1153 2605 1212 suaderent.
2633 1158 2962 1233 Quamquam
3004 1184 3109 1223 non
3139 1171 3251 1241 ipse
3283 1174 3394 1229 lucc
3420 1146 3624 1235 efficie-

2045 1236 2154 1332 bat,
2183 1241 2275 1297 sed
2303 1242 2573 1303 hominum
2597 1254 2862 1322 nequitia;
2895 1266 3129 1315 attamen
3158 1236 3273 1332 ipse
3300 1280 3359 1320 se
3384 1268 3509 1324 dicit
3537 1273 3625 1325 illa

2045 1327 2240 1386 facere.
2282 1332 2378 1389 llic
2427 1338 2622 1408 quippe
2657 1358 2772 1398 mos
2819 1356 2901 1401 cst
2942 1327 3231 1420 Scripturie
3270 1370 3455 1411 sacrm.
3485 1361 3624 1416 Alibi

2043 1422 2184 1511 enim
2211 1424 2340 1480 dicit
2368 1446 2381 1482 :
2411 1429 2563 1486 Dedit
2592 1434 2694 1489 illis
2726 1438 2864 1493 Deus
2895 1443 3097 1511 oculos,
3128 1456 3184 1501 ut
3232 1464 3339 1503 non
3380 1452 3622 1509 viderent

2044 1510 2197 1611 llsat.
2232 1516 2583 1611 6.‘9;Ezech.
2632 1525 2720 1583 l2.
2763 1527 2799 1581 2
2826 1545 2840 1595 ;
2864 1529 3019 1586 Joan.
3065 1535 3150 1588 l2.
3183 1538 3266 1591 ll.
3298 1540 3388 1611 40)
3424 1544 3542 1600 :sic
3566 1556 3622 1599 et

2044 1601 2098 1657 in
2144 1604 2247 1662 hoc
2298 1608 2415 1665 loco
2457 1612 2627 1669 dicit:
2662 1627 2719 1671 ut
2765 1621 2923 1673 verba
2966 1625 3168 1692 istlnnc,
3210 1630 3350 1698 quod
3370 1601 3622 1701 superius

2042 1693 2182 1763 dixi,
2222 1710 2404 1754 secum
2431 1713 2757 1773 reputantes,
2786 1725 2852 1763 ne
2884 1693 3389 1783 turbarentur,cum
3421 1693 3623 1792 oppro-

2042 1785 2171 1841 briis
2212 1798 2265 1844 et
2307 1797 2645 1850 contumeliis
2684 1798 3081 1868 impeterentur.
3114 1806 3262 1875 Quod
3300 1811 3347 1866 si
3382 1785 3471 1882 qui
3494 1785 3625 1869 iure

2041 1877 2217 1943 gravia
2242 1880 2565 1950 existimant,
2590 1885 2639 1939 iu
2667 1899 2899 1945 mentem
2928 1907 3177 1951 revocent
3198 1877 3433 1956 veterem
3457 1902 3624 1958 histo—

2044 1966 2194 2021 riam.
2224 1968 2418 2027 Priscis
2442 1975 2583 2028 enim
2614 1980 2938 2047 temporibus
2976 1983 3076 2040 hoc
3102 1987 3272 2057 ipsum
3302 1996 3542 2064 contigit,
3572 1996 3622 2049 id

2041 2057 2181 2126 quod
2207 2062 2437 2119 maxime
2461 2067 2692 2122 ostendit
2718 2073 2914 2128 veteris
2947 2074 3077 2145 legis
3114 2092 3236 2134 cum
3280 2097 3414 2137 nova
3444 2057 3624 2142 affini-

2046 2157 2229 2213 tatem,
2256 2154 2608 2227 eamdemque
2637 2175 2755 2216 esse
2782 2164 2869 2233 qui
2905 2166 3018 2223 haec
3042 2168 3194 2237 dixit,
3223 2183 3277 2229 et
3302 2175 3387 2229 illa
3418 2194 3621 2247 [mece-

2043 2241 2139 2309 pit.
2182 2243 2314 2300 Nam
2355 2255 2413 2302 et
2452 2251 2590 2318 apud
2637 2253 2850 2311 Judzeos
2894 2274 3013 2314 cum
3055 2263 3277 2334 quisque
3323 2241 3621 2336 proximum

2041 2337 2410 2429 suum‘occidit
2427 2381 2441 2406 ,
2470 2349 2594 2398 tunc
2616 2344 2703 2399 ille
2727 2347 2961 2415 placatus
2984 2361 3066 2407 est
3090 2352 3280 2423 (Exod.
3307 2358 3395 2413 52.
3418 2360 3546 2429 27):
3569 2371 3622 2417 et

2040 2424 2254 2492 quando
2282 2428 2502 2483 vitulum
2545 2433 2872 2504 eonflarunt,
2926 2449 2981 2494 et
3022 2444 3235 2511 quando
3274 2424 3619 2519 Beelpbegori

2020 2513 2243 2608 initiati
2255 2526 2379 2572 sunt
2406 2518 2589 2587 (Nunt.
2622 2522 2712 2577 es.
2740 2525 2815 2597 5).
2851 2527 2946 2608 otii
2978 2541 3102 2586 sunt
3124 2548 3251 2603 ergo
3280 2537 3369 2605 qui
3398 2513 3618 2607 dicunt,

2042 2602 2189 2657 illum
2214 2605 2381 2661 Deum
2409 2610 2626 2676 malum,
2655 2612 2795 2669 hunc
2824 2602 3018 2673 bonum
3041 2602 3205 2678 esse‘l
3224 2602 3365 2682 Ecce
3390 2602 3621 2699 namque

2042 2708 2388 2768 cognatorum
2416 2708 2673 2776 sanguine
2702 2710 2886 2766 orbem
2917 2715 3161 2783 replevit.
3192 2719 3441 2777 Attamen
3470 2723 3622 2780 beni-

2041 2790 2259 2857 gnitatis
2285 2794 2465 2849 multa
2490 2796 2592 2853 hoc
2627 2814 2762 2868 opus
2800 2818 2920 2857 esse
2957 2804 3201 2864 dicimus.
3246 2810 3534 2881 Propterea
3564 2827 3623 2871 ut

2041 2880 2287 2936 ostendat
2312 2897 2370 2938 se
2396 2885 2483 2940 illa
2513 2887 2673 2942 etiam
2700 2893 3017 2961 approbare,
3048 2880 3383 2969 prophetiam
3414 2919 3615 2959 memo-

2042 2977 2145 3037 rat,
2172 2987 2289 3041 quze
2311 2989 2415 3029 non
2445 2976 2638 3031 factum
2667 2978 2793 3035 illud
2824 2985 3058 3053 respicit,
3079 2987 3172 3043 sed
3200 2988 3421 3061 idipsum
3440 3001 3615 3049 tamen

2041 3059 2295 3117 declarat.
2325 3064 2580 3132 Qumnam
2621 3070 2706 3124 illa
2734 3073 2858 3127 est?
2885 3073 3091 3130 Inimici
3122 3059 3339 3134 hominis
3364 3082 3620 3139 domestic:

2042 3153 2171 3220 ejus.
2200 3152 2329 3208 Nam
2368 3164 2422 3210 et
2458 3158 2595 3226 apud
2622 3159 2841 3217 Jndieos
2865 3164 3136 3235 quidpiam
3180 3169 3354 3225 simile
3379 3174 3619 3242 contigit.

2041 3242 2211 3337 Erant
2234 3246 2376 3300 enim
2403 3251 2675 3337 prophetia
2701 3262 2755 3308 et
2786 3256 3285 3330 pseudoprophette,
3309 3279 3372 3319 ac
3397 3268 3623 3337 populus

2041 3332 2332 3390 dissidebat
2357 3330 2654 3411 domusque
2678 3342 3085 3414 dividebantur;
3127 3360 3181 3405 et
3209 3353 3297 3407 alii
3326 3330 3414 3408 his
3430 3330 3622 3412 ciede-

2042 3422 2169 3479 bant
2191 3465 2205 3488 ,
2250 3427 2338 3480 alii
2384 3428 2524 3484 aliis.
2555 3431 2680 3487 ldeo
2708 3444 2892 3490 monet
2922 3438 3177 3507 propheta
3205 3442 3424 3499 dicens:
3448 3442 3622 3500 Nolite

2040 3517 2240 3572 credere
2257 3520 2451 3584 amicis,
2479 3538 2568 3577 nec
2595 3541 2798 3594 sperare
2823 3527 2876 3589 in
2904 3529 3113 3585 ducibus
3135 3546 3155 3586 :
3172 3534 3261 3587 sed
3285 3544 3330 3589 et
3355 3552 3387 3589 α
3411 3538 3625 3609 conjuge

2042 3616 2129 3660 tua
2155 3600 2291 3673 cave,
2315 3626 2472 3680 neque
2494 3612 2573 3667 illi
2590 3617 2904 3685 assentiaris,
2925 3621 3045 3691 quia
3063 3621 3250 3677 inimici
3270 3625 3488 3700 hominis
3507 3641 3625 3684 sunt

2042 3697 2140 3767 ipsi
2165 3700 2257 3753 viri
2285 3701 2335 3754 in
2364 3703 2473 3772 eius
2503 3704 2781 3762 habitantes
2815 3709 2965 3765 domo
2996 3711 3180 3783 (Mica.
3218 3715 3279 3775 7.
3303 3717 3357 3773 5.
3389 3697 3468 3788 6).
3500 3719 3623 3776 lla-0

2044 3798 2221 3845 autem
2250 3790 2495 3859 dicebat,
2538 3804 2596 3849 ut
2635 3811 2755 3852 eum
2792 3800 2881 3869 qui
2922 3800 3023 3857 hoc
3049 3804 3269 3859 verbum
3298 3818 3623 3879 excepturus

2042 3888 2218 3948 esset,
2263 3882 2511 3938 omnibus
2559 3888 2890 3956 superiorem
2945 3891 3211 3949 redderet.
3259 3895 3443 3965 Neque
3480 3901 3624 3953 enim

2043 3971 2179 4024 mori
2206 3973 2403 4027 malum
2429 3984 2533 4042 est,
2564 3977 2656 4031 sed
2680 3980 2819 4035 male
2850 3982 3005 4036 mori.
3037 3982 3237 4040 Idcirco
3260 3985 3393 4042 dixit
3413 4005 3425 4041 :
3445 3987 3624 4060 lgneus

2042 4062 2152 4115 veni
2170 4066 2360 4117 mittere
2376 4066 2427 4119 in
2449 4075 2650 4121 terram.
2674 4068 2799 4125 Hace
2817 4087 2976 4142 porro
2998 4072 3227 4141 dicebat,
3251 4086 3309 4131 ut
3329 4077 3443 4147 ejus
3463 4094 3621 4148 quem

2043 4152 2287 4224 exigebat
2311 4158 2509 4213 amoris
2537 4157 2800 4216 fervorem
2838 4177 2901 4218 ac
2936 4165 3322 4221 vehementiam
3353 4168 3621 4239 signiﬁca-

2043 4252 2145 4299 ret.
2189 4243 2323 4312 Quia
2364 4248 2507 4303 enim
2554 4251 2622 4303 ita
2668 4266 2766 4306 nos
2813 4252 3160 4310 vehementer
3196 4257 3422 4319 amavit.
3478 4259 3556 4314 sic
3594 4276 3623 4312 a

2044 4336 2198 4393 nobis
2238 4339 2349 4393 vult
2385 4341 2570 4396 amari.
2602 4342 2727 4399 llatae
2757 4360 2917 4415 porro
2950 4348 3105 4402 verba
3144 4351 3417 4419 apostolos
3453 4354 3625 4425 erige-

2044 4426 2194 4491 bant,
2226 4429 2669 4502 sublimioresque
2693 4433 3008 4492 reddebant.
3041 4436 3172 4493 Nam
3197 4440 3241 4495 si
3269 4441 3364 4508 illi,
3389 4441 3623 4509 aiebant,

2044 4530 2328 4590 cognatos,
2381 4522 2551 4586 ﬁlios,
2603 4536 2854 4596 parentes
2901 4528 3205 4600 despecturi
3255 4541 3399 4599 sunt,
3451 4536 3619 4604 cogita

2045 4611 2230 4679 quales
2257 4621 2501 4682 oporteat
2525 4629 2623 4669 nos
2652 4631 2791 4683 esse,
2821 4619 2907 4688 qui
2936 4621 3184 4677 doctores
3210 4639 3414 4681 sumus.
3443 4623 3624 4695 Neque

2046 4701 2187 4756 enim
2218 4701 2349 4755 dura
2380 4712 2433 4758 et
2457 4702 2694 4759 difficilia
2724 4707 2813 4762 illa
2847 4709 2899 4763 in
2931 4711 3080 4765 vobis
3121 4714 3278 4767 linem
3320 4713 3622 4778 habebunt,

2047 4792 2139 4847 sed
2163 4800 2218 4847 et
2241 4792 2307 4846 ad
2335 4792 2466 4847 alios
2488 4796 2810 4865 transibunt.
2841 4798 2970 4853 Nam
2996 4800 3116 4869 quia
3144 4816 3332 4871 magna
3366 4801 3501 4856 bona
3523 4801 3626 4855 huc

2048 4883 2221 4951 attuli,
2248 4900 2489 4955 magnam
2515 4887 2667 4957 exigo
2693 4899 2746 4945 et
2775 4891 3129 4946 obedientiam
3160 4902 3215 4948 et
3238 4893 3504 4948 allectum.
3536 4894 3623 4948 57.

2052 4974 2151 5046 ριιῇ
2178 4984 2315 5028 amat
2345 4987 2538 5046 patrem
2564 4989 2611 5032 et
2636 4990 2844 5034 matrem
2875 4982 2988 5052 plus
3012 4999 3161 5053 quant
3196 4999 3292 5047 me,
3333 5000 3433 5036 non
3454 4994 3525 5038 est
3551 5001 3628 5040 me

2050 5066 2231 5134 dignus
2250 5075 2332 5119 :et
2360 5068 2447 5137 qui
2466 5078 2602 5121 amat
2623 5071 2785 5135 [ilium
2808 5082 2894 5124 aut
2915 5072 3072 5140 ﬁliam
3097 5071 3208 5139 plus
3232 5088 3381 5140 quam
3404 5090 3501 5139 me,
3528 5090 3626 5128 non

2049 5165 2119 5209 est
2137 5172 2226 5224 me
2254 5156 2454 5227 digmts.
2488 5159 2575 5213 58.
2625 5158 2692 5211 Et
2730 5163 2815 5229 qui
2858 5177 2957 5213 non
3003 5162 3132 5214 tollit
3158 5178 3353 5217 crucem
3378 5180 3520 5216 suam
3540 5206 3555 5231 ,
3582 5174 3627 5217 et

2050 5246 2272 5315 sequitur
2311 5264 2408 5311 me,
2446 5265 2545 5302 non
2584 5259 2654 5303 est
2692 5267 2769 5303 me
2805 5251 3003 5321 dignus.
3034 5250 3221 5306 Vidisti
3261 5256 3625 5310 auelorilalem

2052 5338 2319 5391 doctoris?
2358 5339 2530 5393 vidisti
2571 5342 2839 5409 quomodo
2886 5344 3133 5398 ostendat
3179 5344 3415 5415 seipsnm
3444 5349 3629 5416 genui-

2052 5442 2177 5480 num
2210 5427 2380 5480 Patris
2409 5428 2625 5493 Filium,
2661 5432 2837 5485 omnia
2863 5432 3051 5502 iubens
3084 5434 3217 5489 infra
3247 5437 3547 5508 relinquere
3573 5449 3628 5493 et

2051 5516 2323 5569 Caritatem
2351 5517 2466 5585 ejus
2490 5518 2791 5576 anteferre?
2818 5522 2883 5577 Et
2903 5524 3025 5595 quid
3052 5525 3189 5593 dico,
3220 5526 3405 5601 inquit,
3430 5530 3627 5583 audens

2054 5615 2109 5658 et
2148 5610 2434 5676 cognatos?
2460 5610 2514 5666 Si
2543 5612 2772 5668 animam
2804 5625 2942 5670 luam
2970 5618 3236 5673 dilectioni
3268 5637 3399 5675 mere
3439 5623 3625 5693 praefe-

2056 5709 2165 5764 ras,
2199 5703 2377 5771 procul
2409 5717 2467 5758 es
2495 5717 2525 5757 a
2557 5704 2688 5760 meis
2731 5704 3020 5777 discipulis.
3054 5707 3188 5776 Quid
3222 5705 3415 5782 igitur?
3448 5725 3624 5765 annon
