3900 6194
310 241 418 295 407

314 355 425 406 Ιεενρ
452 348 721 405 contraria
748 346 914 405 veteri
958 344 1057 414 logi
1087 344 1245 399 sunt?
1284 342 1470 409 Absit;
1502 341 1608 396 imo
1633 338 1709 395 illi
1739 336 1896 393 valde

309 452 627 502 consonant.
658 441 789 497 Nam
831 441 939 495 illic
981 436 1289 493 idololatras
1314 448 1424 491 non
1448 431 1610 490 modo
1631 431 1777 497 odit,
1802 429 1899 485 sed

311 537 474 620 quam
522 532 743 603 lapidari
787 530 961 603 jubet.
993 526 1061 620 Et
1102 524 1615 620 inADAeuteronon-tio
1659 520 1900 620 veritatis

314 611 548 683 cultores
572 623 843 678 admirans
865 620 977 675 ait:
1010 619 1109 687 Qui
1147 617 1271 672 dicit
1311 615 1445 688 patri
1471 615 1547 670 sel
1576 612 1745 677 matri,
1776 611 1898 666 Non

313 719 418 775 nidi
446 728 512 783 te,
542 726 590 773 et
620 719 803 787 fratres
829 728 947 768 suos
972 728 1071 766 non
1102 709 1349 781 cognouit,
1380 717 1427 761 et
1456 706 1592 776 filios
1618 702 1898 775 ignoravit,

314 808 579 865 custodiuit
620 806 818 877 eloquia
861 814 946 857 tua
973 802 1150 874 (Deut.
1193 801 1281 856 53.
1326 798 1406 867 9).
1434 797 1584 865 Quod
1623 796 1667 851 si
1706 793 1901 850 Paulus

318 899 483 956 multa
521 898 664 952 circa
714 903 964 967 parentes
991 891 1296 964 przccipiat,
1334 902 1387 945 et
1428 889 1531 943 illis
1561 889 1615 942 in
1653 885 1901 941 omnibus

317 989 541 1060 obsequi
577 988 784 1058 jubeat,
827 1001 893 1041 ne
929 984 1183 1040 mireris:
1212 997 1333 1038 nam
1366 981 1417 1035 in
1448 979 1551 1035 illis
1579 978 1749 1035 solum
1776 976 1905 1034 obe-

316 1084 436 1141 dire
475 1081 743 1155 praecipit,
793 1094 913 1150 qua:
958 1077 1141 1148 pietati
1190 1091 1296 1131 non
1350 1073 1901 1129 omciuntzsanctum

316 1175 514 1246 quippe
540 1178 628 1228 est
672 1173 723 1226 in
768 1169 980 1225 caeteris
1007 1167 1257 1222 omnibus
1295 1165 1500 1220 honore
1526 1164 1642 1219 illos
1666 1161 1900 1218 afficere.

318 1269 451 1325 Cum
489 1275 670 1321 autem
700 1265 819 1335 plus
847 1278 1007 1333 quam
1042 1276 1137 1331 par
1173 1261 1244 1315 sit
1288 1258 1528 1329 exigunt,
1560 1271 1666 1312 non
1694 1261 1907 1327 oportet

319 1360 426 1416 illis
449 1358 840 1428 obtemperare.
875 1354 1078 1411 Idcirco
1104 1352 1232 1408 dicit
1278 1350 1447 1406 Lucas
1478 1367 1493 1405 :
1521 1349 1582 1405 Si
1628 1348 1741 1421 quis
1773 1347 1907 1403 venit

316 1451 389 1506 ad
412 1467 512 1516 me,
542 1459 591 1504 et
619 1465 720 1503 non
744 1448 850 1503 odit
877 1455 1068 1519 patrem
1096 1460 1247 1499 suum
1273 1453 1319 1498 et
1345 1453 1575 1507 matrem,
1601 1450 1650 1497 et
1674 1455 1902 1507 uxorem,

316 1551 366 1597 et
392 1541 528 1611 ﬁlios
551 1549 598 1595 et
622 1541 835 1611 fratres,
876 1536 1046 1591 adhuc
1072 1544 1237 1589 autem
1265 1543 1311 1588 et
1338 1534 1556 1585 animum
1582 1533 1726 1585 suum
1746 1570 1762 1596 ,
1803 1546 1906 1583 non

317 1642 481 1705 potat
504 1648 643 1687 meus
665 1612 776 1686 esse
800 1628 1081 1701 discipulus
1108 1626 1259 1697 (Luc.
1289 1627 1375 1682 M.
1406 1626 1502 1694 9.6)
1528 1642 1542 1679 :
1568 1638 1674 1680 non
1703 1622 1906 1692 simpli-

317 1727 453 1783 citer
475 1724 601 1781 odio
625 1723 825 1780 habere
847 1723 1061 1792 jubens,
1094 1719 1147 1776 id
1176 1720 1318 1775 enim
1350 1716 1636 1772 admodum
1667 1715 1904 1785 iniquum

317 1826 503 1883 esset;
548 1816 642 1872 sed
682 1816 726 1870 si
766 1814 892 1869 velit
923 1822 982 1868 ut
1004 1826 1154 1867 ames
1180 1812 1327 1866 illum
1368 1810 1487 1879 plus
1514 1822 1672 1878 quam
1701 1820 1807 1873 me,
1840 1819 1906 1861 ea

318 1908 387 1965 de
409 1921 567 1963 causa
590 1905 714 1960 odio
736 1903 873 1960 habe
900 1900 1069 1958 illum.
1088 1901 1140 1957 Id
1161 1901 1304 1957 enim
1326 1910 1381 1956 et
1401 1907 1634 1954 amatum
1655 1906 1710 1953 et
1724 1910 1906 1952 aman-

320 2010 429 2056 tem
456 1997 727 2070 perderet.

388 2091 445 2148 2.
476 2090 588 2147 lioc
618 2102 777 2158 porro
802 2085 1011 2142 dicebat
1033 2125 1048 2150 ,
1078 2092 1135 2138 ut
1161 2091 1215 2139 et
1244 2081 1383 2138 filios
1412 2080 1657 2135 fortiores
1680 2120 1694 2142 .
1720 2087 1774 2133 et
1804 2092 1902 2148 pa-

321 2192 453 2250 tres,
476 2181 567 2253 qui
595 2178 975 2250 lmpedimento
994 2189 1115 2231 esse
1139 2173 1353 2239 vellent,
1377 2170 1762 2226 mansuetiores
1788 2169 1908 2223 red-

321 2275 495 2331 deret.
530 2270 738 2328 Etenim
773 2274 958 2339 patres
995 2265 1236 2323 videntes
1275 2264 1446 2334 ipsum
1489 2270 1687 2316 tantam
1719 2260 1823 2314 vim
1854 2266 1910 2314 et

324 2372 638 2436 potestatem
670 2361 867 2418 habere
888 2399 905 2427 ,
933 2366 991 2415 ut
1021 2365 1200 2429 posset
1228 2354 1366 2411 filios
1397 2354 1465 2410 ab
1501 2354 1627 2424 ipsis
1654 2352 1905 2418 avellere,

323 2473 391 2513 ue
408 2470 473 2513 ea
494 2462 760 2512 tentarent
779 2467 897 2523 qua:
921 2450 1033 2507 ﬁeri
1058 2463 1161 2504 non
1184 2455 1449 2520 poterant,
1467 2446 1708 2501 destituri
1733 2453 1907 2501 erant.

326 2550 447 2605 ldeo
476 2547 614 2603 filios
639 2545 813 2602 solum
846 2541 1153 2617 alloquitur,
1183 2540 1360 2596 missis
1389 2539 1650 2610 patribus,
1681 2551 1815 2608 quos
1842 2536 1911 2592 ab

324 2638 494 2695 inutili
521 2647 714 2694 conatu
740 2642 973 2691 revocat.
1005 2632 1204 2711 Deinde
1231 2646 1300 2689 ne
1326 2632 1399 2687 illi
1432 2631 1833 2701 indignarentur
1857 2636 1913 2683 ct

322 2746 464 2800 xrgre
493 2728 726 2793 ferrent,
754 2727 877 2782 vide
905 2738 1012 2797 quo
1054 2737 1354 2780 sermonem
1390 2722 1636 2778 deducat.
1663 2721 1795 2777 Cum
1825 2719 1910 2775 dl-

324 2826 494 2877 sisset
514 2820 679 2883 enim,
711 2817 813 2884 Qui
838 2833 940 2871 non
968 2816 1076 2871 odit
1105 2826 1298 2885 patrem
1322 2824 1369 2869 et
1393 2822 1625 2879 matrem,
1649 2812 1815 2878 addit,
1848 2811 1914 2866 Et

324 2915 549 2967 animum
590 2928 751 2965 suam.
788 2908 921 2977 Quid
965 2906 1093 2962 mihi
1124 2907 1353 2975 allegas,
1392 2904 1596 2975 inquit.
1629 2912 1911 2973 parentes,

326 3004 541 3067 fratres,
573 3016 807 3065 sorores,
843 3000 1098 3054 uxorem?
1129 2997 1264 3052 Nihil
1304 2996 1550 3066 cuiquam
1580 2994 1915 3065 conjunctitts

326 3104 409 3151 est
437 3095 611 3149 anima
633 3133 649 3156 ,
679 3099 733 3148 et
761 3100 939 3146 tamen
974 3089 1074 3144 nisi
1112 3104 1231 3143 eam
1264 3087 1387 3143 odio
1417 3086 1699 3152 habueris,
1728 3093 1914 3140 contra

327 3200 487 3257 quam
526 3184 653 3239 velit
688 3196 877 3238 amans
910 3180 1088 3236 omnia
1129 3180 1339 3235 cedent.
1381 3177 1564 3248 Neque
1605 3177 1917 3248 simpliciter

329 3280 473 3335 illam
498 3277 624 3334 odio
650 3275 849 3331 habere
871 3274 1052 3346 jussit,
1083 3272 1177 3329 sed
1209 3272 1277 3327 ita
1308 3280 1365 3326 ut
1392 3270 1459 3326 ad
1490 3270 1626 3327 bella
1655 3269 1918 3338 tradatur,

329 3371 396 3427 ad
434 3383 670 3442 pugnas,
697 3367 873 3423 caules
893 3407 910 3433 ,
945 3366 1277 3435 sanguinem.
1317 3361 1457 3419 Nam
1483 3362 1569 3434 qui
1596 3378 1697 3417 non
1724 3361 1923 3432 bajulat

330 3477 529 3517 crucem
566 3475 713 3515 suam
732 3499 749 3526 ,
778 3467 825 3512 et
852 3457 985 3512 venit
1022 3466 1133 3527 post
1164 3471 1241 3509 me
1262 3496 1278 3522 ,
1308 3471 1410 3510 non
1452 3463 1609 3525 potest
1646 3470 1786 3508 meus
1811 3468 1920 3508 esse

332 3549 632 3622 discipulus.
665 3548 780 3605 Non
810 3548 940 3604 dicit
968 3547 1161 3609 solum.
1184 3544 1252 3601 ad
1281 3555 1506 3601 mortem
1536 3552 1776 3616 paratum
1798 3557 1919 3600 esse

330 3650 572 3715 oportet;
610 3640 705 3698 sed
746 3640 814 3695 ad
860 3647 1086 3696 mortem
1126 3637 1450 3703 violentam;
1493 3651 1594 3693 nec
1628 3637 1918 3693 violentam

336 3732 532 3799 modo,
562 3733 657 3789 sed
686 3741 741 3788 et
769 3732 1198 3803 ignominiosam.
1224 3729 1472 3802 Nihilque
1498 3730 1672 3786 adhuc
1697 3730 1766 3785 de
1795 3745 1919 3799 pas-

404 3841 490 3881 ine
513 3838 609 3881 sua
635 3824 896 3895 loquitur,
926 3832 984 3878 ut
1013 3823 1064 3878 in
1096 3823 1177 3877 his
1208 3823 1417 3877 interim
1455 3823 1681 3878 instituti
1714 3822 1921 3881 facilius

336 3929 401 3971 ac
428 3914 601 3971 lenius
626 3913 695 3970 de
724 3914 812 3969 illa
846 3913 1149 3984 loquentem
1178 3912 1441 3968 audirent.
1475 3914 1664 3970 Annon
1701 3921 1923 3983 stupen-

337 4007 464 4062 dum
484 4014 567 4062 est
587 4005 796 4061 illorum
821 4006 935 4062 hazc
954 4004 1281 4060 audientium
1304 4005 1534 4060 animam
1557 4020 1661 4059 non
1682 4006 1923 4062 avolasse

339 4112 371 4153 a
396 4111 621 4168 corpore
638 4138 655 4164 ,
680 4111 802 4153 cum
840 4095 908 4152 de
949 4095 1185 4151 tristibus
1213 4095 1386 4150 solum
1414 4105 1629 4164 agatur,
1661 4095 1922 4153 bonorum

340 4205 474 4248 vero
496 4205 621 4262 spes
645 4198 847 4246 tantum
877 4188 1168 4245 offeratur?
1190 4187 1471 4256 Quomodo
1495 4202 1626 4258 ergo
1656 4202 1762 4244 non
1799 4205 1926 4243 avo-

342 4281 511 4337 lavit?
538 4279 700 4337 Multa
728 4289 844 4336 erat
870 4279 1096 4336 dicentis
1124 4280 1308 4347 virtus,
1338 4288 1393 4335 et
1418 4280 1744 4335 audientium
1774 4295 1927 4338 amor

344 4374 563 4430 multus.
597 4374 821 4444 Ideoque
850 4374 1003 4444 longe
1033 4371 1246 4428 duriora
1274 4380 1329 4427 et
1364 4373 1672 4429 onerosiora
1701 4372 1925 4429 audien-

342 4474 442 4531 tes,
473 4481 628 4535 quam
657 4466 828 4535 magni
858 4466 927 4519 illi
962 4466 1056 4519 \iri
1087 4465 1296 4536 Moyses
1321 4475 1374 4519 et
1407 4463 1686 4530 Jeremias,
1717 4465 1927 4520 obtem-

346 4567 613 4627 perantes,
642 4571 739 4611 nec
768 4568 1122 4626 repugnantes
1151 4558 1455 4612 manebant.
1493 4559 1580 4613 39.
1612 4558 1712 4623 Qui
1742 4559 1927 4613 invenit

344 4649 567 4702 animam
609 4664 751 4701 suam
771 4690 787 4713 ,
820 4649 992 4719 perdet
1020 4665 1163 4716 eam,
1199 4657 1247 4702 el
1281 4648 1368 4718 qui
1400 4649 1672 4718 perdiderit
1706 4651 1927 4704 animum

343 4758 486 4797 suam
517 4749 721 4811 prapter
748 4757 847 4807 me,
880 4740 1091 4794 inueniet
1116 4757 1246 4795 eam.
1272 4739 1461 4795 Viden'
1484 4749 1732 4810 quantam
1757 4742 1929 4809 jactu-

346 4849 459 4891 ram
492 4831 686 4887 faciant
714 4830 806 4903 qui
840 4831 1070 4886 animam
1100 4846 1248 4887 suam
1277 4831 1579 4902 plusquam
1606 4843 1816 4903 oportet
1840 4833 1927 4889 di-

345 4929 552 5003 ligant?
573 4938 933 5002 quantumque
956 4930 1157 4985 lucrum
1182 4943 1366 4984 eorum
1391 4930 1480 4999 qui
1506 4927 1770 4984 oderunt?
1795 4928 1926 4998 Quia

347 5023 489 5078 enim
518 5032 778 5093 praecepta
804 5036 1029 5078 onerosa
1056 5026 1242 5077 erant:
1274 5034 1396 5075 nam
1421 5028 1605 5075 contra
1640 5030 1886 5090 parentes
1907 5061 1925 5089 ,

348 5114 508 5181 filios,
537 5125 802 5181 naturam,
833 5114 1225 5184 cognationem,
1262 5112 1468 5176 orbem.
1508 5110 1780 5183 ipsamque
1809 5112 1926 5167 ani-

349 5222 491 5263 mam
530 5208 697 5263 aciem
737 5208 1001 5263 instruere
1037 5204 1357 5275 oportebat:
1390 5203 1669 5259 utilitatem
1710 5203 1924 5273 adjicit,

349 5314 469 5369 qua:
498 5300 726 5354 maxima
751 5306 897 5355 certe
921 5306 1054 5355 erat.
1082 5297 1240 5365 Haec,
1270 5298 1472 5368 inquit,
1498 5313 1604 5351 non
1631 5296 1791 5351 modo
1820 5311 1925 5351 non

351 5391 646 5456 nocebunt,
676 5390 773 5446 sed
801 5399 855 5447 et
889 5391 1119 5447 maxime
1148 5390 1444 5461 juvabunt;
1476 5388 1560 5445 his
1586 5398 1762 5444 autem
1792 5404 1926 5444 con-

349 5483 508 5536 traria
536 5482 819 5537 nocebunt.
850 5481 905 5536 ld
936 5481 1127 5552 ubique
1152 5481 1312 5550 facit,
1340 5481 1407 5537 ab
1438 5481 1501 5536 iis
1525 5496 1644 5552 qum
1670 5479 1927 5551 concupi-

349 5581 525 5641 scunt,
556 5572 911 5629 inductionem
942 5584 1110 5644 parat.
1141 5573 1249 5630 Cur
1283 5590 1388 5631 non
1418 5574 1497 5632 vis
1521 5574 1751 5629 animam
1784 5582 1927 5629 tuam
1971 5577 1983 5595 '

350 5665 659 5737 despicere?
682 5664 813 5735 Quia
835 5680 983 5722 amas
1004 5665 1184 5725 illam?
1203 5665 1282 5722 0b
1307 5665 1408 5728 hoc
1432 5666 1602 5739 ipsum
1628 5681 1755 5737 ergo
1782 5666 1923 5722 illam

1057 230 1113 287 S.
1142 219 1915 287 JOANNIS‘CURYSOSTOMI
1952 219 2271 279 ARClllEP.
2298 221 2829 283 CONSTANTIXOP.

3488 223 3598 280 illi;

2005 336 2249 406 despice,
2280 347 2336 394 et
2378 346 2506 394 tunc
2551 339 2693 395 illam
2736 336 2967 395 maxime
2996 336 3241 411 juvabis,
3277 347 3433 411 teque
3470 356 3591 396 vere

2001 437 2269 484 amantem
2298 429 2700 485 monstraveris.
2731 429 2799 485 Et
2825 427 2953 486 vide
2981 429 3109 483 mihi
3141 431 3474 499 prudentiam
3506 432 3588 485 in-

2002 517 2289 574 effabilem.
2346 517 2461 575 Non
2499 519 2641 575 enim
2683 520 2735 575 in
2776 521 3087 591 parentibus
3123 531 3177 576 et
3221 522 3343 576 liliis
3387 532 3590 576 tantum

2002 621 2257 677 moratur,
2283 612 2377 669 sed
2403 613 2455 669 in
2482 613 2657 669 anima
2685 614 2925 669 omnium
2950 614 3248 681 carissima,
3276 623 3334 669 ut
3356 615 3496 685 quod
3522 616 3589 668 de

2003 702 2091 757 illa
2124 702 2285 769 dicit,
2317 703 2669 760 indubitatum
2695 711 2939 771 maneat,
2968 715 3021 759 et
3049 704 3204 759 simul
3232 704 3443 760 discant
3468 705 3591 760 illos

2003 794 2164 848 etiam
2193 794 2415 849 multum
2442 795 2573 849 lucri
2603 804 2654 850 et
2687 794 2929 850 utilitatis
2959 793 3081 851 hinc
3106 804 3420 865 accepturos
3445 810 3587 859 esse,

2004 886 2433 957 quandoquidem
2490 887 2617 943 illud
2666 888 2719 943 in
2772 890 3010 943 omnium
3066 888 3449 958 pretiosissima
3493 886 3597 943 sibi

2004 979 2181 1033 anima
2207 978 2448 1049 contigit.

2079 1071 2179 1137 Qui
2202 1072 2458 1142 apostolos
2478 1071 2773 1141 reciperent,
2794 1080 2986 1142 quanta
3005 1078 3422 1142 consequerentur
3441 1071 3596 1126 bona.

2004 1191 2075 1202 —
2104 1161 2228 1216 llaec
2253 1173 2383 1216 vero
2410 1169 2659 1231 poterant
2686 1160 2929 1217 homines
2962 1161 3216 1217 inducere
3243 1161 3309 1216 ad
3347 1161 3469 1217 illos
3510 1177 3600 1217 re—

2005 1251 2281 1323 cipiendos
2304 1252 2396 1323 qui
2422 1251 2525 1308 sibi
2553 1251 2712 1308 saluti
2737 1265 2858 1309 esse
2890 1252 3157 1309 valebant.
3188 1253 3319 1321 Quis
3348 1254 3490 1310 enim
3524 1255 3597 1308 ita

2007 1344 2175 1401 fortes
2198 1353 2551 1414 strenuosque
2574 1343 2740 1413 viros,
2758 1343 2851 1415 qui
2875 1344 3027 1415 quasi
3054 1344 3236 1401 leones
3259 1347 3447 1402 orbem
3470 1360 3598 1416 pcr-

2005 1434 2324 1501 currebant,
2354 1433 2446 1504 qui
2473 1442 2531 1489 ut
2560 1433 2695 1489 alios
2736 1441 3018 1489 servarent
3052 1450 3146 1488 sua
3190 1436 3366 1489 omnia
3404 1444 3600 1491 conte-

2006 1523 2299 1592 mnebant,
2343 1538 2452 1579 non
2495 1523 2679 1580 libenti
2721 1525 2901 1580 animo
2944 1525 3305 1595 suscepisset?
3346 1527 3601 1581 Attamen

2006 1616 2165 1672 aliam
2191 1616 2339 1687 ponit
2364 1615 2667 1671 mercedem
2690 1656 2707 1683 ,
2738 1614 3030 1672 ostendens
3054 1658 3070 1684 ,
3096 1631 3155 1672 se
3193 1616 3426 1686 hospitio
3453 1617 3603 1673 reci-

2008 1708 2242 1779 pientem
2264 1747 2280 1776 ,
2308 1721 2466 1779 quam
2491 1716 2765 1779 receptum
2795 1707 2896 1764 hac
2921 1709 2973 1764 in
3000 1723 3059 1764 re
3089 1709 3256 1779 magis
3289 1723 3499 1764 curare.
3535 1710 3606 1765 Et

2007 1800 2239 1872 primum
2268 1800 2483 1872 quidem
2510 1800 2602 1857 dat
2639 1800 2914 1870 praemium
2938 1842 2954 1868 ,
2986 1801 3172 1857 dicens
3200 1818 3214 1855 :
3261 1802 3352 1858 40.
3384 1802 3486 1870 Qui
3511 1818 3601 1856 re-

2006 1892 2130 1962 cipit
2158 1908 2265 1959 vos,
2295 1908 2374 1947 me
2395 1893 2612 1963 recipit;
2638 1900 2687 1947 et
2709 1892 2797 1963 qui
2830 1908 2913 1946 me
2939 1892 3137 1963 recipit.
3164 1894 3343 1963 recipit
3373 1909 3488 1948 eum
3513 1894 3606 1964 qui

2007 2001 2089 2039 me
2113 1984 2265 2039 misit.
2294 1982 2397 2040 Cui
2434 1984 2513 2040 rei
2555 1982 2681 2055 quid
2725 1997 2824 2055 par
2860 1998 3109 2054 umquam
3154 1982 3344 2050 fuerit,
3384 1984 3603 2040 Patrem

2008 2091 2201 2147 nempe
2224 2084 2280 2132 et
2311 2075 2503 2132 Filium
2541 2076 2824 2147 recipere?
2855 2075 3026 2131 Aliam
3062 2086 3183 2146 post
3218 2076 3357 2133 hanc
3383 2093 3603 2133 merce-

2009 2169 2131 2225 dem
2170 2168 2480 2239 pollicetur;
2513 2182 2636 2224 nam
2664 2168 2740 2223 ait
2767 2185 2783 2223 :
2809 2167 2902 2224 ll.
2946 2166 3047 2234 Qui
3081 2168 3260 2239 recipit
3302 2169 3608 2239 prophetam

2009 2263 2063 2316 in
2086 2262 2287 2316 nomine
2311 2261 2588 2331 prophetae,
2612 2261 2887 2316 mercedem
2912 2261 3175 2331 propheta!
3195 2262 3426 2332 accipiet,
3450 2272 3496 2316 et
3515 2263 3608 2333 qui

2010 2353 2188 2423 recipit
2207 2354 2404 2424 justum
2431 2352 2485 2406 in
2511 2353 2713 2408 nomine
2739 2352 2890 2423 justi,
2918 2353 3194 2407 mercedem
3214 2353 3343 2423 justi
3365 2354 3605 2423 accipiet.

2011 2445 2183 2516 Supra
2230 2460 2444 2516 pcenam
2487 2444 2861 2501 interminatur
2894 2444 2961 2500 iis
2996 2445 3086 2516 qui
3124 2459 3231 2501 non
3260 2446 3607 2516 receperint;

2015 2536 2100 2591 hic
2122 2550 2249 2592 vero
2272 2536 2532 2592 bonorum
2554 2534 2882 2608 largitionem
2903 2535 3109 2592 definit.
3133 2535 3205 2593 Ut
3228 2544 3407 2591 autem
3428 2536 3612 2592 discas

2015 2627 2159 2682 illum
2190 2627 2287 2683 hos
2315 2627 2547 2684 maxime
2572 2641 2798 2696 curare,
2826 2642 2933 2685 non
2963 2627 3100 2684 dixit
3126 2636 3326 2685 tantum
3347 2670 3363 2695 ,
3398 2628 3500 2696 Qui
3527 2647 3615 2683 rc-

2014 2721 2134 2791 cipit
2160 2720 2484 2791 prophetam,
2512 2719 2631 2784 vel,
2666 2718 2766 2786 Qui
2803 2719 2982 2791 recipit
2998 2720 3201 2789 justum
3221 2761 3236 2787 ,
3264 2718 3357 2776 sed
3385 2718 3609 2790 adjicit,

2016 2811 2083 2866 In
2113 2812 2313 2866 nomine
2348 2812 2639 2883 propheta.
2667 2819 2752 2879 et,
2783 2810 2850 2867 In
2875 2813 3080 2867 nomine
3109 2814 3282 2886 justi;
3321 2813 3372 2868 id
3410 2822 3529 2881 est,
3562 2816 3609 2869 si

2018 2920 2123 2961 non
2171 2914 2387 2975 propter
2429 2904 2683 2960 steculare
2726 2904 3114 2977 patrocinium,
3153 2905 3240 2962 vel
3280 2905 3611 2961 caducanuu

2018 3013 2195 3054 rerum
2220 3012 2402 3063 causa,
2433 2997 2759 3068 susceperit;
2791 2996 2885 3053 sed
2910 2997 3033 3068 quia
3060 2995 3340 3069 propheta,
3370 2997 3454 3053 vel
3483 2999 3613 3067 quia

2014 3090 2190 3161 justus
2219 3098 2321 3156 est,
2351 3088 2652 3146 mercedem
2682 3091 2955 3164 prophetae
2979 3089 3066 3148 vel
3090 3090 3220 3161 justi
3247 3090 3494 3162 accipiet,
3525 3091 3615 3149 vel

2019 3198 2176 3253 quam
2203 3199 2301 3255 par
2319 3192 2402 3239 est
2427 3182 2671 3255 accipere
2695 3199 2815 3240 eum
2840 3183 2931 3255 qui
2955 3183 3040 3240 vel
3073 3172 3384 3255 prophetam
3414 3185 3495 3239 vel
3518 3184 3613 3254 ju-

2019 3285 2158 3331 stum
2185 3275 2466 3351 receperit,
2491 3274 2577 3331 vel
2599 3274 2809 3346 qualem
2833 3272 3090 3345 propheta
3109 3274 3194 3329 vel
3217 3274 3395 3345 justus
3417 3290 3617 3329 conse-

2020 3368 2218 3439 quitur.
2243 3367 2396 3435 Quod
2425 3374 2481 3423 et
2505 3366 2699 3423 Paulus
2723 3366 2970 3423 dicebat:
3006 3364 3182 3422 Vestra
3206 3366 3518 3422 abundantia
3545 3368 3617 3420 ml

2020 3460 2226 3515 illorum
2249 3459 2508 3530 inopiam,
2538 3457 2836 3513 ut’illorum
2873 3458 3185 3513 abundantia
3208 3460 3273 3514 sit
3300 3458 3369 3512 ad
3393 3469 3614 3511 vestram

2020 3552 2244 3624 inopiam
2272 3551 2348 3625 (2.
2385 3550 2503 3607 Cor.
2533 3550 2587 3607 8.
2620 3550 2732 3617 ll).
2766 3551 2964 3608 Deinde
2990 3568 3057 3607 ne
3085 3553 3203 3622 quis
3242 3560 3614 3622 paupertatem

2022 3644 2368 3711 obtenderet,
2397 3644 2472 3698 ait
2497 3661 2512 3697 :
2541 3643 2630 3699 42.
2662 3644 2973 3714 Quicumque
3004 3653 3178 3713 potum
3207 3643 3399 3699 dederit
3430 3644 3519 3696 uni
3549 3661 3618 3699 εκ

2024 3737 2243 3791 minimis
2280 3736 2389 3791 istis
2424 3736 2629 3791 calicem
2667 3751 2814 3806 aqua
2849 3736 3054 3809 frigidae
3092 3746 3287 3791 tantum
3323 3735 3377 3790 in
3410 3736 3619 3790 nomine

2025 3829 2284 3900 discipuli,
2316 3844 2463 3884 amen
2490 3828 2603 3883 dico
2628 3826 2784 3894 vobis,
2816 3843 2919 3882 non
2944 3826 3117 3897 perdet
3142 3826 3417 3883 mercedem
3441 3843 3614 3882 suam.

2026 3919 2247 3977 Etiamsi
2269 3918 2351 3976 vel
2375 3926 2558 3990 potum
2582 3932 2734 3989 aqua:
2761 3915 2966 3988 frigidae
2995 3915 3230 3983 dederis,
3258 3917 3310 3972 in
3336 3931 3444 3986 quo
3469 3916 3616 3970 nulla

2026 4012 2265 4082 impensa
2303 4016 2420 4075 est,
2459 4008 2560 4065 erit
2599 4006 2693 4063 tibi
2736 4007 2967 4077 reposita
3005 4022 3232 4063 merces.
3267 4006 3491 4079 Propter
3516 4022 3619 4063 vos

2026 4104 2191 4170 enim,
2214 4104 2304 4174 qui
2330 4103 2582 4173 recipitis,
2605 4102 2783 4159 omnia
2810 4099 2973 4158 facio.

2099 4197 2153 4253 3.
2200 4194 2443 4251 Vidistin‘
2488 4192 2803 4266 quibusnam
2848 4191 2916 4248 ad
2969 4188 3399 4263 persuadendum
3443 4205 3615 4255 usus,

2028 4286 2307 4343 universas
2354 4284 2458 4341 illis
2504 4284 2653 4340 orbis
2695 4282 2886 4341 domos
2930 4284 3241 4355 aperuerit?
3285 4282 3389 4340 Per
3432 4284 3617 4339 omnia

2027 4378 2224 4450 quippe
2252 4376 2483 4433 ostendit
2510 4390 2695 4432 omnes
2735 4374 2867 4447 ipsis
2902 4388 3023 4430 esse
3056 4372 3328 4431 debitores
3359 4391 3374 4429 :
3402 4374 3612 4445 primo,

2030 4485 2150 4525 eum
2179 4468 2312 4524 dixit
2339 4486 2353 4524 :
2383 4466 2581 4539 Dignus
2612 4477 2683 4522 est
2720 4467 2982 4538 operarius
3017 4466 3245 4521 mercede
3267 4481 3363 4521 sua
3388 4465 3612 4534 (Matth.

2032 4560 2119 4617 l0.
2149 4559 2258 4631 l0);
2289 4559 2523 4615 secundo
2541 4601 2557 4627 ,
2580 4557 2720 4630 quod
2749 4556 2877 4613 nihil
2899 4555 3158 4612 habentes
3185 4564 3240 4613 et
3264 4570 3462 4612 vacuos
3488 4558 3616 4610 mit-

2032 4662 2106 4708 tat
2129 4669 2144 4719 ;
2175 4651 2354 4719 tertio,
2376 4650 2515 4720 quod
2540 4649 2606 4705 ad
2630 4650 2765 4705 bella
2786 4657 2841 4706 et
2859 4663 3062 4720 pugnas
3084 4664 3180 4719 pro
3200 4648 3619 4718 suscipientibus

2031 4743 2236 4809 mittat;
2263 4749 2472 4813 quarto,
2501 4740 2641 4811 quod
2668 4741 2817 4809 signa
2846 4738 3099 4810 operandi
3130 4738 3222 4793 det
3254 4746 3612 4807 potestatem;

2031 4835 2246 4907 quinto,
2269 4832 2409 4904 quod
2436 4847 2653 4903 pacem,
2687 4832 2946 4886 bonorum
2975 4831 3212 4884 omnium
3240 4843 3486 4895 causam,
3522 4845 3616 4897 per

2031 4942 2093 4983 os
2131 4940 2317 4983 eorum
2361 4925 2414 4979 in
2456 4923 2647 4979 domos
2689 4921 3092 4991 suscipientium
3135 4922 3387 4988 inducat;
3429 4931 3614 4988 sexto,

2031 5019 2173 5091 quod
2209 5018 2452 5091 graviora
2496 5015 2835 5073 Sodomiticis
2874 5014 3248 5071 interminetur
3286 5015 3351 5070 iis
3382 5014 3471 5084 qui
3510 5032 3616 5067 non

2033 5113 2177 5183 ipsos
2203 5108 2572 5180 susceperint;
2604 5108 2852 5177 septimo,
2884 5106 3024 5177 quod
3055 5106 3318 5166 ostendat.
3348 5106 3439 5176 qui
3470 5107 3616 5176 ipsos

2031 5203 2360 5273 suscipiunt,
2391 5209 2446 5256 et
2469 5215 2530 5256 se
2564 5207 2618 5254 et
2652 5199 2860 5254 Patrem
2888 5198 3193 5267 suscipere;
3221 5205 3407 5252 octavo
3426 5237 3442 5262 ,
3473 5196 3612 5265 quod

2032 5294 2305 5367 prophetae
2333 5302 2387 5350 et
2417 5292 2544 5364 justi
2580 5291 2879 5346 mercedem
2917 5291 3229 5361 promittat;
3259 5302 3401 5343 nono
3424 5330 3439 5353 ,
3471 5292 3615 5358 quod

2032 5388 2184 5444 calici
2210 5402 2359 5457 aqua:
2386 5384 2587 5455 frigida:
2615 5397 2860 5454 magnam
2890 5382 3126 5452 assignet
3156 5379 3479 5436 mercedem.
3509 5379 3616 5434 llo-

2033 5493 2151 5539 rum
2176 5474 2589 5546 unumquodque
2616 5482 2825 5542 poterat
2845 5472 2965 5527 illos
2984 5470 3271 5527 attrahere.
3297 5470 3426 5538 Quis
3445 5470 3611 5533 enim,

2034 5585 2217 5640 qmrso
2234 5610 2249 5636 ,
2279 5568 2468 5624 ducem
2503 5566 2690 5622 videns
2727 5565 2873 5620 mille
2897 5562 3201 5619 vulneribus
3227 5562 3532 5618 confossum
3556 5569 3612 5616 ct

2034 5668 2387 5727 cruentatum,
2416 5673 2479 5715 ac
2503 5667 2623 5731 post
2644 5656 2809 5714 multa
2834 5662 3032 5727 troptca
3054 5668 3118 5711 ex
3144 5653 3282 5719 bello
3300 5651 3615 5709 redeuntem
