  <div class='ocr_page' id='page_1' title='image "/cluster/home/n/w/nwhite01/storage/ocr_20150623/57-58/hvd.32044012465811/338.png"; bbox 0 0 3900 6194; ppageno 0'>
   <div class='ocr_carea' id='block_1_1' title="bbox 248 326 349 386">
    <p class='ocr_par' dir='ltr' id='par_1_1' title="bbox 248 326 349 386">
     <span class='ocr_line' id='line_1_1' title="bbox 248 326 349 386; baseline 0.01 -3"><span class='ocrx_word' id='word_1_1' title='bbox 248 326 349 386; x_wconf 66' lang='grc' dir='ltr'><strong>ως</strong></span> 
     </span>
    </p>
   </div>
   <div class='ocr_carea' id='block_1_2' title="bbox 238 433 1827 515">
    <p class='ocr_par' dir='ltr' id='par_1_2' title="bbox 238 433 1827 515">
     <span class='ocr_line' id='line_1_2' title="bbox 238 433 1827 515; baseline -0.006 -20"><span class='ocrx_word' id='word_1_2' title='bbox 238 444 409 515; x_wconf 72' lang='lat' dir='ltr'><strong>jatmis</strong></span> <span class='ocrx_word' id='word_1_3' title='bbox 441 443 630 499; x_wconf 80' lang='lat' dir='ltr'><strong>domus</strong></span> <span class='ocrx_word' id='word_1_4' title='bbox 656 439 905 497; x_wconf 88' lang='lat' dir='ltr'><strong>omnibus</strong></span> <span class='ocrx_word' id='word_1_5' title='bbox 931 438 1128 511; x_wconf 86' lang='lat' dir='ltr'><strong>apertis</strong></span> <span class='ocrx_word' id='word_1_6' title='bbox 1158 452 1262 492; x_wconf 89' lang='lat' dir='ltr'><strong>non</strong></span> <span class='ocrx_word' id='word_1_7' title='bbox 1292 434 1591 506; x_wconf 79' lang='lat' dir='ltr'><strong>receperit?</strong></span> <span class='ocrx_word' id='word_1_8' title='bbox 1620 435 1683 490; x_wconf 88' lang='lat' dir='ltr'><strong>Et</strong></span> <span class='ocrx_word' id='word_1_9' title='bbox 1707 433 1827 504; x_wconf 98' lang='lat' dir='ltr'><strong>quis</strong></span> 
     </span>
    </p>
   </div>
   <div class='ocr_carea' id='block_1_3' title="bbox 241 529 1823 606">
    <p class='ocr_par' dir='ltr' id='par_1_3' title="bbox 241 529 1823 606">
     <span class='ocr_line' id='line_1_3' title="bbox 241 529 1823 606; baseline -0.007 -14"><span class='ocrx_word' id='word_1_10' title='bbox 241 539 327 592; x_wconf 78' lang='lat' dir='ltr'><strong>ille</strong></span> <span class='ocrx_word' id='word_1_11' title='bbox 360 537 522 592; x_wconf 75' lang='lat' dir='ltr'><strong>talis!</strong></span> <span class='ocrx_word' id='word_1_12' title='bbox 557 536 783 606; x_wconf 85' lang='lat' dir='ltr'><strong>inquies.</strong></span> <span class='ocrx_word' id='word_1_13' title='bbox 812 532 936 589; x_wconf 77' lang='lat' dir='ltr'><strong>lileo</strong></span> <span class='ocrx_word' id='word_1_14' title='bbox 960 530 1154 602; x_wconf 76' lang='lat' dir='ltr'><strong>adjecit</strong></span> <span class='ocrx_word' id='word_1_15' title='bbox 1172 570 1188 597; x_wconf 92' lang='lat'><strong>,</strong></span> <span class='ocrx_word' id='word_1_16' title='bbox 1216 530 1283 584; x_wconf 85' lang='lat' dir='ltr'><strong>In</strong></span> <span class='ocrx_word' id='word_1_17' title='bbox 1305 530 1509 584; x_wconf 78' lang='lat' dir='ltr'><strong>nomine</strong></span> <span class='ocrx_word' id='word_1_18' title='bbox 1530 529 1787 599; x_wconf 76' lang='lat' dir='ltr'><strong>praphette</strong></span> <span class='ocrx_word' id='word_1_19' title='bbox 1808 568 1823 591; x_wconf 93' lang='lat'><strong>,</strong></span> 
     </span>
    </p>
   </div>
   <div class='ocr_carea' id='block_1_4' title="bbox 241 621 1830 699">
    <p class='ocr_par' dir='ltr' id='par_1_4' title="bbox 241 621 1830 699">
     <span class='ocr_line' id='line_1_4' title="bbox 241 621 1830 699; baseline -0.003 -20"><span class='ocrx_word' id='word_1_20' title='bbox 241 630 325 685; x_wconf 76' lang='lat' dir='ltr'><strong>vel</strong></span> <span class='ocrx_word' id='word_1_21' title='bbox 353 628 615 699; x_wconf 72' lang='lat' dir='ltr'><strong>discipuli,</strong></span> <span class='ocrx_word' id='word_1_22' title='bbox 648 628 730 683; x_wconf 89' lang='lat' dir='ltr'><strong>vel</strong></span> <span class='ocrx_word' id='word_1_23' title='bbox 758 622 912 699; x_wconf 83' lang='lat' dir='ltr'><strong>justi,</strong></span> <span class='ocrx_word' id='word_1_24' title='bbox 942 634 999 681; x_wconf 93' lang='lat' dir='ltr'><strong>ut</strong></span> <span class='ocrx_word' id='word_1_25' title='bbox 1026 625 1200 680; x_wconf 89' lang='lat' dir='ltr'><strong>discas</strong></span> <span class='ocrx_word' id='word_1_26' title='bbox 1230 624 1401 694; x_wconf 90' lang='lat' dir='ltr'><strong>ipsum</strong></span> <span class='ocrx_word' id='word_1_27' title='bbox 1435 636 1539 677; x_wconf 91' lang='lat' dir='ltr'><strong>non</strong></span> <span class='ocrx_word' id='word_1_28' title='bbox 1566 638 1635 677; x_wconf 79' lang='lat' dir='ltr'><strong>ex</strong></span> <span class='ocrx_word' id='word_1_29' title='bbox 1658 621 1830 691; x_wconf 84' lang='lat' dir='ltr'><strong>digni-</strong></span> 
     </span>
    </p>
   </div>
   <div class='ocr_carea' id='block_1_5' title="bbox 240 713 1827 795">
    <p class='ocr_par' dir='ltr' id='par_1_5' title="bbox 240 713 1827 795">
     <span class='ocr_line' id='line_1_5' title="bbox 240 713 1827 795; baseline -0.004 -20"><span class='ocrx_word' id='word_1_30' title='bbox 240 732 347 775; x_wconf 89' lang='lat' dir='ltr'><strong>tate</strong></span> <span class='ocrx_word' id='word_1_31' title='bbox 378 721 682 777; x_wconf 85' lang='lat' dir='ltr'><strong>accedentis</strong></span> <span class='ocrx_word' id='word_1_32' title='bbox 700 762 715 786; x_wconf 90' lang='lat'><strong>,</strong></span> <span class='ocrx_word' id='word_1_33' title='bbox 736 720 841 795; x_wconf 85' lang='lat' dir='ltr'><strong>sed</strong></span> <span class='ocrx_word' id='word_1_34' title='bbox 870 734 935 775; x_wconf 83' lang='lat' dir='ltr'><strong>ex</strong></span> <span class='ocrx_word' id='word_1_35' title='bbox 961 718 1234 774; x_wconf 74' lang='lat' dir='ltr'><strong>voluntate</strong></span> <span class='ocrx_word' id='word_1_36' title='bbox 1262 714 1602 786; x_wconf 87' lang='lat' dir='ltr'><strong>suscipientis</strong></span> <span class='ocrx_word' id='word_1_37' title='bbox 1641 713 1827 784; x_wconf 83' lang='lat' dir='ltr'><strong>hospi-</strong></span> 
     </span>
    </p>
   </div>
   <div class='ocr_carea' id='block_1_6' title="bbox 240 800 1827 878">
    <p class='ocr_par' dir='ltr' id='par_1_6' title="bbox 240 800 1827 878">
     <span class='ocr_line' id='line_1_6' title="bbox 240 800 1827 878; baseline -0.008 -8"><span class='ocrx_word' id='word_1_38' title='bbox 240 814 334 877; x_wconf 90' lang='lat' dir='ltr'><strong>tio,</strong></span> <span class='ocrx_word' id='word_1_39' title='bbox 362 812 666 868; x_wconf 70' lang='lat' dir='ltr'><strong>mercedem</strong></span> <span class='ocrx_word' id='word_1_40' title='bbox 694 820 947 867; x_wconf 78' lang='lat' dir='ltr'><strong>statuere.</strong></span> <span class='ocrx_word' id='word_1_41' title='bbox 978 809 1110 865; x_wconf 86' lang='lat' dir='ltr'><strong>Nam</strong></span> <span class='ocrx_word' id='word_1_42' title='bbox 1135 809 1221 864; x_wconf 90' lang='lat' dir='ltr'><strong>bie</strong></span> <span class='ocrx_word' id='word_1_43' title='bbox 1244 808 1311 865; x_wconf 87' lang='lat' dir='ltr'><strong>de</strong></span> <span class='ocrx_word' id='word_1_44' title='bbox 1340 805 1634 878; x_wconf 85' lang='lat' dir='ltr'><strong>prophetis,</strong></span> <span class='ocrx_word' id='word_1_45' title='bbox 1664 804 1731 860; x_wconf 88' lang='lat' dir='ltr'><strong>de</strong></span> <span class='ocrx_word' id='word_1_46' title='bbox 1756 800 1827 859; x_wconf 89' lang='lat' dir='ltr'><strong>di-</strong></span> 
     </span>
    </p>
   </div>
   <div class='ocr_carea' id='block_1_7' title="bbox 236 896 1821 975">
    <p class='ocr_par' dir='ltr' id='par_1_7' title="bbox 236 896 1821 975">
     <span class='ocr_line' id='line_1_7' title="bbox 236 896 1821 975; baseline -0.007 -14"><span class='ocrx_word' id='word_1_47' title='bbox 236 906 458 974; x_wconf 76' lang='lat' dir='ltr'><strong>scipulis</strong></span> <span class='ocrx_word' id='word_1_48' title='bbox 495 914 549 960; x_wconf 89' lang='lat' dir='ltr'><strong>et</strong></span> <span class='ocrx_word' id='word_1_49' title='bbox 581 904 649 960; x_wconf 90' lang='lat' dir='ltr'><strong>de</strong></span> <span class='ocrx_word' id='word_1_50' title='bbox 681 904 841 975; x_wconf 76' lang='lat' dir='ltr'><strong>justis</strong></span> <span class='ocrx_word' id='word_1_51' title='bbox 864 903 1005 974; x_wconf 84' lang='lat' dir='ltr'><strong>agit;</strong></span> <span class='ocrx_word' id='word_1_52' title='bbox 1036 901 1161 958; x_wconf 82' lang='lat' dir='ltr'><strong>alibi</strong></span> <span class='ocrx_word' id='word_1_53' title='bbox 1188 914 1315 958; x_wconf 88' lang='lat' dir='ltr'><strong>vero</strong></span> <span class='ocrx_word' id='word_1_54' title='bbox 1344 900 1504 954; x_wconf 89' lang='lat' dir='ltr'><strong>etiam</strong></span> <span class='ocrx_word' id='word_1_55' title='bbox 1534 896 1821 952; x_wconf 88' lang='lat' dir='ltr'><strong>admodum</strong></span> 
     </span>
    </p>
   </div>
   <div class='ocr_carea' id='block_1_8' title="bbox 238 988 1827 1065">
    <p class='ocr_par' dir='ltr' id='par_1_8' title="bbox 238 988 1827 1065">
     <span class='ocr_line' id='line_1_8' title="bbox 238 988 1827 1065; baseline -0.007 -14"><span class='ocrx_word' id='word_1_56' title='bbox 238 997 479 1065; x_wconf 84' lang='lat' dir='ltr'><strong>abjectos</strong></span> <span class='ocrx_word' id='word_1_57' title='bbox 519 997 793 1065; x_wconf 83' lang='lat' dir='ltr'><strong>suscipere</strong></span> <span class='ocrx_word' id='word_1_58' title='bbox 828 994 1009 1065; x_wconf 86' lang='lat' dir='ltr'><strong>jubet,</strong></span> <span class='ocrx_word' id='word_1_59' title='bbox 1040 1007 1241 1062; x_wconf 86' lang='lat' dir='ltr'><strong>eosque</strong></span> <span class='ocrx_word' id='word_1_60' title='bbox 1275 990 1364 1061; x_wconf 89' lang='lat' dir='ltr'><strong>qui</strong></span> <span class='ocrx_word' id='word_1_61' title='bbox 1397 988 1827 1058; x_wconf 87' lang='lat' dir='ltr'><strong>uonsuscipiunt</strong></span> 
     </span>
    </p>
   </div>
   <div class='ocr_carea' id='block_1_9' title="bbox 236 1078 1826 1159">
    <p class='ocr_par' dir='ltr' id='par_1_9' title="bbox 236 1078 1826 1159">
     <span class='ocr_line' id='line_1_9' title="bbox 236 1078 1826 1159; baseline -0.009 -14"><span class='ocrx_word' id='word_1_62' title='bbox 236 1089 457 1159; x_wconf 74' lang='lat' dir='ltr'><strong>castigat</strong></span> <span class='ocrx_word' id='word_1_63' title='bbox 482 1105 498 1142; x_wconf 89' lang='lat'>:</span> <span class='ocrx_word' id='word_1_64' title='bbox 531 1103 654 1141; x_wconf 89' lang='lat' dir='ltr'><strong>nam</strong></span> <span class='ocrx_word' id='word_1_65' title='bbox 682 1085 747 1140; x_wconf 89' lang='lat' dir='ltr'><strong>In</strong></span> <span class='ocrx_word' id='word_1_66' title='bbox 769 1095 1010 1159; x_wconf 84' lang='lat' dir='ltr'><strong>quantum</strong></span> <span class='ocrx_word' id='word_1_67' title='bbox 1031 1100 1136 1152; x_wconf 78' lang='lat' dir='ltr'><strong>non</strong></span> <span class='ocrx_word' id='word_1_68' title='bbox 1160 1082 1356 1152; x_wconf 76' lang='lat' dir='ltr'><strong>fecistis</strong></span> <span class='ocrx_word' id='word_1_69' title='bbox 1372 1082 1554 1135; x_wconf 71' lang='lat' dir='ltr'><strong>unica:</strong></span> <span class='ocrx_word' id='word_1_70' title='bbox 1574 1080 1653 1133; x_wconf 83' lang='lat' dir='ltr'><strong>his</strong></span> <span class='ocrx_word' id='word_1_71' title='bbox 1678 1078 1826 1131; x_wconf 71' lang='lat' dir='ltr'><strong>mini.</strong></span> 
     </span>
    </p>
   </div>
   <div class='ocr_carea' id='block_1_10' title="bbox 234 1170 1823 1249">
    <p class='ocr_par' dir='ltr' id='par_1_10' title="bbox 234 1170 1823 1249">
     <span class='ocr_line' id='line_1_10' title="bbox 234 1170 1823 1249; baseline -0.005 -16"><span class='ocrx_word' id='word_1_72' title='bbox 234 1180 351 1246; x_wconf 72' lang='lat' dir='ltr'><strong>suis,</strong></span> <span class='ocrx_word' id='word_1_73' title='bbox 380 1195 540 1249; x_wconf 81' lang='lat' dir='ltr'><strong>neque</strong></span> <span class='ocrx_word' id='word_1_74' title='bbox 564 1178 689 1233; x_wconf 72' lang='lat' dir='ltr'><strong>mihi</strong></span> <span class='ocrx_word' id='word_1_75' title='bbox 714 1178 900 1248; x_wconf 80' lang='lat' dir='ltr'><strong>fecistis</strong></span> <span class='ocrx_word' id='word_1_76' title='bbox 923 1175 1133 1248; x_wconf 76' lang='lat' dir='ltr'><strong>(Matth.</strong></span> <span class='ocrx_word' id='word_1_77' title='bbox 1160 1173 1251 1230; x_wconf 75' lang='lat'><strong>25.</strong></span> <span class='ocrx_word' id='word_1_78' title='bbox 1276 1172 1367 1244; x_wconf 69' lang='grc'><strong>45)</strong></span> <span class='ocrx_word' id='word_1_79' title='bbox 1391 1190 1406 1240; x_wconf 89' lang='grc'>;</span> <span class='ocrx_word' id='word_1_80' title='bbox 1434 1180 1489 1227; x_wconf 86' lang='lat' dir='ltr'><strong>et</strong></span> <span class='ocrx_word' id='word_1_81' title='bbox 1507 1187 1537 1228; x_wconf 91' lang='lat' dir='ltr'><strong>e</strong></span> <span class='ocrx_word' id='word_1_82' title='bbox 1557 1170 1823 1227; x_wconf 88' lang='lat' dir='ltr'><strong>contrario</strong></span> 
     </span>
    </p>
   </div>
   <div class='ocr_carea' id='block_1_11' title="bbox 233 1263 1823 1337">
    <p class='ocr_par' dir='ltr' id='par_1_11' title="bbox 233 1263 1823 1337">
     <span class='ocr_line' id='line_1_11' title="bbox 233 1263 1823 1337; baseline -0.004 -12"><span class='ocrx_word' id='word_1_83' title='bbox 233 1282 470 1325; x_wconf 70' lang='lat' dir='ltr'><strong>ﬂtrsum.</strong></span> <span class='ocrx_word' id='word_1_84' title='bbox 505 1269 728 1325; x_wconf 82' lang='lat' dir='ltr'><strong>Etiamsi</strong></span> <span class='ocrx_word' id='word_1_85' title='bbox 757 1271 897 1323; x_wconf 90' lang='lat' dir='ltr'><strong>enim</strong></span> <span class='ocrx_word' id='word_1_86' title='bbox 924 1268 1016 1323; x_wconf 89' lang='lat' dir='ltr'><strong>ille</strong></span> <span class='ocrx_word' id='word_1_87' title='bbox 1043 1266 1174 1322; x_wconf 89' lang='lat' dir='ltr'><strong>nihil</strong></span> <span class='ocrx_word' id='word_1_88' title='bbox 1202 1265 1403 1337; x_wconf 89' lang='lat' dir='ltr'><strong>grande</strong></span> <span class='ocrx_word' id='word_1_89' title='bbox 1426 1264 1627 1329; x_wconf 81' lang='lat' dir='ltr'><strong>fecerit,</strong></span> <span class='ocrx_word' id='word_1_90' title='bbox 1661 1263 1823 1319; x_wconf 84' lang='lat' dir='ltr'><strong>homo</strong></span> 
     </span>
    </p>
   </div>
   <div class='ocr_carea' id='block_1_12' title="bbox 233 1357 1822 1425">
    <p class='ocr_par' dir='ltr' id='par_1_12' title="bbox 233 1357 1822 1425">
     <span class='ocr_line' id='line_1_12' title="bbox 233 1357 1822 1425; baseline -0.004 -7"><span class='ocrx_word' id='word_1_91' title='bbox 233 1374 412 1419; x_wconf 80' lang='lat' dir='ltr'><strong>tamen</strong></span> <span class='ocrx_word' id='word_1_92' title='bbox 444 1372 530 1419; x_wconf 90' lang='lat' dir='ltr'><strong>est</strong></span> <span class='ocrx_word' id='word_1_93' title='bbox 557 1372 621 1419; x_wconf 60' lang='lat' dir='ltr'><strong>et&#39;</strong></span> <span class='ocrx_word' id='word_1_94' title='bbox 642 1362 895 1417; x_wconf 91' lang='lat' dir='ltr'><strong>mundum</strong></span> <span class='ocrx_word' id='word_1_95' title='bbox 920 1360 1164 1417; x_wconf 90' lang='lat' dir='ltr'><strong>eumdem</strong></span> <span class='ocrx_word' id='word_1_96' title='bbox 1191 1359 1412 1425; x_wconf 83' lang='lat' dir='ltr'><strong>habitat,</strong></span> <span class='ocrx_word' id='word_1_97' title='bbox 1438 1357 1684 1413; x_wconf 87' lang='lat' dir='ltr'><strong>eumdem</strong></span> <span class='ocrx_word' id='word_1_98' title='bbox 1733 1371 1822 1412; x_wconf 87' lang='lat' dir='ltr'><strong>so-</strong></span> 
     </span>
    </p>
   </div>
   <div class='ocr_carea' id='block_1_13' title="bbox 233 1448 1821 1525">
    <p class='ocr_par' dir='ltr' id='par_1_13' title="bbox 233 1448 1821 1525">
     <span class='ocr_line' id='line_1_13' title="bbox 233 1448 1821 1525; baseline -0.004 -16"><span class='ocrx_word' id='word_1_99' title='bbox 233 1454 335 1509; x_wconf 74' lang='lat' dir='ltr'><strong>lem</strong></span> <span class='ocrx_word' id='word_1_100' title='bbox 364 1454 604 1525; x_wconf 88' lang='lat' dir='ltr'><strong>respicit,</strong></span> <span class='ocrx_word' id='word_1_101' title='bbox 628 1454 871 1510; x_wconf 84' lang='lat' dir='ltr'><strong>eamdem</strong></span> <span class='ocrx_word' id='word_1_102' title='bbox 902 1453 1056 1507; x_wconf 88' lang='lat' dir='ltr'><strong>habet</strong></span> <span class='ocrx_word' id='word_1_103' title='bbox 1086 1450 1340 1516; x_wconf 89' lang='lat' dir='ltr'><strong>animam,</strong></span> <span class='ocrx_word' id='word_1_104' title='bbox 1364 1448 1611 1506; x_wconf 87' lang='lat' dir='ltr'><strong>eumdem</strong></span> <span class='ocrx_word' id='word_1_105' title='bbox 1640 1449 1821 1503; x_wconf 84' lang='lat' dir='ltr'><strong>Domi-</strong></span> 
     </span>
    </p>
   </div>
   <div class='ocr_carea' id='block_1_14' title="bbox 232 1540 1819 1616">
    <p class='ocr_par' dir='ltr' id='par_1_14' title="bbox 232 1540 1819 1616">
     <span class='ocr_line' id='line_1_14' title="bbox 232 1540 1819 1616; baseline -0.005 -14"><span class='ocrx_word' id='word_1_106' title='bbox 232 1565 380 1613; x_wconf 82' lang='lat' dir='ltr'><strong>num,</strong></span> <span class='ocrx_word' id='word_1_107' title='bbox 413 1547 725 1604; x_wconf 82' lang='lat' dir='ltr'><strong>earumdem</strong></span> <span class='ocrx_word' id='word_1_108' title='bbox 768 1557 938 1602; x_wconf 89' lang='lat' dir='ltr'><strong>tecum</strong></span> <span class='ocrx_word' id='word_1_109' title='bbox 966 1545 1344 1616; x_wconf 86' lang='lat' dir='ltr'><strong>mysteriorum</strong></span> <span class='ocrx_word' id='word_1_110' title='bbox 1377 1557 1596 1598; x_wconf 85' lang='lat' dir='ltr'><strong>consors</strong></span> <span class='ocrx_word' id='word_1_111' title='bbox 1622 1550 1725 1607; x_wconf 91' lang='lat' dir='ltr'><strong>est,</strong></span> <span class='ocrx_word' id='word_1_112' title='bbox 1752 1540 1819 1595; x_wconf 87' lang='lat' dir='ltr'><strong>ad</strong></span> 
     </span>
    </p>
   </div>
   <div class='ocr_carea' id='block_1_15' title="bbox 231 1634 1820 1708">
    <p class='ocr_par' dir='ltr' id='par_1_15' title="bbox 231 1634 1820 1708">
     <span class='ocr_line' id='line_1_15' title="bbox 231 1634 1820 1708; baseline -0.006 -12"><span class='ocrx_word' id='word_1_113' title='bbox 231 1641 373 1697; x_wconf 87' lang='lat' dir='ltr'><strong>idem</strong></span> <span class='ocrx_word' id='word_1_114' title='bbox 404 1641 593 1695; x_wconf 66' lang='lat' dir='ltr'><strong>caelum</strong></span> <span class='ocrx_word' id='word_1_115' title='bbox 623 1650 868 1705; x_wconf 84' lang='lat' dir='ltr'><strong>vocatur,</strong></span> <span class='ocrx_word' id='word_1_116' title='bbox 906 1639 994 1707; x_wconf 87' lang='lat' dir='ltr'><strong>jus</strong></span> <span class='ocrx_word' id='word_1_117' title='bbox 1030 1635 1231 1708; x_wconf 82' lang='lat' dir='ltr'><strong>grande</strong></span> <span class='ocrx_word' id='word_1_118' title='bbox 1269 1634 1470 1690; x_wconf 84' lang='lat' dir='ltr'><strong>habens</strong></span> <span class='ocrx_word' id='word_1_119' title='bbox 1491 1676 1504 1700; x_wconf 95' lang='lat'><strong>,</strong></span> <span class='ocrx_word' id='word_1_120' title='bbox 1535 1643 1820 1704; x_wconf 83' lang='lat' dir='ltr'><strong>pauperta-</strong></span> 
     </span>
    </p>
   </div>
   <div class='ocr_carea' id='block_1_16' title="bbox 230 1725 1816 1804">
    <p class='ocr_par' dir='ltr' id='par_1_16' title="bbox 230 1725 1816 1804">
     <span class='ocr_line' id='line_1_16' title="bbox 230 1725 1816 1804; baseline -0.005 -17"><span class='ocrx_word' id='word_1_121' title='bbox 230 1746 335 1788; x_wconf 90' lang='lat' dir='ltr'><strong>tem</strong></span> <span class='ocrx_word' id='word_1_122' title='bbox 360 1776 377 1802; x_wconf 90' lang='lat'><strong>,</strong></span> <span class='ocrx_word' id='word_1_123' title='bbox 409 1744 467 1790; x_wconf 88' lang='lat' dir='ltr'><strong>et</strong></span> <span class='ocrx_word' id='word_1_124' title='bbox 492 1733 633 1804; x_wconf 90' lang='lat' dir='ltr'><strong>quod</strong></span> <span class='ocrx_word' id='word_1_125' title='bbox 668 1731 971 1799; x_wconf 75' lang='lat' dir='ltr'><strong>necessario</strong></span> <span class='ocrx_word' id='word_1_126' title='bbox 998 1731 1117 1785; x_wconf 86' lang='lat' dir='ltr'><strong>cibo</strong></span> <span class='ocrx_word' id='word_1_127' title='bbox 1143 1738 1316 1801; x_wconf 90' lang='lat' dir='ltr'><strong>egeat.</strong></span> <span class='ocrx_word' id='word_1_128' title='bbox 1344 1727 1495 1783; x_wconf 91' lang='lat' dir='ltr'><strong>Nunc</strong></span> <span class='ocrx_word' id='word_1_129' title='bbox 1519 1736 1695 1781; x_wconf 88' lang='lat' dir='ltr'><strong>autem</strong></span> <span class='ocrx_word' id='word_1_130' title='bbox 1726 1725 1816 1796; x_wconf 90' lang='lat' dir='ltr'><strong>qui</strong></span> 
     </span>
    </p>
   </div>
   <div class='ocr_carea' id='block_1_17' title="bbox 229 1819 1829 1894">
    <p class='ocr_par' dir='ltr' id='par_1_17' title="bbox 229 1819 1829 1894">
     <span class='ocr_line' id='line_1_17' title="bbox 229 1819 1829 1894; baseline -0.006 -13"><span class='ocrx_word' id='word_1_131' title='bbox 229 1834 280 1881; x_wconf 87' lang='lat' dir='ltr'><strong>te</strong></span> <span class='ocrx_word' id='word_1_132' title='bbox 304 1840 428 1881; x_wconf 90' lang='lat' dir='ltr'><strong>cum</strong></span> <span class='ocrx_word' id='word_1_133' title='bbox 461 1824 602 1878; x_wconf 90' lang='lat' dir='ltr'><strong>tibiis</strong></span> <span class='ocrx_word' id='word_1_134' title='bbox 631 1832 687 1879; x_wconf 92' lang='lat' dir='ltr'><strong>et</strong></span> <span class='ocrx_word' id='word_1_135' title='bbox 727 1822 914 1878; x_wconf 85' lang='lat' dir='ltr'><strong>fistulis</strong></span> <span class='ocrx_word' id='word_1_136' title='bbox 946 1821 1153 1894; x_wconf 88' lang='lat' dir='ltr'><strong>hyemis</strong></span> <span class='ocrx_word' id='word_1_137' title='bbox 1191 1830 1433 1891; x_wconf 92' lang='lat' dir='ltr'><strong>tempore</strong></span> <span class='ocrx_word' id='word_1_138' title='bbox 1465 1819 1736 1883; x_wconf 84' lang='lat' dir='ltr'><strong>excitant,</strong></span> <span class='ocrx_word' id='word_1_139' title='bbox 1764 1826 1829 1872; x_wconf 64' lang='lat' dir='ltr'><strong>ct-</strong></span> 
     </span>
    </p>
   </div>
   <div class='ocr_carea' id='block_1_18' title="bbox 226 1910 1818 1986">
    <p class='ocr_par' dir='ltr' id='par_1_18' title="bbox 226 1910 1818 1986">
     <span class='ocr_line' id='line_1_18' title="bbox 226 1910 1818 1986; baseline -0.004 -16"><span class='ocrx_word' id='word_1_140' title='bbox 226 1918 427 1972; x_wconf 68' lang='lat' dir='ltr'><strong>frustra</strong></span> <span class='ocrx_word' id='word_1_141' title='bbox 466 1926 770 1986; x_wconf 89' lang='lat' dir='ltr'><strong>temereque</strong></span> <span class='ocrx_word' id='word_1_142' title='bbox 811 1915 901 1969; x_wconf 90' lang='lat' dir='ltr'><strong>tibi</strong></span> <span class='ocrx_word' id='word_1_143' title='bbox 944 1913 1239 1969; x_wconf 76' lang='lat' dir='ltr'><strong>mulesﬁam</strong></span> <span class='ocrx_word' id='word_1_144' title='bbox 1268 1919 1487 1975; x_wconf 78' lang='lat' dir='ltr'><strong>creant&#39;,</strong></span> <span class='ocrx_word' id='word_1_145' title='bbox 1520 1910 1700 1965; x_wconf 89' lang='lat' dir='ltr'><strong>multis</strong></span> <span class='ocrx_word' id='word_1_146' title='bbox 1738 1919 1818 1963; x_wconf 81' lang='lat' dir='ltr'><strong>ta-</strong></span> 
     </span>
    </p>
   </div>
   <div class='ocr_carea' id='block_1_19' title="bbox 226 2001 1816 2075">
    <p class='ocr_par' dir='ltr' id='par_1_19' title="bbox 226 2001 1816 2075">
     <span class='ocr_line' id='line_1_19' title="bbox 226 2001 1816 2075; baseline -0.004 -13"><span class='ocrx_word' id='word_1_147' title='bbox 226 2024 348 2063; x_wconf 87' lang='lat' dir='ltr'><strong>men</strong></span> <span class='ocrx_word' id='word_1_148' title='bbox 376 2022 408 2062; x_wconf 86' lang='lat' dir='ltr'><strong>a</strong></span> <span class='ocrx_word' id='word_1_149' title='bbox 439 2016 491 2063; x_wconf 90' lang='lat' dir='ltr'><strong>te</strong></span> <span class='ocrx_word' id='word_1_150' title='bbox 515 2008 687 2064; x_wconf 84' lang='lat' dir='ltr'><strong>ornati</strong></span> <span class='ocrx_word' id='word_1_151' title='bbox 716 2007 1027 2063; x_wconf 86' lang='lat' dir='ltr'><strong>muneribus</strong></span> <span class='ocrx_word' id='word_1_152' title='bbox 1062 2005 1352 2071; x_wconf 83' lang='lat' dir='ltr'><strong>recedunt;</strong></span> <span class='ocrx_word' id='word_1_153' title='bbox 1380 2013 1435 2059; x_wconf 92' lang='lat' dir='ltr'><strong>et</strong></span> <span class='ocrx_word' id='word_1_154' title='bbox 1460 2003 1546 2075; x_wconf 91' lang='lat' dir='ltr'><strong>qui</strong></span> <span class='ocrx_word' id='word_1_155' title='bbox 1577 2001 1816 2057; x_wconf 88' lang='lat' dir='ltr'><strong>hirundi-</strong></span> 
     </span>
    </p>
   </div>
   <div class='ocr_carea' id='block_1_20' title="bbox 225 2096 1815 2169">
    <p class='ocr_par' dir='ltr' id='par_1_20' title="bbox 225 2096 1815 2169">
     <span class='ocr_line' id='line_1_20' title="bbox 225 2096 1815 2169; baseline -0.003 -16"><span class='ocrx_word' id='word_1_156' title='bbox 225 2114 321 2154; x_wconf 88' lang='lat' dir='ltr'><strong>nes</strong></span> <span class='ocrx_word' id='word_1_157' title='bbox 347 2099 732 2156; x_wconf 70' lang='lat' dir='ltr'><strong>circumferunt</strong></span> <span class='ocrx_word' id='word_1_158' title='bbox 749 2140 774 2166; x_wconf 80' lang='lat'><strong>,</strong></span> <span class='ocrx_word' id='word_1_159' title='bbox 796 2097 1016 2169; x_wconf 77' lang='lat' dir='ltr'><strong>fuligine</strong></span> <span class='ocrx_word' id='word_1_160' title='bbox 1044 2096 1296 2165; x_wconf 90' lang='lat' dir='ltr'><strong>obducti,</strong></span> <span class='ocrx_word' id='word_1_161' title='bbox 1324 2096 1414 2168; x_wconf 92' lang='lat' dir='ltr'><strong>qui</strong></span> <span class='ocrx_word' id='word_1_162' title='bbox 1440 2101 1729 2151; x_wconf 88' lang='lat' dir='ltr'><strong>scommata</strong></span> <span class='ocrx_word' id='word_1_163' title='bbox 1760 2103 1815 2149; x_wconf 91' lang='lat' dir='ltr'><strong>et</strong></span> 
     </span>
    </p>
   </div>
   <div class='ocr_carea' id='block_1_21' title="bbox 226 2189 1814 2261">
    <p class='ocr_par' dir='ltr' id='par_1_21' title="bbox 226 2189 1814 2261">
     <span class='ocr_line' id='line_1_21' title="bbox 226 2189 1814 2261; baseline -0.001 -17"><span class='ocrx_word' id='word_1_164' title='bbox 226 2190 510 2247; x_wconf 86' lang='lat' dir='ltr'><strong>maledicta</strong></span> <span class='ocrx_word' id='word_1_165' title='bbox 550 2194 603 2246; x_wconf 92' lang='lat' dir='ltr'><strong>in</strong></span> <span class='ocrx_word' id='word_1_166' title='bbox 642 2205 830 2247; x_wconf 88' lang='lat' dir='ltr'><strong>omnes</strong></span> <span class='ocrx_word' id='word_1_167' title='bbox 868 2189 1192 2260; x_wconf 87' lang='lat' dir='ltr'><strong>conjiciunt,</strong></span> <span class='ocrx_word' id='word_1_168' title='bbox 1237 2196 1559 2261; x_wconf 61' lang='lat' dir='ltr'><strong>portentosa:</strong></span> <span class='ocrx_word' id='word_1_169' title='bbox 1587 2201 1814 2244; x_wconf 85' lang='lat' dir='ltr'><strong>consue-</strong></span> 
     </span>
    </p>
   </div>
   <div class='ocr_carea' id='block_1_22' title="bbox 227 2282 1812 2353">
    <p class='ocr_par' dir='ltr' id='par_1_22' title="bbox 227 2282 1812 2353">
     <span class='ocr_line' id='line_1_22' title="bbox 227 2282 1812 2353; baseline -0.003 -13"><span class='ocrx_word' id='word_1_170' title='bbox 227 2284 423 2341; x_wconf 66' lang='lat' dir='ltr'><strong>tudinis</strong></span> <span class='ocrx_word' id='word_1_171' title='bbox 463 2283 766 2341; x_wconf 82' lang='lat' dir='ltr'><strong>mercedem</strong></span> <span class='ocrx_word' id='word_1_172' title='bbox 808 2284 1091 2353; x_wconf 88' lang='lat' dir='ltr'><strong>accipiunt.</strong></span> <span class='ocrx_word' id='word_1_173' title='bbox 1139 2282 1195 2338; x_wconf 87' lang='lat' dir='ltr'><strong>Si</strong></span> <span class='ocrx_word' id='word_1_174' title='bbox 1238 2296 1366 2337; x_wconf 92' lang='lat' dir='ltr'><strong>vero</strong></span> <span class='ocrx_word' id='word_1_175' title='bbox 1408 2296 1612 2353; x_wconf 86' lang='lat' dir='ltr'><strong>pauper</strong></span> <span class='ocrx_word' id='word_1_176' title='bbox 1649 2295 1812 2352; x_wconf 87' lang='lat' dir='ltr'><strong>egens</strong></span> 
     </span>
    </p>
   </div>
   <div class='ocr_carea' id='block_1_23' title="bbox 228 2373 1812 2448">
    <p class='ocr_par' dir='ltr' id='par_1_23' title="bbox 228 2373 1812 2448">
     <span class='ocr_line' id='line_1_23' title="bbox 228 2373 1812 2448; baseline -0.003 -16"><span class='ocrx_word' id='word_1_177' title='bbox 228 2391 359 2448; x_wconf 88' lang='lat' dir='ltr'><strong>pane</strong></span> <span class='ocrx_word' id='word_1_178' title='bbox 387 2377 628 2444; x_wconf 87' lang='lat' dir='ltr'><strong>accedat,</strong></span> <span class='ocrx_word' id='word_1_179' title='bbox 659 2376 804 2433; x_wconf 91' lang='lat' dir='ltr'><strong>mille</strong></span> <span class='ocrx_word' id='word_1_180' title='bbox 834 2376 980 2431; x_wconf 91' lang='lat' dir='ltr'><strong>illum</strong></span> <span class='ocrx_word' id='word_1_181' title='bbox 1010 2374 1328 2441; x_wconf 88' lang='lat' dir='ltr'><strong>maledictis,</strong></span> <span class='ocrx_word' id='word_1_182' title='bbox 1360 2373 1681 2445; x_wconf 88' lang='lat' dir='ltr'><strong>opprobriis,</strong></span> <span class='ocrx_word' id='word_1_183' title='bbox 1709 2374 1812 2428; x_wconf 89' lang='lat' dir='ltr'><strong>cri-</strong></span> 
     </span>
    </p>
   </div>
   <div class='ocr_carea' id='block_1_24' title="bbox 225 2466 1810 2539">
    <p class='ocr_par' dir='ltr' id='par_1_24' title="bbox 225 2466 1810 2539">
     <span class='ocr_line' id='line_1_24' title="bbox 225 2466 1810 2539; baseline -0.001 -16"><span class='ocrx_word' id='word_1_184' title='bbox 225 2469 459 2525; x_wconf 88' lang='lat' dir='ltr'><strong>minibus</strong></span> <span class='ocrx_word' id='word_1_185' title='bbox 497 2483 725 2535; x_wconf 87' lang='lat' dir='ltr'><strong>oneras,</strong></span> <span class='ocrx_word' id='word_1_186' title='bbox 760 2468 1080 2524; x_wconf 89' lang='lat' dir='ltr'><strong>otiositatem</strong></span> <span class='ocrx_word' id='word_1_187' title='bbox 1125 2468 1451 2539; x_wconf 79' lang='lat' dir='ltr'><strong>exprobras,</strong></span> <span class='ocrx_word' id='word_1_188' title='bbox 1483 2480 1582 2522; x_wconf 90' lang='lat' dir='ltr'><strong>nec</strong></span> <span class='ocrx_word' id='word_1_189' title='bbox 1610 2466 1810 2537; x_wconf 89' lang='lat' dir='ltr'><strong>cogitas</strong></span> 
     </span>
    </p>
   </div>
   <div class='ocr_carea' id='block_1_25' title="bbox 226 2560 1807 2631">
    <p class='ocr_par' dir='ltr' id='par_1_25' title="bbox 226 2560 1807 2631">
     <span class='ocr_line' id='line_1_25' title="bbox 226 2560 1807 2631; baseline -0.001 -15"><span class='ocrx_word' id='word_1_190' title='bbox 226 2570 276 2616; x_wconf 92' lang='lat' dir='ltr'><strong>te</strong></span> <span class='ocrx_word' id='word_1_191' title='bbox 301 2575 517 2631; x_wconf 89' lang='lat' dir='ltr'><strong>quoque</strong></span> <span class='ocrx_word' id='word_1_192' title='bbox 545 2560 776 2617; x_wconf 91' lang='lat' dir='ltr'><strong>otiosum</strong></span> <span class='ocrx_word' id='word_1_193' title='bbox 802 2575 942 2629; x_wconf 87' lang='lat' dir='ltr'><strong>esse,</strong></span> <span class='ocrx_word' id='word_1_194' title='bbox 974 2568 1030 2617; x_wconf 90' lang='lat' dir='ltr'><strong>et</strong></span> <span class='ocrx_word' id='word_1_195' title='bbox 1065 2569 1239 2618; x_wconf 88' lang='lat' dir='ltr'><strong>tamen</strong></span> <span class='ocrx_word' id='word_1_196' title='bbox 1269 2560 1434 2615; x_wconf 90' lang='lat' dir='ltr'><strong>Deum</strong></span> <span class='ocrx_word' id='word_1_197' title='bbox 1467 2560 1557 2616; x_wconf 91' lang='lat' dir='ltr'><strong>tibi</strong></span> <span class='ocrx_word' id='word_1_198' title='bbox 1588 2573 1807 2615; x_wconf 91' lang='lat' dir='ltr'><strong>munera</strong></span> 
     </span>
    </p>
   </div>
   <div class='ocr_carea' id='block_1_26' title="bbox 224 2652 1808 2725">
    <p class='ocr_par' dir='ltr' id='par_1_26' title="bbox 224 2652 1808 2725">
     <span class='ocr_line' id='line_1_26' title="bbox 224 2652 1808 2725; baseline 0.001 -18"><span class='ocrx_word' id='word_1_199' title='bbox 224 2662 278 2709; x_wconf 89' lang='lat' dir='ltr'><strong>et</strong></span> <span class='ocrx_word' id='word_1_200' title='bbox 313 2652 456 2709; x_wconf 89' lang='lat' dir='ltr'><strong>dona</strong></span> <span class='ocrx_word' id='word_1_201' title='bbox 497 2652 758 2725; x_wconf 73' lang='lat' dir='ltr'><strong>prmbere.</strong></span> <span class='ocrx_word' id='word_1_202' title='bbox 799 2652 876 2709; x_wconf 90' lang='lat' dir='ltr'><strong>Ne</strong></span> <span class='ocrx_word' id='word_1_203' title='bbox 912 2652 1043 2708; x_wconf 90' lang='lat' dir='ltr'><strong>mihi</strong></span> <span class='ocrx_word' id='word_1_204' title='bbox 1081 2653 1224 2708; x_wconf 90' lang='lat' dir='ltr'><strong>enim</strong></span> <span class='ocrx_word' id='word_1_205' title='bbox 1262 2653 1494 2720; x_wconf 80' lang='lat' dir='ltr'><strong>dixeris,</strong></span> <span class='ocrx_word' id='word_1_206' title='bbox 1528 2661 1581 2710; x_wconf 89' lang='lat' dir='ltr'><strong>te</strong></span> <span class='ocrx_word' id='word_1_207' title='bbox 1610 2654 1808 2724; x_wconf 89' lang='lat' dir='ltr'><strong>aliquid</strong></span> 
     </span>
    </p>
   </div>
   <div class='ocr_carea' id='block_1_27' title="bbox 222 2743 1807 2818">
    <p class='ocr_par' dir='ltr' id='par_1_27' title="bbox 222 2743 1807 2818">
     <span class='ocr_line' id='line_1_27' title="bbox 222 2743 1807 2818; baseline 0 -18"><span class='ocrx_word' id='word_1_208' title='bbox 222 2745 469 2816; x_wconf 88' lang='lat' dir='ltr'><strong>operari;</strong></span> <span class='ocrx_word' id='word_1_209' title='bbox 501 2744 594 2801; x_wconf 90' lang='lat' dir='ltr'><strong>sed</strong></span> <span class='ocrx_word' id='word_1_210' title='bbox 624 2744 753 2800; x_wconf 91' lang='lat' dir='ltr'><strong>mihi</strong></span> <span class='ocrx_word' id='word_1_211' title='bbox 778 2743 1105 2813; x_wconf 89' lang='lat' dir='ltr'><strong>demonstra,</strong></span> <span class='ocrx_word' id='word_1_212' title='bbox 1136 2752 1190 2801; x_wconf 92' lang='lat' dir='ltr'><strong>te</strong></span> <span class='ocrx_word' id='word_1_213' title='bbox 1220 2744 1415 2818; x_wconf 88' lang='lat' dir='ltr'><strong>aliquid</strong></span> <span class='ocrx_word' id='word_1_214' title='bbox 1447 2746 1807 2801; x_wconf 87' lang='lat' dir='ltr'><strong>necessarium</strong></span> 
     </span>
    </p>
   </div>
   <div class='ocr_carea' id='block_1_28' title="bbox 224 2836 1806 2909">
    <p class='ocr_par' dir='ltr' id='par_1_28' title="bbox 224 2836 1806 2909">
     <span class='ocr_line' id='line_1_28' title="bbox 224 2836 1806 2909; baseline 0.001 -18"><span class='ocrx_word' id='word_1_215' title='bbox 224 2837 398 2893; x_wconf 86' lang='lat' dir='ltr'><strong>facere</strong></span> <span class='ocrx_word' id='word_1_216' title='bbox 426 2848 480 2894; x_wconf 91' lang='lat' dir='ltr'><strong>et</strong></span> <span class='ocrx_word' id='word_1_217' title='bbox 508 2845 758 2894; x_wconf 88' lang='lat' dir='ltr'><strong>tractare.</strong></span> <span class='ocrx_word' id='word_1_218' title='bbox 790 2836 884 2894; x_wconf 88' lang='lat' dir='ltr'><strong>Sin</strong></span> <span class='ocrx_word' id='word_1_219' title='bbox 925 2836 1053 2893; x_wconf 89' lang='lat' dir='ltr'><strong>mihi</strong></span> <span class='ocrx_word' id='word_1_220' title='bbox 1084 2837 1286 2894; x_wconf 79' lang='lat' dir='ltr'><strong>dixeris</strong></span> <span class='ocrx_word' id='word_1_221' title='bbox 1316 2847 1367 2894; x_wconf 91' lang='lat' dir='ltr'><strong>te</strong></span> <span class='ocrx_word' id='word_1_222' title='bbox 1396 2841 1605 2909; x_wconf 85' lang='lat' dir='ltr'><strong>negotia</strong></span> <span class='ocrx_word' id='word_1_223' title='bbox 1643 2854 1806 2909; x_wconf 85' lang='lat' dir='ltr'><strong>pecu-</strong></span> 
     </span>
    </p>
   </div>
   <div class='ocr_carea' id='block_1_29' title="bbox 224 2929 1806 2999">
    <p class='ocr_par' dir='ltr' id='par_1_29' title="bbox 224 2929 1806 2999">
     <span class='ocr_line' id='line_1_29' title="bbox 224 2929 1806 2999; baseline 0.001 -16"><span class='ocrx_word' id='word_1_224' title='bbox 224 2929 385 2983; x_wconf 84' lang='lat' dir='ltr'><strong>niaria</strong></span> <span class='ocrx_word' id='word_1_225' title='bbox 412 2937 470 2985; x_wconf 87' lang='lat' dir='ltr'><strong>ct</strong></span> <span class='ocrx_word' id='word_1_226' title='bbox 496 2930 872 2999; x_wconf 81' lang='lat' dir='ltr'><strong>cauponariam</strong></span> <span class='ocrx_word' id='word_1_227' title='bbox 898 2943 1405 2995; x_wconf 80' lang='lat' dir='ltr'><strong>exercere,necnon</strong></span> <span class='ocrx_word' id='word_1_228' title='bbox 1445 2929 1691 2985; x_wconf 86' lang='lat' dir='ltr'><strong>studium</strong></span> <span class='ocrx_word' id='word_1_229' title='bbox 1709 2945 1806 2984; x_wconf 85' lang='lat' dir='ltr'><strong>cu-</strong></span> 
     </span>
    </p>
   </div>
   <div class='ocr_carea' id='block_1_30' title="bbox 223 3021 1807 3094">
    <p class='ocr_par' dir='ltr' id='par_1_30' title="bbox 223 3021 1807 3094">
     <span class='ocr_line' id='line_1_30' title="bbox 223 3021 1807 3094; baseline 0.003 -17"><span class='ocrx_word' id='word_1_230' title='bbox 223 3022 401 3077; x_wconf 79' lang='lat' dir='ltr'><strong>randae</strong></span> <span class='ocrx_word' id='word_1_231' title='bbox 424 3033 477 3076; x_wconf 90' lang='lat' dir='ltr'><strong>et</strong></span> <span class='ocrx_word' id='word_1_232' title='bbox 504 3022 758 3093; x_wconf 76' lang='lat' dir='ltr'><strong>augendae</strong></span> <span class='ocrx_word' id='word_1_233' title='bbox 783 3023 859 3078; x_wconf 90' lang='lat' dir='ltr'><strong>rei</strong></span> <span class='ocrx_word' id='word_1_234' title='bbox 888 3021 1191 3091; x_wconf 79' lang='lat' dir='ltr'><strong>familiaris,</strong></span> <span class='ocrx_word' id='word_1_235' title='bbox 1214 3022 1547 3094; x_wconf 85' lang='lat' dir='ltr'><strong>respondebo</strong></span> <span class='ocrx_word' id='word_1_236' title='bbox 1575 3023 1665 3080; x_wconf 90' lang='lat' dir='ltr'><strong>tibi</strong></span> <span class='ocrx_word' id='word_1_237' title='bbox 1694 3024 1807 3081; x_wconf 66' lang='lat' dir='ltr'><strong>haec</strong></span> 
     </span>
    </p>
   </div>
   <div class='ocr_carea' id='block_1_31' title="bbox 223 3113 1803 3189">
    <p class='ocr_par' dir='ltr' id='par_1_31' title="bbox 223 3113 1803 3189">
     <span class='ocr_line' id='line_1_31' title="bbox 223 3113 1803 3189; baseline 0.002 -21"><span class='ocrx_word' id='word_1_238' title='bbox 223 3128 327 3171; x_wconf 91' lang='lat' dir='ltr'><strong>non</strong></span> <span class='ocrx_word' id='word_1_239' title='bbox 354 3129 476 3169; x_wconf 86' lang='lat' dir='ltr'><strong>esse</strong></span> <span class='ocrx_word' id='word_1_240' title='bbox 505 3128 665 3184; x_wconf 79' lang='lat' dir='ltr'><strong>Opera</strong></span> <span class='ocrx_word' id='word_1_241' title='bbox 684 3155 699 3179; x_wconf 89' lang='lat'><strong>,</strong></span> <span class='ocrx_word' id='word_1_242' title='bbox 727 3113 821 3169; x_wconf 88' lang='lat' dir='ltr'><strong>sed</strong></span> <span class='ocrx_word' id='word_1_243' title='bbox 848 3129 973 3170; x_wconf 87' lang='lat' dir='ltr'><strong>vere</strong></span> <span class='ocrx_word' id='word_1_244' title='bbox 1006 3129 1167 3185; x_wconf 89' lang='lat' dir='ltr'><strong>opera</strong></span> <span class='ocrx_word' id='word_1_245' title='bbox 1206 3129 1327 3171; x_wconf 89' lang='lat' dir='ltr'><strong>esse</strong></span> <span class='ocrx_word' id='word_1_246' title='bbox 1370 3115 1767 3189; x_wconf 66' lang='lat' dir='ltr'><strong>eleemosvnam</strong></span> <span class='ocrx_word' id='word_1_247' title='bbox 1789 3157 1803 3181; x_wconf 95' lang='lat'><strong>,</strong></span> 
     </span>
    </p>
   </div>
   <div class='ocr_carea' id='block_1_32' title="bbox 221 3206 1809 3278">
    <p class='ocr_par' dir='ltr' id='par_1_32' title="bbox 221 3206 1809 3278">
     <span class='ocr_line' id='line_1_32' title="bbox 221 3206 1809 3278; baseline -0.001 -15"><span class='ocrx_word' id='word_1_248' title='bbox 221 3208 514 3263; x_wconf 87' lang='lat' dir='ltr'><strong>orationem</strong></span> <span class='ocrx_word' id='word_1_249' title='bbox 540 3249 555 3274; x_wconf 96' lang='lat'><strong>,</strong></span> <span class='ocrx_word' id='word_1_250' title='bbox 587 3207 835 3262; x_wconf 73' lang='lat' dir='ltr'><strong>lzesorum</strong></span> <span class='ocrx_word' id='word_1_251' title='bbox 866 3206 1217 3277; x_wconf 89' lang='lat' dir='ltr'><strong>patrocinium</strong></span> <span class='ocrx_word' id='word_1_252' title='bbox 1244 3214 1297 3263; x_wconf 92' lang='lat' dir='ltr'><strong>et</strong></span> <span class='ocrx_word' id='word_1_253' title='bbox 1327 3206 1516 3261; x_wconf 88' lang='lat' dir='ltr'><strong>similia</strong></span> <span class='ocrx_word' id='word_1_254' title='bbox 1536 3249 1551 3274; x_wconf 91' lang='lat'><strong>,</strong></span> <span class='ocrx_word' id='word_1_255' title='bbox 1581 3208 1632 3262; x_wconf 90' lang='lat' dir='ltr'><strong>in</strong></span> <span class='ocrx_word' id='word_1_256' title='bbox 1660 3223 1809 3278; x_wconf 92' lang='lat' dir='ltr'><strong>quo—</strong></span> 
     </span>
    </p>
   </div>
   <div class='ocr_carea' id='block_1_33' title="bbox 222 3299 1806 3370">
    <p class='ocr_par' dir='ltr' id='par_1_33' title="bbox 222 3299 1806 3370">
     <span class='ocr_line' id='line_1_33' title="bbox 222 3299 1806 3370; baseline -0.001 -14"><span class='ocrx_word' id='word_1_257' title='bbox 222 3316 336 3356; x_wconf 87' lang='lat' dir='ltr'><strong>rum</strong></span> <span class='ocrx_word' id='word_1_258' title='bbox 375 3301 579 3355; x_wconf 89' lang='lat' dir='ltr'><strong>incuria</strong></span> <span class='ocrx_word' id='word_1_259' title='bbox 609 3301 767 3355; x_wconf 88' lang='lat' dir='ltr'><strong>vitam</strong></span> <span class='ocrx_word' id='word_1_260' title='bbox 811 3308 1069 3370; x_wconf 88' lang='lat' dir='ltr'><strong>perpetuo</strong></span> <span class='ocrx_word' id='word_1_261' title='bbox 1103 3299 1330 3370; x_wconf 79' lang='lat' dir='ltr'><strong>agimus.</strong></span> <span class='ocrx_word' id='word_1_262' title='bbox 1365 3299 1617 3355; x_wconf 81' lang='lat' dir='ltr'><strong>Attamen</strong></span> <span class='ocrx_word' id='word_1_263' title='bbox 1650 3317 1806 3356; x_wconf 86' lang='lat' dir='ltr'><strong>num-</strong></span> 
     </span>
    </p>
   </div>
   <div class='ocr_carea' id='block_1_34' title="bbox 220 3390 1807 3462">
    <p class='ocr_par' dir='ltr' id='par_1_34' title="bbox 220 3390 1807 3462">
     <span class='ocr_line' id='line_1_34' title="bbox 220 3390 1807 3462; baseline 0.001 -17"><span class='ocrx_word' id='word_1_264' title='bbox 220 3407 375 3462; x_wconf 86' lang='lat' dir='ltr'><strong>quam</strong></span> <span class='ocrx_word' id='word_1_265' title='bbox 400 3391 535 3446; x_wconf 77' lang='lat' dir='ltr'><strong>dixit</strong></span> <span class='ocrx_word' id='word_1_266' title='bbox 562 3390 715 3446; x_wconf 91' lang='lat' dir='ltr'><strong>nobis</strong></span> <span class='ocrx_word' id='word_1_267' title='bbox 742 3390 897 3457; x_wconf 90' lang='lat' dir='ltr'><strong>Deus,</strong></span> <span class='ocrx_word' id='word_1_268' title='bbox 923 3391 1055 3459; x_wconf 86' lang='lat' dir='ltr'><strong>Quia</strong></span> <span class='ocrx_word' id='word_1_269' title='bbox 1082 3392 1134 3445; x_wconf 92' lang='lat' dir='ltr'><strong>in</strong></span> <span class='ocrx_word' id='word_1_270' title='bbox 1157 3391 1266 3445; x_wconf 92' lang='lat' dir='ltr'><strong>otio</strong></span> <span class='ocrx_word' id='word_1_271' title='bbox 1291 3390 1461 3461; x_wconf 85' lang='lat' dir='ltr'><strong>degis,</strong></span> <span class='ocrx_word' id='word_1_272' title='bbox 1490 3405 1595 3445; x_wconf 92' lang='lat' dir='ltr'><strong>non</strong></span> <span class='ocrx_word' id='word_1_273' title='bbox 1617 3405 1807 3446; x_wconf 80' lang='lat' dir='ltr'><strong>accen-</strong></span> 
     </span>
    </p>
   </div>
   <div class='ocr_carea' id='block_1_35' title="bbox 220 3480 1801 3553">
    <p class='ocr_par' dir='ltr' id='par_1_35' title="bbox 220 3480 1801 3553">
     <span class='ocr_line' id='line_1_35' title="bbox 220 3480 1801 3553; baseline -0.003 -14"><span class='ocrx_word' id='word_1_274' title='bbox 220 3484 339 3539; x_wconf 82' lang='lat' dir='ltr'><strong>dam</strong></span> <span class='ocrx_word' id='word_1_275' title='bbox 368 3483 461 3539; x_wconf 90' lang='lat' dir='ltr'><strong>tibi</strong></span> <span class='ocrx_word' id='word_1_276' title='bbox 489 3483 688 3550; x_wconf 89' lang='lat' dir='ltr'><strong>solem;</strong></span> <span class='ocrx_word' id='word_1_277' title='bbox 719 3483 843 3553; x_wconf 89' lang='lat' dir='ltr'><strong>quia</strong></span> <span class='ocrx_word' id='word_1_278' title='bbox 873 3497 942 3537; x_wconf 81' lang='lat' dir='ltr'><strong>ex</strong></span> <span class='ocrx_word' id='word_1_279' title='bbox 975 3480 1292 3538; x_wconf 89' lang='lat' dir='ltr'><strong>necessariis</strong></span> <span class='ocrx_word' id='word_1_280' title='bbox 1318 3481 1448 3536; x_wconf 81' lang='lat' dir='ltr'><strong>nihil</strong></span> <span class='ocrx_word' id='word_1_281' title='bbox 1474 3482 1801 3552; x_wconf 80' lang='lat' dir='ltr'><strong>exsequeris,</strong></span> 
     </span>
    </p>
   </div>
   <div class='ocr_carea' id='block_1_36' title="bbox 222 3575 1807 3646">
    <p class='ocr_par' dir='ltr' id='par_1_36' title="bbox 222 3575 1807 3646">
     <span class='ocr_line' id='line_1_36' title="bbox 222 3575 1807 3646; baseline -0.001 -14"><span class='ocrx_word' id='word_1_282' title='bbox 222 3578 397 3633; x_wconf 89' lang='lat' dir='ltr'><strong>lunam</strong></span> <span class='ocrx_word' id='word_1_283' title='bbox 445 3577 535 3632; x_wconf 88' lang='lat' dir='ltr'><strong>tibi</strong></span> <span class='ocrx_word' id='word_1_284' title='bbox 582 3577 948 3646; x_wconf 78' lang='lat' dir='ltr'><strong>exstinguam,</strong></span> <span class='ocrx_word' id='word_1_285' title='bbox 977 3585 1132 3631; x_wconf 63' lang='lat' dir='ltr'><strong>terra:</strong></span> <span class='ocrx_word' id='word_1_286' title='bbox 1171 3583 1377 3630; x_wconf 89' lang='lat' dir='ltr'><strong>uterum</strong></span> <span class='ocrx_word' id='word_1_287' title='bbox 1417 3575 1650 3630; x_wconf 89' lang='lat' dir='ltr'><strong>sterilem</strong></span> <span class='ocrx_word' id='word_1_288' title='bbox 1679 3576 1807 3631; x_wconf 81' lang='lat' dir='ltr'><strong>red-</strong></span> 
     </span>
    </p>
   </div>
   <div class='ocr_carea' id='block_1_37' title="bbox 221 3668 1801 3740">
    <p class='ocr_par' dir='ltr' id='par_1_37' title="bbox 221 3668 1801 3740">
     <span class='ocr_line' id='line_1_37' title="bbox 221 3668 1801 3740; baseline -0.002 -14"><span class='ocrx_word' id='word_1_289' title='bbox 221 3670 361 3736; x_wconf 76' lang='lat' dir='ltr'><strong>dant,</strong></span> <span class='ocrx_word' id='word_1_290' title='bbox 393 3669 635 3724; x_wconf 85' lang='lat' dir='ltr'><strong>retinebo</strong></span> <span class='ocrx_word' id='word_1_291' title='bbox 664 3679 868 3740; x_wconf 88' lang='lat' dir='ltr'><strong>stagna,</strong></span> <span class='ocrx_word' id='word_1_292' title='bbox 897 3668 1357 3735; x_wconf 72' lang='lat' dir='ltr'><strong>fontes,,flumina,</strong></span> <span class='ocrx_word' id='word_1_293' title='bbox 1387 3668 1577 3723; x_wconf 89' lang='lat' dir='ltr'><strong>delebo</strong></span> <span class='ocrx_word' id='word_1_294' title='bbox 1601 3684 1801 3735; x_wconf 89' lang='lat' dir='ltr'><strong>acrem,</strong></span> 
     </span>
    </p>
   </div>
   <div class='ocr_carea' id='block_1_38' title="bbox 221 3758 1807 3833">
    <p class='ocr_par' dir='ltr' id='par_1_38' title="bbox 221 3758 1807 3833">
     <span class='ocr_line' id='line_1_38' title="bbox 221 3758 1807 3833; baseline 0.001 -17"><span class='ocrx_word' id='word_1_295' title='bbox 221 3764 425 3833; x_wconf 82' lang='lat' dir='ltr'><strong>pluvias</strong></span> <span class='ocrx_word' id='word_1_296' title='bbox 470 3776 672 3816; x_wconf 83' lang='lat' dir='ltr'><strong>annuas</strong></span> <span class='ocrx_word' id='word_1_297' title='bbox 719 3761 970 3816; x_wconf 82' lang='lat' dir='ltr'><strong>detinebo</strong></span> <span class='ocrx_word' id='word_1_298' title='bbox 1012 3777 1025 3813; x_wconf 92' lang='lat'>:</span> <span class='ocrx_word' id='word_1_299' title='bbox 1067 3776 1250 3815; x_wconf 82' lang='lat' dir='ltr'><strong>verum</strong></span> <span class='ocrx_word' id='word_1_300' title='bbox 1295 3758 1473 3815; x_wconf 83' lang='lat' dir='ltr'><strong>omnia</strong></span> <span class='ocrx_word' id='word_1_301' title='bbox 1518 3760 1606 3816; x_wconf 92' lang='lat' dir='ltr'><strong>ille</strong></span> <span class='ocrx_word' id='word_1_302' title='bbox 1654 3760 1807 3817; x_wconf 88' lang='lat' dir='ltr'><strong>nobis</strong></span> 
     </span>
    </p>
   </div>
   <div class='ocr_carea' id='block_1_39' title="bbox 221 3852 1804 3924">
    <p class='ocr_par' dir='ltr' id='par_1_39' title="bbox 221 3852 1804 3924">
     <span class='ocr_line' id='line_1_39' title="bbox 221 3852 1804 3924; baseline -0.001 -15"><span class='ocrx_word' id='word_1_303' title='bbox 221 3854 557 3910; x_wconf 73' lang='lat' dir='ltr'><strong>abundanter</strong></span> <span class='ocrx_word' id='word_1_304' title='bbox 590 3853 910 3924; x_wconf 86' lang='lat' dir='ltr'><strong>suppeditat.</strong></span> <span class='ocrx_word' id='word_1_305' title='bbox 943 3852 1270 3921; x_wconf 85' lang='lat' dir='ltr'><strong>Quibusdam</strong></span> <span class='ocrx_word' id='word_1_306' title='bbox 1309 3866 1439 3907; x_wconf 90' lang='lat' dir='ltr'><strong>vero</strong></span> <span class='ocrx_word' id='word_1_307' title='bbox 1482 3868 1587 3907; x_wconf 90' lang='lat' dir='ltr'><strong>non</strong></span> <span class='ocrx_word' id='word_1_308' title='bbox 1634 3854 1804 3909; x_wconf 90' lang='lat' dir='ltr'><strong>solum</strong></span> 
     </span>
    </p>
   </div>
   <div class='ocr_carea' id='block_1_40' title="bbox 220 3942 1811 4016">
    <p class='ocr_par' dir='ltr' id='par_1_40' title="bbox 220 3942 1811 4016">
     <span class='ocr_line' id='line_1_40' title="bbox 220 3942 1811 4016; baseline -0.001 -15"><span class='ocrx_word' id='word_1_309' title='bbox 220 3946 270 4001; x_wconf 86' lang='lat' dir='ltr'><strong>in</strong></span> <span class='ocrx_word' id='word_1_310' title='bbox 296 3947 409 4001; x_wconf 89' lang='lat' dir='ltr'><strong>otio</strong></span> <span class='ocrx_word' id='word_1_311' title='bbox 435 3945 773 4016; x_wconf 84' lang='lat' dir='ltr'><strong>degentibus,</strong></span> <span class='ocrx_word' id='word_1_312' title='bbox 802 3943 895 4009; x_wconf 86' lang='lat' dir='ltr'><strong>sed</strong></span> <span class='ocrx_word' id='word_1_313' title='bbox 930 3945 1088 3998; x_wconf 89' lang='lat' dir='ltr'><strong>etiam</strong></span> <span class='ocrx_word' id='word_1_314' title='bbox 1129 3942 1267 3999; x_wconf 87' lang='lat' dir='ltr'><strong>male</strong></span> <span class='ocrx_word' id='word_1_315' title='bbox 1297 3944 1659 4014; x_wconf 83' lang='lat' dir='ltr'><strong>operantibus,</strong></span> <span class='ocrx_word' id='word_1_316' title='bbox 1693 3944 1811 4011; x_wconf 68' lang='lat' dir='ltr'><strong>hcce</strong></span> 
     </span>
    </p>
   </div>
   <div class='ocr_carea' id='block_1_41' title="bbox 218 4037 1805 4109">
    <p class='ocr_par' dir='ltr' id='par_1_41' title="bbox 218 4037 1805 4109">
     <span class='ocr_line' id='line_1_41' title="bbox 218 4037 1805 4109; baseline 0.001 -16"><span class='ocrx_word' id='word_1_317' title='bbox 218 4040 415 4094; x_wconf 80' lang='lat' dir='ltr'><strong>affatim</strong></span> <span class='ocrx_word' id='word_1_318' title='bbox 447 4038 693 4109; x_wconf 89' lang='lat' dir='ltr'><strong>largitur.</strong></span> <span class='ocrx_word' id='word_1_319' title='bbox 728 4037 861 4093; x_wconf 91' lang='lat' dir='ltr'><strong>Cum</strong></span> <span class='ocrx_word' id='word_1_320' title='bbox 907 4038 1066 4109; x_wconf 87' lang='lat' dir='ltr'><strong>igitur</strong></span> <span class='ocrx_word' id='word_1_321' title='bbox 1108 4053 1394 4109; x_wconf 88' lang='lat' dir='ltr'><strong>pauperem</strong></span> <span class='ocrx_word' id='word_1_322' title='bbox 1424 4038 1619 4094; x_wconf 90' lang='lat' dir='ltr'><strong>videris</strong></span> <span class='ocrx_word' id='word_1_323' title='bbox 1654 4039 1805 4095; x_wconf 81' lang='lat' dir='ltr'><strong>dixe-</strong></span> 
     </span>
    </p>
   </div>
   <div class='ocr_carea' id='block_1_42' title="bbox 220 4129 1806 4202">
    <p class='ocr_par' dir='ltr' id='par_1_42' title="bbox 220 4129 1806 4202">
     <span class='ocr_line' id='line_1_42' title="bbox 220 4129 1806 4202; baseline 0 -16"><span class='ocrx_word' id='word_1_324' title='bbox 220 4132 435 4202; x_wconf 86' lang='lat' dir='ltr'><strong>risque,</strong></span> <span class='ocrx_word' id='word_1_325' title='bbox 471 4130 774 4196; x_wconf 67' lang='lat' dir='ltr'><strong>Prtefocor,</strong></span> <span class='ocrx_word' id='word_1_326' title='bbox 809 4144 930 4184; x_wconf 89' lang='lat' dir='ltr'><strong>cum</strong></span> <span class='ocrx_word' id='word_1_327' title='bbox 971 4129 1127 4185; x_wconf 89' lang='lat' dir='ltr'><strong>video</strong></span> <span class='ocrx_word' id='word_1_328' title='bbox 1166 4130 1307 4185; x_wconf 92' lang='lat' dir='ltr'><strong>hunc</strong></span> <span class='ocrx_word' id='word_1_329' title='bbox 1339 4129 1589 4199; x_wconf 82' lang='lat' dir='ltr'><strong>juvenem</strong></span> <span class='ocrx_word' id='word_1_330' title='bbox 1615 4170 1631 4197; x_wconf 95' lang='lat'><strong>,</strong></span> <span class='ocrx_word' id='word_1_331' title='bbox 1672 4130 1806 4186; x_wconf 88' lang='lat' dir='ltr'><strong>bene</strong></span> 
     </span>
    </p>
   </div>
   <div class='ocr_carea' id='block_1_43' title="bbox 219 4220 1806 4289">
    <p class='ocr_par' dir='ltr' id='par_1_43' title="bbox 219 4220 1806 4289">
     <span class='ocr_line' id='line_1_43' title="bbox 219 4220 1806 4289; baseline 0.001 -13"><span class='ocrx_word' id='word_1_332' title='bbox 219 4223 516 4289; x_wconf 84' lang='lat' dir='ltr'><strong>valentem,</strong></span> <span class='ocrx_word' id='word_1_333' title='bbox 548 4221 679 4276; x_wconf 90' lang='lat' dir='ltr'><strong>nihil</strong></span> <span class='ocrx_word' id='word_1_334' title='bbox 720 4220 1039 4289; x_wconf 87' lang='lat' dir='ltr'><strong>habentem,</strong></span> <span class='ocrx_word' id='word_1_335' title='bbox 1068 4221 1203 4277; x_wconf 80' lang='lat' dir='ltr'><strong>velle</strong></span> <span class='ocrx_word' id='word_1_336' title='bbox 1232 4222 1403 4277; x_wconf 90' lang='lat' dir='ltr'><strong>otioso</strong></span> <span class='ocrx_word' id='word_1_337' title='bbox 1427 4222 1528 4277; x_wconf 89' lang='lat' dir='ltr'><strong>sibi</strong></span> <span class='ocrx_word' id='word_1_338' title='bbox 1554 4222 1806 4278; x_wconf 89' lang='lat' dir='ltr'><strong>alimenta</strong></span> 
     </span>
    </p>
   </div>
   <div class='ocr_carea' id='block_1_44' title="bbox 218 4313 1804 4387">
    <p class='ocr_par' dir='ltr' id='par_1_44' title="bbox 218 4313 1804 4387">
     <span class='ocr_line' id='line_1_44' title="bbox 218 4313 1804 4387; baseline 0 -18"><span class='ocrx_word' id='word_1_339' title='bbox 218 4314 544 4387; x_wconf 86' lang='lat' dir='ltr'><strong>suppeditari</strong></span> <span class='ocrx_word' id='word_1_340' title='bbox 564 4330 580 4379; x_wconf 85' lang='lat'><strong>;</strong></span> <span class='ocrx_word' id='word_1_341' title='bbox 606 4314 741 4369; x_wconf 85' lang='lat' dir='ltr'><strong>forte</strong></span> <span class='ocrx_word' id='word_1_342' title='bbox 760 4328 947 4369; x_wconf 63' lang='lat' dir='ltr'><strong>servus</strong></span> <span class='ocrx_word' id='word_1_343' title='bbox 969 4313 1216 4384; x_wconf 83' lang='lat' dir='ltr'><strong>fugitivus</strong></span> <span class='ocrx_word' id='word_1_344' title='bbox 1236 4314 1420 4385; x_wconf 90' lang='lat' dir='ltr'><strong>estqui</strong></span> <span class='ocrx_word' id='word_1_345' title='bbox 1441 4313 1626 4370; x_wconf 91' lang='lat' dir='ltr'><strong>herum</strong></span> <span class='ocrx_word' id='word_1_346' title='bbox 1652 4328 1804 4369; x_wconf 90' lang='lat' dir='ltr'><strong>suum</strong></span> 
     </span>
    </p>
   </div>
   <div class='ocr_carea' id='block_1_45' title="bbox 220 4403 1806 4477">
    <p class='ocr_par' dir='ltr' id='par_1_45' title="bbox 220 4403 1806 4477">
     <span class='ocr_line' id='line_1_45' title="bbox 220 4403 1806 4477; baseline -0.001 -15"><span class='ocrx_word' id='word_1_347' title='bbox 220 4407 435 4477; x_wconf 89' lang='lat' dir='ltr'><strong>reliquit</strong></span> <span class='ocrx_word' id='word_1_348' title='bbox 462 4424 475 4459; x_wconf 89' lang='lat'><strong>:</strong></span> <span class='ocrx_word' id='word_1_349' title='bbox 506 4406 621 4461; x_wconf 66' lang='lat' dir='ltr'><strong>haec</strong></span> <span class='ocrx_word' id='word_1_350' title='bbox 650 4406 762 4476; x_wconf 91' lang='lat' dir='ltr'><strong>ipsa</strong></span> <span class='ocrx_word' id='word_1_351' title='bbox 791 4404 883 4460; x_wconf 90' lang='lat' dir='ltr'><strong>tibi</strong></span> <span class='ocrx_word' id='word_1_352' title='bbox 905 4405 1065 4460; x_wconf 88' lang='lat' dir='ltr'><strong>dicito</strong></span> <span class='ocrx_word' id='word_1_353' title='bbox 1090 4446 1105 4473; x_wconf 87' lang='lat'><strong>,</strong></span> <span class='ocrx_word' id='word_1_354' title='bbox 1131 4405 1239 4459; x_wconf 89' lang='lat' dir='ltr'><strong>imo</strong></span> <span class='ocrx_word' id='word_1_355' title='bbox 1265 4403 1331 4460; x_wconf 91' lang='lat' dir='ltr'><strong>da</strong></span> <span class='ocrx_word' id='word_1_356' title='bbox 1359 4405 1433 4460; x_wconf 90' lang='lat' dir='ltr'><strong>illi</strong></span> <span class='ocrx_word' id='word_1_357' title='bbox 1460 4404 1573 4460; x_wconf 59' lang='lat' dir='ltr'><strong>haec</strong></span> <span class='ocrx_word' id='word_1_358' title='bbox 1598 4404 1693 4461; x_wconf 88' lang='lat' dir='ltr'><strong>tibi</strong></span> <span class='ocrx_word' id='word_1_359' title='bbox 1721 4404 1806 4460; x_wconf 89' lang='lat' dir='ltr'><strong>di-</strong></span> 
     </span>
    </p>
   </div>
   <div class='ocr_carea' id='block_1_46' title="bbox 219 4497 1805 4569">
    <p class='ocr_par' dir='ltr' id='par_1_46' title="bbox 219 4497 1805 4569">
     <span class='ocr_line' id='line_1_46' title="bbox 219 4497 1805 4569; baseline -0.001 -14"><span class='ocrx_word' id='word_1_360' title='bbox 219 4501 368 4557; x_wconf 88' lang='lat' dir='ltr'><strong>cendi</strong></span> <span class='ocrx_word' id='word_1_361' title='bbox 398 4500 721 4565; x_wconf 89' lang='lat' dir='ltr'><strong>libertatem,</strong></span> <span class='ocrx_word' id='word_1_362' title='bbox 738 4499 1040 4569; x_wconf 91' lang='lat' dir='ltr'><strong>justiusqne</strong></span> <span class='ocrx_word' id='word_1_363' title='bbox 1062 4497 1202 4553; x_wconf 92' lang='lat' dir='ltr'><strong>dicet</strong></span> <span class='ocrx_word' id='word_1_364' title='bbox 1223 4498 1313 4554; x_wconf 88' lang='lat' dir='ltr'><strong>tibi</strong></span> <span class='ocrx_word' id='word_1_365' title='bbox 1340 4497 1656 4564; x_wconf 62' lang='lat' dir='ltr'><strong>:Pratfecor,</strong></span> <span class='ocrx_word' id='word_1_366' title='bbox 1685 4513 1805 4554; x_wconf 92' lang='lat' dir='ltr'><strong>cum</strong></span> 
     </span>
    </p>
   </div>
   <div class='ocr_carea' id='block_1_47' title="bbox 219 4591 1806 4663">
    <p class='ocr_par' dir='ltr' id='par_1_47' title="bbox 219 4591 1806 4663">
     <span class='ocr_line' id='line_1_47' title="bbox 219 4591 1806 4663; baseline -0.002 -15"><span class='ocrx_word' id='word_1_367' title='bbox 219 4596 371 4651; x_wconf 76' lang='lat' dir='ltr'><strong>\ideo</strong></span> <span class='ocrx_word' id='word_1_368' title='bbox 392 4604 467 4661; x_wconf 90' lang='lat' dir='ltr'><strong>te,</strong></span> <span class='ocrx_word' id='word_1_369' title='bbox 489 4609 653 4651; x_wconf 90' lang='lat' dir='ltr'><strong>sanus</strong></span> <span class='ocrx_word' id='word_1_370' title='bbox 676 4608 797 4649; x_wconf 90' lang='lat' dir='ltr'><strong>eum</strong></span> <span class='ocrx_word' id='word_1_371' title='bbox 821 4592 993 4660; x_wconf 70' lang='lat' dir='ltr'><strong>sis,in</strong></span> <span class='ocrx_word' id='word_1_372' title='bbox 1018 4592 1128 4647; x_wconf 90' lang='lat' dir='ltr'><strong>otio</strong></span> <span class='ocrx_word' id='word_1_373' title='bbox 1152 4591 1494 4663; x_wconf 84' lang='lat' dir='ltr'><strong>degere,nec</strong></span> <span class='ocrx_word' id='word_1_374' title='bbox 1521 4591 1806 4662; x_wconf 89' lang='lat' dir='ltr'><strong>quidquam</strong></span> 
     </span>
    </p>
   </div>
   <div class='ocr_carea' id='block_1_48' title="bbox 217 4684 1807 4759">
    <p class='ocr_par' dir='ltr' id='par_1_48' title="bbox 217 4684 1807 4759">
     <span class='ocr_line' id='line_1_48' title="bbox 217 4684 1807 4759; baseline -0.003 -14"><span class='ocrx_word' id='word_1_375' title='bbox 217 4705 401 4744; x_wconf 82' lang='lat' dir='ltr'><strong>eorum</strong></span> <span class='ocrx_word' id='word_1_376' title='bbox 432 4703 553 4759; x_wconf 67' lang='lat' dir='ltr'><strong>qua:</strong></span> <span class='ocrx_word' id='word_1_377' title='bbox 581 4686 675 4742; x_wconf 92' lang='lat' dir='ltr'><strong>tibi</strong></span> <span class='ocrx_word' id='word_1_378' title='bbox 708 4686 847 4741; x_wconf 90' lang='lat' dir='ltr'><strong>Deus</strong></span> <span class='ocrx_word' id='word_1_379' title='bbox 877 4686 1129 4757; x_wconf 82' lang='lat' dir='ltr'><strong>praecepit</strong></span> <span class='ocrx_word' id='word_1_380' title='bbox 1153 4684 1395 4755; x_wconf 83' lang='lat' dir='ltr'><strong>exsequi,</strong></span> <span class='ocrx_word' id='word_1_381' title='bbox 1422 4684 1518 4740; x_wconf 90' lang='lat' dir='ltr'><strong>sed</strong></span> <span class='ocrx_word' id='word_1_382' title='bbox 1541 4700 1572 4739; x_wconf 88' lang='lat' dir='ltr'><strong>a</strong></span> <span class='ocrx_word' id='word_1_383' title='bbox 1600 4684 1807 4740; x_wconf 87' lang='lat' dir='ltr'><strong>Domini</strong></span> 
     </span>
    </p>
   </div>
   <div class='ocr_carea' id='block_1_49' title="bbox 223 4776 1805 4853">
    <p class='ocr_par' dir='ltr' id='par_1_49' title="bbox 223 4776 1805 4853">
     <span class='ocr_line' id='line_1_49' title="bbox 223 4776 1805 4853; baseline -0.003 -17"><span class='ocrx_word' id='word_1_384' title='bbox 223 4780 502 4853; x_wconf 70' lang='lat' dir='ltr'><strong>prteceptis</strong></span> <span class='ocrx_word' id='word_1_385' title='bbox 539 4779 814 4849; x_wconf 88' lang='lat' dir='ltr'><strong>fugitivum</strong></span> <span class='ocrx_word' id='word_1_386' title='bbox 852 4776 1135 4832; x_wconf 89' lang='lat' dir='ltr'><strong>circumire</strong></span> <span class='ocrx_word' id='word_1_387' title='bbox 1171 4777 1224 4831; x_wconf 92' lang='lat' dir='ltr'><strong>in</strong></span> <span class='ocrx_word' id='word_1_388' title='bbox 1264 4776 1530 4848; x_wconf 87' lang='lat' dir='ltr'><strong>nequitia,</strong></span> <span class='ocrx_word' id='word_1_389' title='bbox 1561 4777 1710 4847; x_wconf 89' lang='lat' dir='ltr'><strong>quasi</strong></span> <span class='ocrx_word' id='word_1_390' title='bbox 1752 4777 1805 4832; x_wconf 90' lang='lat' dir='ltr'><strong>in</strong></span> 
     </span>
    </p>
   </div>
   <div class='ocr_carea' id='block_1_50' title="bbox 224 4868 1808 4939">
    <p class='ocr_par' dir='ltr' id='par_1_50' title="bbox 224 4868 1808 4939">
     <span class='ocr_line' id='line_1_50' title="bbox 224 4868 1808 4939; baseline -0.003 -13"><span class='ocrx_word' id='word_1_391' title='bbox 224 4874 561 4928; x_wconf 79' lang='lat' dir='ltr'><strong>aliena.ter:ra</strong></span> <span class='ocrx_word' id='word_1_392' title='bbox 588 4871 749 4925; x_wconf 89' lang='lat' dir='ltr'><strong>vitam</strong></span> <span class='ocrx_word' id='word_1_393' title='bbox 780 4877 1045 4939; x_wconf 89' lang='lat' dir='ltr'><strong>agentem,</strong></span> <span class='ocrx_word' id='word_1_394' title='bbox 1074 4868 1366 4935; x_wconf 86' lang='lat' dir='ltr'><strong>ebriosum,</strong></span> <span class='ocrx_word' id='word_1_395' title='bbox 1398 4868 1631 4939; x_wconf 85' lang='lat' dir='ltr'><strong>crapulae</strong></span> <span class='ocrx_word' id='word_1_396' title='bbox 1656 4868 1808 4923; x_wconf 80' lang='lat' dir='ltr'><strong>dedi—</strong></span> 
     </span>
    </p>
   </div>
   <div class='ocr_carea' id='block_1_51' title="bbox 224 4960 1803 5032">
    <p class='ocr_par' dir='ltr' id='par_1_51' title="bbox 224 4960 1803 5032">
     <span class='ocr_line' id='line_1_51' title="bbox 224 4960 1803 5032; baseline 0 -15"><span class='ocrx_word' id='word_1_397' title='bbox 224 4973 352 5027; x_wconf 80' lang='lat' dir='ltr'><strong>ttun,</strong></span> <span class='ocrx_word' id='word_1_398' title='bbox 386 4966 577 5026; x_wconf 68' lang='lat' dir='ltr'><strong>furem,</strong></span> <span class='ocrx_word' id='word_1_399' title='bbox 610 4970 897 5032; x_wconf 88' lang='lat' dir='ltr'><strong>raptorem,</strong></span> <span class='ocrx_word' id='word_1_400' title='bbox 928 4962 1128 5016; x_wconf 86' lang='lat' dir='ltr'><strong>alienas</strong></span> <span class='ocrx_word' id='word_1_401' title='bbox 1165 4960 1564 5016; x_wconf 88' lang='lat' dir='ltr'><strong>subvertentem</strong></span> <span class='ocrx_word' id='word_1_402' title='bbox 1595 4961 1803 5017; x_wconf 87' lang='lat' dir='ltr'><strong>domos.</strong></span> 
     </span>
    </p>
   </div>
   <div class='ocr_carea' id='block_1_52' title="bbox 224 5052 1810 5124">
    <p class='ocr_par' dir='ltr' id='par_1_52' title="bbox 224 5052 1810 5124">
     <span class='ocr_line' id='line_1_52' title="bbox 224 5052 1810 5124; baseline -0.002 -12"><span class='ocrx_word' id='word_1_403' title='bbox 224 5056 299 5112; x_wconf 85' lang='lat' dir='ltr'><strong>Tu</strong></span> <span class='ocrx_word' id='word_1_404' title='bbox 335 5072 423 5112; x_wconf 89' lang='lat' dir='ltr'><strong>me</strong></span> <span class='ocrx_word' id='word_1_405' title='bbox 450 5056 519 5111; x_wconf 90' lang='lat' dir='ltr'><strong>de</strong></span> <span class='ocrx_word' id='word_1_406' title='bbox 543 5054 654 5110; x_wconf 91' lang='lat' dir='ltr'><strong>otio</strong></span> <span class='ocrx_word' id='word_1_407' title='bbox 680 5068 936 5120; x_wconf 88' lang='lat' dir='ltr'><strong>accusas,</strong></span> <span class='ocrx_word' id='word_1_408' title='bbox 978 5068 1077 5124; x_wconf 79' lang='lat' dir='ltr'><strong>ego</strong></span> <span class='ocrx_word' id='word_1_409' title='bbox 1115 5062 1165 5109; x_wconf 90' lang='lat' dir='ltr'><strong>te</strong></span> <span class='ocrx_word' id='word_1_410' title='bbox 1204 5052 1270 5108; x_wconf 90' lang='lat' dir='ltr'><strong>de</strong></span> <span class='ocrx_word' id='word_1_411' title='bbox 1304 5053 1481 5124; x_wconf 86' lang='lat' dir='ltr'><strong>pravis</strong></span> <span class='ocrx_word' id='word_1_412' title='bbox 1518 5053 1810 5123; x_wconf 87' lang='lat' dir='ltr'><strong>operibus,</strong></span> 
     </span>
    </p>
   </div>
   <div class='ocr_carea' id='block_1_53' title="bbox 226 5144 1807 5220">
    <p class='ocr_par' dir='ltr' id='par_1_53' title="bbox 226 5144 1807 5220">
     <span class='ocr_line' id='line_1_53' title="bbox 226 5144 1807 5220; baseline -0.002 -16"><span class='ocrx_word' id='word_1_413' title='bbox 226 5149 431 5220; x_wconf 84' lang='lat' dir='ltr'><strong>quando</strong></span> <span class='ocrx_word' id='word_1_414' title='bbox 454 5147 745 5215; x_wconf 87' lang='lat' dir='ltr'><strong>insidiaris,</strong></span> <span class='ocrx_word' id='word_1_415' title='bbox 762 5147 933 5216; x_wconf 89' lang='lat' dir='ltr'><strong>juras,</strong></span> <span class='ocrx_word' id='word_1_416' title='bbox 958 5145 1218 5212; x_wconf 89' lang='lat' dir='ltr'><strong>mentiris,</strong></span> <span class='ocrx_word' id='word_1_417' title='bbox 1236 5144 1400 5214; x_wconf 88' lang='lat' dir='ltr'><strong>rapis,</strong></span> <span class='ocrx_word' id='word_1_418' title='bbox 1423 5146 1807 5216; x_wconf 88' lang='lat' dir='ltr'><strong>innumeraque</strong></span> 
     </span>
    </p>
   </div>
   <div class='ocr_carea' id='block_1_54' title="bbox 228 5241 883 5314">
    <p class='ocr_par' dir='ltr' id='par_1_54' title="bbox 228 5241 883 5314">
     <span class='ocr_line' id='line_1_54' title="bbox 228 5241 883 5314; baseline -0.008 -16"><span class='ocrx_word' id='word_1_419' title='bbox 228 5241 588 5314; x_wconf 86' lang='lat' dir='ltr'><strong>hujuscemodi</strong></span> <span class='ocrx_word' id='word_1_420' title='bbox 622 5242 883 5312; x_wconf 85' lang='lat' dir='ltr'><strong>Operaris.</strong></span> 
     </span>
    </p>
   </div>
   <div class='ocr_carea' id='block_1_55' title="bbox 292 5331 1805 5405">
    <p class='ocr_par' dir='ltr' id='par_1_55' title="bbox 292 5331 1805 5405">
     <span class='ocr_line' id='line_1_55' title="bbox 292 5331 1805 5405; baseline -0.004 -13"><span class='ocrx_word' id='word_1_421' title='bbox 292 5339 343 5392; x_wconf 70' lang='grc' dir='ltr'><strong>Δ.</strong></span> <span class='ocrx_word' id='word_1_422' title='bbox 386 5336 724 5403; x_wconf 80' lang='lat' dir='ltr'><strong>Eleemosyna</strong></span> <span class='ocrx_word' id='word_1_423' title='bbox 755 5332 1036 5405; x_wconf 85' lang='lat' dir='ltr'><strong>eroganda.</strong></span> <span class='ocrx_word' id='word_1_424' title='bbox 1075 5331 1233 5387; x_wconf 73' lang='lat' dir='ltr'><strong>Vana:</strong></span> <span class='ocrx_word' id='word_1_425' title='bbox 1259 5332 1576 5387; x_wconf 84' lang='lat' dir='ltr'><strong>causationes</strong></span> <span class='ocrx_word' id='word_1_426' title='bbox 1624 5332 1805 5386; x_wconf 85' lang='lat' dir='ltr'><strong>redar-</strong></span> 
     </span>
    </p>
   </div>
   <div class='ocr_carea' id='block_1_56' title="bbox 228 5425 1808 5502">
    <p class='ocr_par' dir='ltr' id='par_1_56' title="bbox 228 5425 1808 5502">
     <span class='ocr_line' id='line_1_56' title="bbox 228 5425 1808 5502; baseline -0.005 -16"><span class='ocrx_word' id='word_1_427' title='bbox 228 5428 671 5502; x_wconf 79' lang='lat' dir='ltr'><strong>guuntur.——ll:ec</strong></span> <span class='ocrx_word' id='word_1_428' title='bbox 693 5442 871 5483; x_wconf 83' lang='lat' dir='ltr'><strong>autem</strong></span> <span class='ocrx_word' id='word_1_429' title='bbox 891 5426 1013 5482; x_wconf 91' lang='lat' dir='ltr'><strong>dico</strong></span> <span class='ocrx_word' id='word_1_430' title='bbox 1031 5442 1136 5482; x_wconf 87' lang='lat' dir='ltr'><strong>non</strong></span> <span class='ocrx_word' id='word_1_431' title='bbox 1156 5425 1299 5498; x_wconf 90' lang='lat' dir='ltr'><strong>quod</strong></span> <span class='ocrx_word' id='word_1_432' title='bbox 1315 5427 1515 5480; x_wconf 85' lang='lat' dir='ltr'><strong>otiosos</strong></span> <span class='ocrx_word' id='word_1_433' title='bbox 1538 5425 1655 5497; x_wconf 88' lang='lat' dir='ltr'><strong>lege</strong></span> <span class='ocrx_word' id='word_1_434' title='bbox 1680 5441 1808 5480; x_wconf 82' lang='lat' dir='ltr'><strong>con-</strong></span> 
     </span>
    </p>
   </div>
   <div class='ocr_carea' id='block_1_57' title="bbox 230 5518 1809 5591">
    <p class='ocr_par' dir='ltr' id='par_1_57' title="bbox 230 5518 1809 5591">
     <span class='ocr_line' id='line_1_57' title="bbox 230 5518 1809 5591; baseline -0.005 -12"><span class='ocrx_word' id='word_1_435' title='bbox 230 5525 432 5581; x_wconf 83' lang='lat' dir='ltr'><strong>tinuem</strong></span> <span class='ocrx_word' id='word_1_436' title='bbox 458 5541 472 5577; x_wconf 89' lang='lat'><strong>:</strong></span> <span class='ocrx_word' id='word_1_437' title='bbox 501 5522 672 5588; x_wconf 89' lang='lat' dir='ltr'><strong>absit;</strong></span> <span class='ocrx_word' id='word_1_438' title='bbox 704 5536 894 5577; x_wconf 90' lang='lat' dir='ltr'><strong>omnes</strong></span> <span class='ocrx_word' id='word_1_439' title='bbox 924 5520 1119 5591; x_wconf 87' lang='lat' dir='ltr'><strong>quippe</strong></span> <span class='ocrx_word' id='word_1_440' title='bbox 1149 5519 1362 5591; x_wconf 87' lang='lat' dir='ltr'><strong>operari</strong></span> <span class='ocrx_word' id='word_1_441' title='bbox 1387 5520 1577 5589; x_wconf 90' lang='lat' dir='ltr'><strong>cupio:</strong></span> <span class='ocrx_word' id='word_1_442' title='bbox 1606 5518 1809 5578; x_wconf 80' lang='lat' dir='ltr'><strong>desidia</strong></span> 
     </span>
    </p>
   </div>
   <div class='ocr_carea' id='block_1_58' title="bbox 230 5610 1811 5682">
    <p class='ocr_par' dir='ltr' id='par_1_58' title="bbox 230 5610 1811 5682">
     <span class='ocr_line' id='line_1_58' title="bbox 230 5610 1811 5682; baseline -0.006 -9"><span class='ocrx_word' id='word_1_443' title='bbox 230 5617 369 5673; x_wconf 85' lang='lat' dir='ltr'><strong>enim</strong></span> <span class='ocrx_word' id='word_1_444' title='bbox 410 5631 574 5671; x_wconf 90' lang='lat' dir='ltr'><strong>omne</strong></span> <span class='ocrx_word' id='word_1_445' title='bbox 614 5614 797 5669; x_wconf 87' lang='lat' dir='ltr'><strong>vitium</strong></span> <span class='ocrx_word' id='word_1_446' title='bbox 828 5611 1178 5678; x_wconf 86' lang='lat' dir='ltr'><strong>edocet;sed</strong></span> <span class='ocrx_word' id='word_1_447' title='bbox 1208 5627 1339 5682; x_wconf 85' lang='lat' dir='ltr'><strong>rogo</strong></span> <span class='ocrx_word' id='word_1_448' title='bbox 1370 5627 1434 5665; x_wconf 91' lang='lat' dir='ltr'><strong>ne</strong></span> <span class='ocrx_word' id='word_1_449' title='bbox 1465 5611 1583 5666; x_wconf 88' lang='lat' dir='ltr'><strong>duri</strong></span> <span class='ocrx_word' id='word_1_450' title='bbox 1615 5610 1698 5665; x_wconf 85' lang='lat' dir='ltr'><strong>vel</strong></span> <span class='ocrx_word' id='word_1_451' title='bbox 1730 5611 1811 5664; x_wconf 86' lang='lat' dir='ltr'><strong>in-</strong></span> 
     </span>
    </p>
   </div>
   <div class='ocr_carea' id='block_1_59' title="bbox 230 5704 1813 5776">
    <p class='ocr_par' dir='ltr' id='par_1_59' title="bbox 230 5704 1813 5776">
     <span class='ocr_line' id='line_1_59' title="bbox 230 5704 1813 5776; baseline -0.004 -11"><span class='ocrx_word' id='word_1_452' title='bbox 230 5710 440 5765; x_wconf 89' lang='lat' dir='ltr'><strong>humani</strong></span> <span class='ocrx_word' id='word_1_453' title='bbox 478 5709 615 5765; x_wconf 86' lang='lat' dir='ltr'><strong>sitis.</strong></span> <span class='ocrx_word' id='word_1_454' title='bbox 647 5706 1082 5776; x_wconf 89' lang='lat' dir='ltr'><strong>Quandoquidem</strong></span> <span class='ocrx_word' id='word_1_455' title='bbox 1132 5704 1325 5760; x_wconf 85' lang='lat' dir='ltr'><strong>Paulus</strong></span> <span class='ocrx_word' id='word_1_456' title='bbox 1369 5704 1533 5759; x_wconf 89' lang='lat' dir='ltr'><strong>multa</strong></span> <span class='ocrx_word' id='word_1_457' title='bbox 1579 5718 1813 5774; x_wconf 83' lang='lat' dir='ltr'><strong>conque-</strong></span> 
     </span>
    </p>
   </div>
   <div class='ocr_carea' id='block_1_60' title="bbox 228 5796 1804 5871">
    <p class='ocr_par' dir='ltr' id='par_1_60' title="bbox 228 5796 1804 5871">
     <span class='ocr_line' id='line_1_60' title="bbox 228 5796 1804 5871; baseline -0.006 -11"><span class='ocrx_word' id='word_1_458' title='bbox 228 5815 377 5869; x_wconf 73' lang='lat' dir='ltr'><strong>stus,</strong></span> <span class='ocrx_word' id='word_1_459' title='bbox 408 5817 531 5857; x_wconf 88' lang='lat' dir='ltr'><strong>cum</strong></span> <span class='ocrx_word' id='word_1_460' title='bbox 590 5801 852 5870; x_wconf 80' lang='lat' dir='ltr'><strong>dixisset,</strong></span> <span class='ocrx_word' id='word_1_461' title='bbox 900 5800 960 5856; x_wconf 90' lang='lat' dir='ltr'><strong>Si</strong></span> <span class='ocrx_word' id='word_1_462' title='bbox 997 5799 1108 5871; x_wconf 83' lang='lat' dir='ltr'><strong>quis</strong></span> <span class='ocrx_word' id='word_1_463' title='bbox 1148 5814 1248 5853; x_wconf 86' lang='lat' dir='ltr'><strong>non</strong></span> <span class='ocrx_word' id='word_1_464' title='bbox 1292 5797 1392 5853; x_wconf 76' lang='lat' dir='ltr'><strong>vult</strong></span> <span class='ocrx_word' id='word_1_465' title='bbox 1437 5796 1672 5869; x_wconf 81' lang='lat' dir='ltr'><strong>aperari,</strong></span> <span class='ocrx_word' id='word_1_466' title='bbox 1716 5812 1804 5853; x_wconf 79' lang='lat' dir='ltr'><strong>nec</strong></span> 
     </span>
    </p>
   </div>
   <div class='ocr_carea' id='block_1_61' title="bbox 1167 316 2606 380">
    <p class='ocr_par' dir='ltr' id='par_1_61' title="bbox 1167 316 2606 380">
     <span class='ocr_line' id='line_1_61' title="bbox 1167 316 2606 380; baseline 0.001 -4"><span class='ocrx_word' id='word_1_467' title='bbox 1167 318 1235 376; x_wconf 79' lang='lat' dir='ltr'><strong>IN</strong></span> <span class='ocrx_word' id='word_1_468' title='bbox 1272 316 1676 376; x_wconf 68' lang='grc' dir='ltr'><strong>ΜΑτΤΙΙιιΕῧΜ</strong></span> <span class='ocrx_word' id='word_1_469' title='bbox 1718 316 1947 374; x_wconf 72' lang='grc' dir='ltr'><strong>ΙῙΟΜΙΙη</strong></span> <span class='ocrx_word' id='word_1_470' title='bbox 1992 317 2209 376; x_wconf 69' lang='lat' dir='ltr'><strong>XXXV.</strong></span> <span class='ocrx_word' id='word_1_471' title='bbox 2252 321 2322 379; x_wconf 91' lang='lat' dir='ltr'><strong>al.</strong></span> <span class='ocrx_word' id='word_1_472' title='bbox 2364 320 2606 380; x_wconf 70' lang='lat' dir='ltr'><strong>XXXVI.</strong></span> 
     </span>
    </p>
   </div>
   <div class='ocr_carea' id='block_1_62' title="bbox 3421 331 3526 388">
    <p class='ocr_par' dir='ltr' id='par_1_62' title="bbox 3421 331 3526 388">
     <span class='ocr_line' id='line_1_62' title="bbox 3421 331 3526 388; baseline 0.019 -3"><span class='ocrx_word' id='word_1_473' title='bbox 3421 331 3526 388; x_wconf 73' lang='grc'><strong>410</strong></span> 
     </span>
    </p>
   </div>
   <div class='ocr_carea' id='block_1_63' title="bbox 1942 428 3519 509">
    <p class='ocr_par' dir='ltr' id='par_1_63' title="bbox 1942 428 3519 509">
     <span class='ocr_line' id='line_1_63' title="bbox 1942 428 3519 509; baseline 0.006 -23"><span class='ocrx_word' id='word_1_474' title='bbox 1942 434 2209 491; x_wconf 75' lang='lat' dir='ltr'><strong>manducet</strong></span> <span class='ocrx_word' id='word_1_475' title='bbox 2257 434 2333 509; x_wconf 70' lang='lat'><strong>(3.</strong></span> <span class='ocrx_word' id='word_1_476' title='bbox 2384 435 2565 493; x_wconf 81' lang='lat' dir='ltr'><strong>Thess.</strong></span> <span class='ocrx_word' id='word_1_477' title='bbox 2605 438 2660 493; x_wconf 68' lang='grc' dir='ltr'><strong>ὃς</strong></span> <span class='ocrx_word' id='word_1_478' title='bbox 2703 428 2955 508; x_wconf 71' lang='grc' dir='ltr'><strong>10)έηοη</strong></span> <span class='ocrx_word' id='word_1_479' title='bbox 2998 439 3085 496; x_wconf 91' lang='lat' dir='ltr'><strong>hic</strong></span> <span class='ocrx_word' id='word_1_480' title='bbox 3127 438 3285 495; x_wconf 70' lang='lat' dir='ltr'><strong>linem</strong></span> <span class='ocrx_word' id='word_1_481' title='bbox 3312 440 3519 498; x_wconf 78' lang='lat' dir='ltr'><strong>dicendi</strong></span> 
     </span>
    </p>
   </div>
   <div class='ocr_carea' id='block_1_64' title="bbox 1938 527 3518 601">
    <p class='ocr_par' dir='ltr' id='par_1_64' title="bbox 1938 527 3518 601">
     <span class='ocr_line' id='line_1_64' title="bbox 1938 527 3518 601; baseline 0.004 -20"><span class='ocrx_word' id='word_1_482' title='bbox 1938 528 2095 595; x_wconf 85' lang='lat' dir='ltr'><strong>fecit,</strong></span> <span class='ocrx_word' id='word_1_483' title='bbox 2144 528 2239 584; x_wconf 87' lang='lat' dir='ltr'><strong>sed</strong></span> <span class='ocrx_word' id='word_1_484' title='bbox 2283 528 2517 599; x_wconf 86' lang='lat' dir='ltr'><strong>adjecit:</strong></span> <span class='ocrx_word' id='word_1_485' title='bbox 2559 527 2659 583; x_wconf 86' lang='lat' dir='ltr'><strong>Vos</strong></span> <span class='ocrx_word' id='word_1_486' title='bbox 2700 538 2869 584; x_wconf 86' lang='lat' dir='ltr'><strong>autem</strong></span> <span class='ocrx_word' id='word_1_487' title='bbox 2905 547 3007 586; x_wconf 87' lang='lat' dir='ltr'><strong>non</strong></span> <span class='ocrx_word' id='word_1_488' title='bbox 3046 532 3518 601; x_wconf 72' lang='lat' dir='ltr'><strong>deﬁciatis.bomun</strong></span> 
     </span>
    </p>
   </div>
   <div class='ocr_carea' id='block_1_65' title="bbox 1936 618 3519 693">
    <p class='ocr_par' dir='ltr' id='par_1_65' title="bbox 1936 618 3519 693">
     <span class='ocr_line' id='line_1_65' title="bbox 1936 618 3519 693; baseline 0.003 -21"><span class='ocrx_word' id='word_1_489' title='bbox 1936 620 2188 690; x_wconf 76' lang='lat' dir='ltr'><strong>facientes</strong></span> <span class='ocrx_word' id='word_1_490' title='bbox 2208 618 2369 691; x_wconf 87' lang='lat' dir='ltr'><strong>(Ibid.</strong></span> <span class='ocrx_word' id='word_1_491' title='bbox 2399 637 2448 676; x_wconf 66' lang='lat' dir='ltr'><strong>tt.</strong></span> <span class='ocrx_word' id='word_1_492' title='bbox 2486 619 2599 693; x_wconf 77' lang='grc'><strong>15).</strong></span> <span class='ocrx_word' id='word_1_493' title='bbox 2649 621 2807 693; x_wconf 79' lang='lat' dir='ltr'><strong>Atqui</strong></span> <span class='ocrx_word' id='word_1_494' title='bbox 2841 621 2955 677; x_wconf 71' lang='lat' dir='ltr'><strong>haec</strong></span> <span class='ocrx_word' id='word_1_495' title='bbox 2981 625 3249 679; x_wconf 88' lang='lat' dir='ltr'><strong>contraria</strong></span> <span class='ocrx_word' id='word_1_496' title='bbox 3276 634 3421 679; x_wconf 90' lang='lat' dir='ltr'><strong>sunt.</strong></span> <span class='ocrx_word' id='word_1_497' title='bbox 3459 624 3519 679; x_wconf 90' lang='lat' dir='ltr'><strong>Si</strong></span> 
     </span>
    </p>
   </div>
   <div class='ocr_carea' id='block_1_66' title="bbox 1934 711 3514 782">
    <p class='ocr_par' dir='ltr' id='par_1_66' title="bbox 1934 711 3514 782">
     <span class='ocr_line' id='line_1_66' title="bbox 1934 711 3514 782; baseline 0.003 -16"><span class='ocrx_word' id='word_1_498' title='bbox 1934 711 2076 766; x_wconf 89' lang='lat' dir='ltr'><strong>enim</strong></span> <span class='ocrx_word' id='word_1_499' title='bbox 2107 711 2406 782; x_wconf 66' lang='lat' dir='ltr'><strong>praecepisti</strong></span> <span class='ocrx_word' id='word_1_500' title='bbox 2431 727 2499 768; x_wconf 91' lang='lat' dir='ltr'><strong>ne</strong></span> <span class='ocrx_word' id='word_1_501' title='bbox 2524 713 2809 769; x_wconf 78' lang='lat' dir='ltr'><strong>comedunt</strong></span> <span class='ocrx_word' id='word_1_502' title='bbox 2830 713 3010 780; x_wconf 90' lang='lat' dir='ltr'><strong>otiosi,</strong></span> <span class='ocrx_word' id='word_1_503' title='bbox 3039 728 3134 770; x_wconf 89' lang='lat' dir='ltr'><strong>cur</strong></span> <span class='ocrx_word' id='word_1_504' title='bbox 3160 729 3259 770; x_wconf 93' lang='lat' dir='ltr'><strong>nos</strong></span> <span class='ocrx_word' id='word_1_505' title='bbox 3288 715 3354 771; x_wconf 90' lang='lat' dir='ltr'><strong>ad</strong></span> <span class='ocrx_word' id='word_1_506' title='bbox 3380 716 3514 771; x_wconf 86' lang='lat' dir='ltr'><strong>dan-</strong></span> 
     </span>
    </p>
   </div>
   <div class='ocr_carea' id='block_1_67' title="bbox 1932 803 3515 878">
    <p class='ocr_par' dir='ltr' id='par_1_67' title="bbox 1932 803 3515 878">
     <span class='ocr_line' id='line_1_67' title="bbox 1932 803 3515 878; baseline 0.003 -19"><span class='ocrx_word' id='word_1_507' title='bbox 1932 804 2060 860; x_wconf 86' lang='lat' dir='ltr'><strong>dum</strong></span> <span class='ocrx_word' id='word_1_508' title='bbox 2103 803 2374 862; x_wconf 84' lang='lat' dir='ltr'><strong>hortaris?</strong></span> <span class='ocrx_word' id='word_1_509' title='bbox 2414 805 2624 874; x_wconf 83' lang='lat' dir='ltr'><strong>Etiam,</strong></span> <span class='ocrx_word' id='word_1_510' title='bbox 2656 806 2872 878; x_wconf 72' lang='lat' dir='ltr'><strong>inquit,</strong></span> <span class='ocrx_word' id='word_1_511' title='bbox 2903 807 3039 877; x_wconf 85' lang='lat' dir='ltr'><strong>jussi</strong></span> <span class='ocrx_word' id='word_1_512' title='bbox 3083 808 3205 865; x_wconf 81' lang='lat' dir='ltr'><strong>illos</strong></span> <span class='ocrx_word' id='word_1_513' title='bbox 3243 810 3515 873; x_wconf 87' lang='lat' dir='ltr'><strong>aversari,</strong></span> 
     </span>
    </p>
   </div>
   <div class='ocr_carea' id='block_1_68' title="bbox 1932 897 3525 972">
    <p class='ocr_par' dir='ltr' id='par_1_68' title="bbox 1932 897 3525 972">
     <span class='ocr_line' id='line_1_68' title="bbox 1932 897 3525 972; baseline 0.003 -21"><span class='ocrx_word' id='word_1_514' title='bbox 1932 912 2032 952; x_wconf 88' lang='lat' dir='ltr'><strong>nec</strong></span> <span class='ocrx_word' id='word_1_515' title='bbox 2059 910 2118 953; x_wconf 89' lang='lat' dir='ltr'><strong>se</strong></span> <span class='ocrx_word' id='word_1_516' title='bbox 2146 897 2370 955; x_wconf 90' lang='lat' dir='ltr'><strong>miscere</strong></span> <span class='ocrx_word' id='word_1_517' title='bbox 2409 914 2532 955; x_wconf 90' lang='lat' dir='ltr'><strong>cum</strong></span> <span class='ocrx_word' id='word_1_518' title='bbox 2574 900 2704 966; x_wconf 82' lang='lat' dir='ltr'><strong>illis,</strong></span> <span class='ocrx_word' id='word_1_519' title='bbox 2751 916 3070 972; x_wconf 88' lang='lat' dir='ltr'><strong>rursumque</strong></span> <span class='ocrx_word' id='word_1_520' title='bbox 3099 902 3244 967; x_wconf 86' lang='lat' dir='ltr'><strong>dixi,</strong></span> <span class='ocrx_word' id='word_1_521' title='bbox 3277 901 3358 957; x_wconf 85' lang='lat' dir='ltr'><strong>Ne</strong></span> <span class='ocrx_word' id='word_1_522' title='bbox 3401 904 3525 957; x_wconf 78' lang='lat' dir='ltr'><strong>illos</strong></span> 
     </span>
    </p>
   </div>
   <div class='ocr_carea' id='block_1_69' title="bbox 1930 990 3515 1064">
    <p class='ocr_par' dir='ltr' id='par_1_69' title="bbox 1930 990 3515 1064">
     <span class='ocr_line' id='line_1_69' title="bbox 1930 990 3515 1064; baseline 0.002 -20"><span class='ocrx_word' id='word_1_523' title='bbox 1930 990 2160 1045; x_wconf 83' lang='lat' dir='ltr'><strong>inimicos</strong></span> <span class='ocrx_word' id='word_1_524' title='bbox 2179 991 2364 1062; x_wconf 80' lang='lat' dir='ltr'><strong>putetis</strong></span> <span class='ocrx_word' id='word_1_525' title='bbox 2382 1033 2398 1059; x_wconf 91' lang='lat'><strong>,</strong></span> <span class='ocrx_word' id='word_1_526' title='bbox 2423 991 2523 1045; x_wconf 69' lang='lat' dir='ltr'><strong>sed</strong></span> <span class='ocrx_word' id='word_1_527' title='bbox 2536 991 2797 1047; x_wconf 83' lang='lat' dir='ltr'><strong>admonete</strong></span> <span class='ocrx_word' id='word_1_528' title='bbox 2825 991 2983 1063; x_wconf 86' lang='lat' dir='ltr'><strong>(Ibid.</strong></span> <span class='ocrx_word' id='word_1_529' title='bbox 3009 1010 3056 1048; x_wconf 83' lang='grc' dir='ltr'><strong>υ.</strong></span> <span class='ocrx_word' id='word_1_530' title='bbox 3082 995 3169 1064; x_wconf 79' lang='grc'><strong>15)</strong></span> <span class='ocrx_word' id='word_1_531' title='bbox 3203 1012 3216 1048; x_wconf 91' lang='lat'><strong>:</strong></span> <span class='ocrx_word' id='word_1_532' title='bbox 3256 1011 3360 1049; x_wconf 83' lang='lat' dir='ltr'><strong>non</strong></span> <span class='ocrx_word' id='word_1_533' title='bbox 3386 1010 3515 1050; x_wconf 84' lang='lat' dir='ltr'><strong>cun-</strong></span> 
     </span>
    </p>
   </div>
   <div class='ocr_carea' id='block_1_70' title="bbox 1932 1081 3515 1153">
    <p class='ocr_par' dir='ltr' id='par_1_70' title="bbox 1932 1081 3515 1153">
     <span class='ocr_line' id='line_1_70' title="bbox 1932 1081 3515 1153; baseline 0.001 -16"><span class='ocrx_word' id='word_1_534' title='bbox 1932 1082 2102 1137; x_wconf 86' lang='lat' dir='ltr'><strong>traria</strong></span> <span class='ocrx_word' id='word_1_535' title='bbox 2120 1081 2470 1153; x_wconf 67' lang='lat' dir='ltr'><strong>praecipiens,</strong></span> <span class='ocrx_word' id='word_1_536' title='bbox 2496 1081 2591 1137; x_wconf 91' lang='lat' dir='ltr'><strong>sed</strong></span> <span class='ocrx_word' id='word_1_537' title='bbox 2618 1081 2904 1139; x_wconf 91' lang='lat' dir='ltr'><strong>admodum</strong></span> <span class='ocrx_word' id='word_1_538' title='bbox 2932 1098 3187 1139; x_wconf 88' lang='lat' dir='ltr'><strong>consona.</strong></span> <span class='ocrx_word' id='word_1_539' title='bbox 3219 1084 3351 1139; x_wconf 89' lang='lat' dir='ltr'><strong>Nam</strong></span> <span class='ocrx_word' id='word_1_540' title='bbox 3384 1086 3426 1140; x_wconf 91' lang='lat' dir='ltr'><strong>si</strong></span> <span class='ocrx_word' id='word_1_541' title='bbox 3458 1093 3515 1139; x_wconf 92' lang='lat' dir='ltr'><strong>tu</strong></span> 
     </span>
    </p>
   </div>
   <div class='ocr_carea' id='block_1_71' title="bbox 1931 1174 3509 1249">
    <p class='ocr_par' dir='ltr' id='par_1_71' title="bbox 1931 1174 3509 1249">
     <span class='ocr_line' id='line_1_71' title="bbox 1931 1174 3509 1249; baseline -0.001 -18"><span class='ocrx_word' id='word_1_542' title='bbox 1931 1174 1997 1231; x_wconf 90' lang='lat' dir='ltr'><strong>ad</strong></span> <span class='ocrx_word' id='word_1_543' title='bbox 2040 1175 2436 1247; x_wconf 80' lang='lat' dir='ltr'><strong>eleemosynam</strong></span> <span class='ocrx_word' id='word_1_544' title='bbox 2483 1178 2807 1247; x_wconf 87' lang='lat' dir='ltr'><strong>erogandam</strong></span> <span class='ocrx_word' id='word_1_545' title='bbox 2848 1178 2923 1233; x_wconf 91' lang='lat' dir='ltr'><strong>sis</strong></span> <span class='ocrx_word' id='word_1_546' title='bbox 2951 1189 3205 1248; x_wconf 88' lang='lat' dir='ltr'><strong>paratus,</strong></span> <span class='ocrx_word' id='word_1_547' title='bbox 3241 1180 3348 1234; x_wconf 92' lang='lat' dir='ltr'><strong>cito</strong></span> <span class='ocrx_word' id='word_1_548' title='bbox 3378 1194 3509 1249; x_wconf 89' lang='lat' dir='ltr'><strong>pan-</strong></span> 
     </span>
    </p>
   </div>
   <div class='ocr_carea' id='block_1_72' title="bbox 1928 1270 3511 1340">
    <p class='ocr_par' dir='ltr' id='par_1_72' title="bbox 1928 1270 3511 1340">
     <span class='ocr_line' id='line_1_72' title="bbox 1928 1270 3511 1340; baseline 0 -15"><span class='ocrx_word' id='word_1_549' title='bbox 1928 1283 2025 1340; x_wconf 88' lang='lat' dir='ltr'><strong>per</strong></span> <span class='ocrx_word' id='word_1_550' title='bbox 2054 1270 2142 1324; x_wconf 91' lang='lat' dir='ltr'><strong>ille</strong></span> <span class='ocrx_word' id='word_1_551' title='bbox 2167 1270 2233 1324; x_wconf 92' lang='lat' dir='ltr'><strong>ab</strong></span> <span class='ocrx_word' id='word_1_552' title='bbox 2258 1272 2369 1325; x_wconf 92' lang='lat' dir='ltr'><strong>otio</strong></span> <span class='ocrx_word' id='word_1_553' title='bbox 2395 1271 2660 1337; x_wconf 89' lang='lat' dir='ltr'><strong>discedet,</strong></span> <span class='ocrx_word' id='word_1_554' title='bbox 2695 1280 2749 1327; x_wconf 92' lang='lat' dir='ltr'><strong>et</strong></span> <span class='ocrx_word' id='word_1_555' title='bbox 2785 1280 2840 1327; x_wconf 93' lang='lat' dir='ltr'><strong>tu</strong></span> <span class='ocrx_word' id='word_1_556' title='bbox 2876 1272 2944 1327; x_wconf 90' lang='lat' dir='ltr'><strong>ab</strong></span> <span class='ocrx_word' id='word_1_557' title='bbox 2986 1271 3392 1327; x_wconf 87' lang='lat' dir='ltr'><strong>inhumanitate.</strong></span> <span class='ocrx_word' id='word_1_558' title='bbox 3441 1272 3511 1325; x_wconf 83' lang='lat' dir='ltr'><strong>At</strong></span> 
     </span>
    </p>
   </div>
   <div class='ocr_carea' id='block_1_73' title="bbox 1925 1361 3504 1433">
    <p class='ocr_par' dir='ltr' id='par_1_73' title="bbox 1925 1361 3504 1433">
     <span class='ocr_line' id='line_1_73' title="bbox 1925 1361 3504 1433; baseline 0.001 -17"><span class='ocrx_word' id='word_1_559' title='bbox 1925 1362 2202 1427; x_wconf 90' lang='lat' dir='ltr'><strong>mentitur,</strong></span> <span class='ocrx_word' id='word_1_560' title='bbox 2226 1361 2453 1431; x_wconf 88' lang='lat' dir='ltr'><strong>inquies,</strong></span> <span class='ocrx_word' id='word_1_561' title='bbox 2479 1371 2535 1418; x_wconf 91' lang='lat' dir='ltr'><strong>et</strong></span> <span class='ocrx_word' id='word_1_562' title='bbox 2558 1362 2721 1417; x_wconf 90' lang='lat' dir='ltr'><strong>multa</strong></span> <span class='ocrx_word' id='word_1_563' title='bbox 2744 1362 3017 1433; x_wconf 85' lang='lat' dir='ltr'><strong>confingit.</strong></span> <span class='ocrx_word' id='word_1_564' title='bbox 3037 1362 3143 1419; x_wconf 90' lang='lat' dir='ltr'><strong>Sed</strong></span> <span class='ocrx_word' id='word_1_565' title='bbox 3170 1363 3292 1418; x_wconf 91' lang='lat' dir='ltr'><strong>hinc</strong></span> <span class='ocrx_word' id='word_1_566' title='bbox 3311 1362 3504 1433; x_wconf 86' lang='lat' dir='ltr'><strong>dignus</strong></span> 
     </span>
    </p>
   </div>
   <div class='ocr_carea' id='block_1_74' title="bbox 1926 1452 3508 1523">
    <p class='ocr_par' dir='ltr' id='par_1_74' title="bbox 1926 1452 3508 1523">
     <span class='ocr_line' id='line_1_74' title="bbox 1926 1452 3508 1523; baseline 0.001 -16"><span class='ocrx_word' id='word_1_567' title='bbox 1926 1452 2292 1507; x_wconf 88' lang='lat' dir='ltr'><strong>misericordia</strong></span> <span class='ocrx_word' id='word_1_568' title='bbox 2335 1460 2446 1520; x_wconf 80' lang='lat' dir='ltr'><strong>est,</strong></span> <span class='ocrx_word' id='word_1_569' title='bbox 2495 1452 2635 1523; x_wconf 91' lang='lat' dir='ltr'><strong>quod</strong></span> <span class='ocrx_word' id='word_1_570' title='bbox 2661 1452 2727 1508; x_wconf 90' lang='lat' dir='ltr'><strong>ad</strong></span> <span class='ocrx_word' id='word_1_571' title='bbox 2760 1460 2958 1508; x_wconf 89' lang='lat' dir='ltr'><strong>tantam</strong></span> <span class='ocrx_word' id='word_1_572' title='bbox 2988 1452 3237 1508; x_wconf 88' lang='lat' dir='ltr'><strong>redactus</strong></span> <span class='ocrx_word' id='word_1_573' title='bbox 3275 1453 3344 1509; x_wconf 90' lang='lat' dir='ltr'><strong>sit</strong></span> <span class='ocrx_word' id='word_1_574' title='bbox 3382 1468 3508 1522; x_wconf 88' lang='lat' dir='ltr'><strong>ege-</strong></span> 
     </span>
    </p>
   </div>
   <div class='ocr_carea' id='block_1_75' title="bbox 1924 1544 3504 1615">
    <p class='ocr_par' dir='ltr' id='par_1_75' title="bbox 1924 1544 3504 1615">
     <span class='ocr_line' id='line_1_75' title="bbox 1924 1544 3504 1615; baseline 0.001 -17"><span class='ocrx_word' id='word_1_575' title='bbox 1924 1551 2147 1609; x_wconf 87' lang='lat' dir='ltr'><strong>statem,</strong></span> <span class='ocrx_word' id='word_1_576' title='bbox 2176 1553 2232 1599; x_wconf 90' lang='lat' dir='ltr'><strong>ut</strong></span> <span class='ocrx_word' id='word_1_577' title='bbox 2261 1544 2598 1614; x_wconf 90' lang='lat' dir='ltr'><strong>impudenter</strong></span> <span class='ocrx_word' id='word_1_578' title='bbox 2635 1558 2793 1615; x_wconf 87' lang='lat' dir='ltr'><strong>agere</strong></span> <span class='ocrx_word' id='word_1_579' title='bbox 2835 1551 3075 1615; x_wconf 86' lang='lat' dir='ltr'><strong>cogatur.</strong></span> <span class='ocrx_word' id='word_1_580' title='bbox 3109 1544 3217 1599; x_wconf 86' lang='lat' dir='ltr'><strong>Nos</strong></span> <span class='ocrx_word' id='word_1_581' title='bbox 3242 1559 3370 1598; x_wconf 91' lang='lat' dir='ltr'><strong>vero</strong></span> <span class='ocrx_word' id='word_1_582' title='bbox 3398 1559 3504 1599; x_wconf 93' lang='lat' dir='ltr'><strong>non</strong></span> 
     </span>
    </p>
   </div>
   <div class='ocr_carea' id='block_1_76' title="bbox 1924 1634 3506 1703">
    <p class='ocr_par' dir='ltr' id='par_1_76' title="bbox 1924 1634 3506 1703">
     <span class='ocr_line' id='line_1_76' title="bbox 1924 1634 3506 1703; baseline 0.002 -14"><span class='ocrx_word' id='word_1_583' title='bbox 1924 1634 2085 1691; x_wconf 89' lang='lat' dir='ltr'><strong>modo</strong></span> <span class='ocrx_word' id='word_1_584' title='bbox 2114 1651 2221 1691; x_wconf 89' lang='lat' dir='ltr'><strong>non</strong></span> <span class='ocrx_word' id='word_1_585' title='bbox 2253 1637 2617 1692; x_wconf 91' lang='lat' dir='ltr'><strong>misericordia</strong></span> <span class='ocrx_word' id='word_1_586' title='bbox 2651 1651 2946 1703; x_wconf 88' lang='lat' dir='ltr'><strong>movemur,</strong></span> <span class='ocrx_word' id='word_1_587' title='bbox 2990 1636 3087 1693; x_wconf 90' lang='lat' dir='ltr'><strong>sed</strong></span> <span class='ocrx_word' id='word_1_588' title='bbox 3122 1644 3177 1693; x_wconf 89' lang='lat' dir='ltr'><strong>et</strong></span> <span class='ocrx_word' id='word_1_589' title='bbox 3216 1637 3506 1692; x_wconf 86' lang='lat' dir='ltr'><strong>inhumana</strong></span> 
     </span>
    </p>
   </div>
   <div class='ocr_carea' id='block_1_77' title="bbox 1924 1728 3503 1801">
    <p class='ocr_par' dir='ltr' id='par_1_77' title="bbox 1924 1728 3503 1801">
     <span class='ocr_line' id='line_1_77' title="bbox 1924 1728 3503 1801; baseline 0.003 -19"><span class='ocrx_word' id='word_1_590' title='bbox 1924 1729 2008 1783; x_wconf 91' lang='lat' dir='ltr'><strong>illa</strong></span> <span class='ocrx_word' id='word_1_591' title='bbox 2034 1728 2196 1786; x_wconf 88' lang='lat' dir='ltr'><strong>verba</strong></span> <span class='ocrx_word' id='word_1_592' title='bbox 2222 1730 2563 1801; x_wconf 83' lang='lat' dir='ltr'><strong>proferimus,</strong></span> <span class='ocrx_word' id='word_1_593' title='bbox 2591 1730 2831 1788; x_wconf 86' lang='lat' dir='ltr'><strong>dicentes</strong></span> <span class='ocrx_word' id='word_1_594' title='bbox 2855 1748 2869 1787; x_wconf 92' lang='lat'><strong>:</strong></span> <span class='ocrx_word' id='word_1_595' title='bbox 2901 1732 3096 1787; x_wconf 80' lang='lat' dir='ltr'><strong>Annon</strong></span> <span class='ocrx_word' id='word_1_596' title='bbox 3141 1732 3308 1787; x_wconf 88' lang='lat' dir='ltr'><strong>semel</strong></span> <span class='ocrx_word' id='word_1_597' title='bbox 3336 1741 3392 1787; x_wconf 90' lang='lat' dir='ltr'><strong>et</strong></span> <span class='ocrx_word' id='word_1_598' title='bbox 3420 1731 3503 1787; x_wconf 90' lang='lat' dir='ltr'><strong>bis</strong></span> 
     </span>
    </p>
   </div>
   <div class='ocr_carea' id='block_1_78' title="bbox 1921 1821 3502 1896">
    <p class='ocr_par' dir='ltr' id='par_1_78' title="bbox 1921 1821 3502 1896">
     <span class='ocr_line' id='line_1_78' title="bbox 1921 1821 3502 1896; baseline 0.003 -21"><span class='ocrx_word' id='word_1_599' title='bbox 1921 1821 2213 1892; x_wconf 81' lang='lat' dir='ltr'><strong>accepisti?</strong></span> <span class='ocrx_word' id='word_1_600' title='bbox 2254 1822 2389 1890; x_wconf 85' lang='lat' dir='ltr'><strong>Quid</strong></span> <span class='ocrx_word' id='word_1_601' title='bbox 2417 1823 2608 1894; x_wconf 85' lang='lat' dir='ltr'><strong>igitur?</strong></span> <span class='ocrx_word' id='word_1_602' title='bbox 2649 1838 2825 1880; x_wconf 89' lang='lat' dir='ltr'><strong>annon</strong></span> <span class='ocrx_word' id='word_1_603' title='bbox 2866 1833 2988 1896; x_wconf 86' lang='lat' dir='ltr'><strong>eget</strong></span> <span class='ocrx_word' id='word_1_604' title='bbox 3029 1824 3151 1881; x_wconf 89' lang='lat' dir='ltr'><strong>cibo</strong></span> <span class='ocrx_word' id='word_1_605' title='bbox 3193 1825 3383 1881; x_wconf 88' lang='lat' dir='ltr'><strong>iterum</strong></span> <span class='ocrx_word' id='word_1_606' title='bbox 3411 1828 3502 1896; x_wconf 88' lang='lat' dir='ltr'><strong>qui</strong></span> 
     </span>
    </p>
   </div>
   <div class='ocr_carea' id='block_1_79' title="bbox 1920 1914 3500 1988">
    <p class='ocr_par' dir='ltr' id='par_1_79' title="bbox 1920 1914 3500 1988">
     <span class='ocr_line' id='line_1_79' title="bbox 1920 1914 3500 1988; baseline 0.003 -20"><span class='ocrx_word' id='word_1_607' title='bbox 1920 1914 2086 1969; x_wconf 88' lang='lat' dir='ltr'><strong>semel</strong></span> <span class='ocrx_word' id='word_1_608' title='bbox 2134 1915 2310 1971; x_wconf 92' lang='lat' dir='ltr'><strong>cibum</strong></span> <span class='ocrx_word' id='word_1_609' title='bbox 2354 1916 2599 1986; x_wconf 74' lang='lat' dir='ltr'><strong>accepit?</strong></span> <span class='ocrx_word' id='word_1_610' title='bbox 2646 1916 2757 1972; x_wconf 88' lang='lat' dir='ltr'><strong>Cur</strong></span> <span class='ocrx_word' id='word_1_611' title='bbox 2799 1932 2905 1971; x_wconf 89' lang='lat' dir='ltr'><strong>non</strong></span> <span class='ocrx_word' id='word_1_612' title='bbox 2947 1918 3118 1973; x_wconf 88' lang='lat' dir='ltr'><strong>ventri</strong></span> <span class='ocrx_word' id='word_1_613' title='bbox 3165 1932 3377 1988; x_wconf 90' lang='lat' dir='ltr'><strong>quoque</strong></span> <span class='ocrx_word' id='word_1_614' title='bbox 3405 1926 3500 1972; x_wconf 90' lang='lat' dir='ltr'><strong>tuo</strong></span> 
     </span>
    </p>
   </div>
   <div class='ocr_carea' id='block_1_80' title="bbox 1922 2006 3504 2080">
    <p class='ocr_par' dir='ltr' id='par_1_80' title="bbox 1922 2006 3504 2080">
     <span class='ocr_line' id='line_1_80' title="bbox 1922 2006 3504 2080; baseline 0.003 -19"><span class='ocrx_word' id='word_1_615' title='bbox 1922 2006 2081 2062; x_wconf 90' lang='lat' dir='ltr'><strong>hasce</strong></span> <span class='ocrx_word' id='word_1_616' title='bbox 2106 2008 2261 2078; x_wconf 91' lang='lat' dir='ltr'><strong>ponis</strong></span> <span class='ocrx_word' id='word_1_617' title='bbox 2285 2009 2428 2079; x_wconf 86' lang='lat' dir='ltr'><strong>leges</strong></span> <span class='ocrx_word' id='word_1_618' title='bbox 2450 2051 2465 2077; x_wconf 95' lang='lat'><strong>,</strong></span> <span class='ocrx_word' id='word_1_619' title='bbox 2499 2022 2598 2065; x_wconf 90' lang='lat' dir='ltr'><strong>nec</strong></span> <span class='ocrx_word' id='word_1_620' title='bbox 2627 2009 2797 2065; x_wconf 88' lang='lat' dir='ltr'><strong>dicis:</strong></span> <span class='ocrx_word' id='word_1_621' title='bbox 2822 2010 3079 2080; x_wconf 80' lang='lat' dir='ltr'><strong>Repletus</strong></span> <span class='ocrx_word' id='word_1_622' title='bbox 3110 2009 3250 2066; x_wconf 86' lang='lat' dir='ltr'><strong>fuisti</strong></span> <span class='ocrx_word' id='word_1_623' title='bbox 3292 2011 3402 2067; x_wconf 91' lang='lat' dir='ltr'><strong>beri</strong></span> <span class='ocrx_word' id='word_1_624' title='bbox 3447 2019 3504 2066; x_wconf 88' lang='lat' dir='ltr'><strong>et</strong></span> 
     </span>
    </p>
   </div>
   <div class='ocr_carea' id='block_1_81' title="bbox 1919 2102 3500 2175">
    <p class='ocr_par' dir='ltr' id='par_1_81' title="bbox 1919 2102 3500 2175">
     <span class='ocr_line' id='line_1_81' title="bbox 1919 2102 3500 2175; baseline 0.003 -19"><span class='ocrx_word' id='word_1_625' title='bbox 1919 2102 2114 2158; x_wconf 90' lang='lat' dir='ltr'><strong>nudius</strong></span> <span class='ocrx_word' id='word_1_626' title='bbox 2139 2103 2345 2169; x_wconf 90' lang='lat' dir='ltr'><strong>tertius,</strong></span> <span class='ocrx_word' id='word_1_627' title='bbox 2379 2120 2446 2158; x_wconf 92' lang='lat' dir='ltr'><strong>ne</strong></span> <span class='ocrx_word' id='word_1_628' title='bbox 2471 2120 2678 2175; x_wconf 76' lang='lat' dir='ltr'><strong>qureras</strong></span> <span class='ocrx_word' id='word_1_629' title='bbox 2708 2105 2971 2175; x_wconf 82' lang='lat' dir='ltr'><strong>amplius?</strong></span> <span class='ocrx_word' id='word_1_630' title='bbox 3012 2104 3123 2159; x_wconf 82' lang='lat' dir='ltr'><strong>Iino</strong></span> <span class='ocrx_word' id='word_1_631' title='bbox 3158 2105 3305 2160; x_wconf 89' lang='lat' dir='ltr'><strong>illum</strong></span> <span class='ocrx_word' id='word_1_632' title='bbox 3338 2120 3500 2175; x_wconf 84' lang='lat' dir='ltr'><strong>supra</strong></span> 
     </span>
    </p>
   </div>
   <div class='ocr_carea' id='block_1_82' title="bbox 1916 2194 3497 2265">
    <p class='ocr_par' dir='ltr' id='par_1_82' title="bbox 1916 2194 3497 2265">
     <span class='ocr_line' id='line_1_82' title="bbox 1916 2194 3497 2265; baseline 0.001 -15"><span class='ocrx_word' id='word_1_633' title='bbox 1916 2208 2221 2251; x_wconf 90' lang='lat' dir='ltr'><strong>mensuram</strong></span> <span class='ocrx_word' id='word_1_634' title='bbox 2271 2194 2528 2265; x_wconf 77' lang='lat' dir='ltr'><strong>replenda</strong></span> <span class='ocrx_word' id='word_1_635' title='bbox 2576 2196 2865 2265; x_wconf 90' lang='lat' dir='ltr'><strong>dirumpis,</strong></span> <span class='ocrx_word' id='word_1_636' title='bbox 2917 2195 3060 2252; x_wconf 90' lang='lat' dir='ltr'><strong>hunc</strong></span> <span class='ocrx_word' id='word_1_637' title='bbox 3114 2212 3241 2252; x_wconf 91' lang='lat' dir='ltr'><strong>vero</strong></span> <span class='ocrx_word' id='word_1_638' title='bbox 3290 2198 3497 2252; x_wconf 88' lang='lat' dir='ltr'><strong>modica</strong></span> 
     </span>
    </p>
   </div>
   <div class='ocr_carea' id='block_1_83' title="bbox 1918 2289 3501 2358">
    <p class='ocr_par' dir='ltr' id='par_1_83' title="bbox 1918 2289 3501 2358">
     <span class='ocr_line' id='line_1_83' title="bbox 1918 2289 3501 2358; baseline 0 -15"><span class='ocrx_word' id='word_1_639' title='bbox 1918 2294 2186 2357; x_wconf 86' lang='lat' dir='ltr'><strong>petentem</strong></span> <span class='ocrx_word' id='word_1_640' title='bbox 2223 2289 2507 2355; x_wconf 88' lang='lat' dir='ltr'><strong>aversaris,</strong></span> <span class='ocrx_word' id='word_1_641' title='bbox 2547 2303 2667 2343; x_wconf 92' lang='lat' dir='ltr'><strong>cum</strong></span> <span class='ocrx_word' id='word_1_642' title='bbox 2700 2304 2795 2358; x_wconf 88' lang='lat' dir='ltr'><strong>par</strong></span> <span class='ocrx_word' id='word_1_643' title='bbox 2822 2298 2965 2345; x_wconf 89' lang='lat' dir='ltr'><strong>esset</strong></span> <span class='ocrx_word' id='word_1_644' title='bbox 2991 2289 3108 2358; x_wconf 89' lang='lat' dir='ltr'><strong>ejus</strong></span> <span class='ocrx_word' id='word_1_645' title='bbox 3138 2289 3221 2344; x_wconf 91' lang='lat' dir='ltr'><strong>vel</strong></span> <span class='ocrx_word' id='word_1_646' title='bbox 3251 2289 3352 2344; x_wconf 91' lang='lat' dir='ltr'><strong>hoc</strong></span> <span class='ocrx_word' id='word_1_647' title='bbox 3383 2290 3501 2358; x_wconf 84' lang='lat' dir='ltr'><strong>ipso</strong></span> 
     </span>
    </p>
   </div>
   <div class='ocr_carea' id='block_1_84' title="bbox 1914 2380 3497 2451">
    <p class='ocr_par' dir='ltr' id='par_1_84' title="bbox 1914 2380 3497 2451">
     <span class='ocr_line' id='line_1_84' title="bbox 1914 2380 3497 2451; baseline 0.001 -15"><span class='ocrx_word' id='word_1_648' title='bbox 1914 2380 2190 2447; x_wconf 89' lang='lat' dir='ltr'><strong>misereri,</strong></span> <span class='ocrx_word' id='word_1_649' title='bbox 2241 2381 2381 2451; x_wconf 91' lang='lat' dir='ltr'><strong>quod</strong></span> <span class='ocrx_word' id='word_1_650' title='bbox 2406 2380 2642 2451; x_wconf 88' lang='lat' dir='ltr'><strong>quotidie</strong></span> <span class='ocrx_word' id='word_1_651' title='bbox 2682 2389 2734 2435; x_wconf 91' lang='lat' dir='ltr'><strong>te</strong></span> <span class='ocrx_word' id='word_1_652' title='bbox 2781 2389 3002 2451; x_wconf 81' lang='lat' dir='ltr'><strong>cogatur</strong></span> <span class='ocrx_word' id='word_1_653' title='bbox 3052 2381 3222 2436; x_wconf 89' lang='lat' dir='ltr'><strong>adire.</strong></span> <span class='ocrx_word' id='word_1_654' title='bbox 3278 2381 3497 2438; x_wconf 82' lang='lat' dir='ltr'><strong>Etiamsi</strong></span> 
     </span>
    </p>
   </div>
   <div class='ocr_carea' id='block_1_85' title="bbox 1916 2471 3496 2541">
    <p class='ocr_par' dir='ltr' id='par_1_85' title="bbox 1916 2471 3496 2541">
     <span class='ocr_line' id='line_1_85' title="bbox 1916 2471 3496 2541; baseline -0.001 -14"><span class='ocrx_word' id='word_1_655' title='bbox 1916 2489 2021 2528; x_wconf 92' lang='lat' dir='ltr'><strong>non</strong></span> <span class='ocrx_word' id='word_1_656' title='bbox 2058 2471 2272 2528; x_wconf 89' lang='lat' dir='ltr'><strong>aliunde</strong></span> <span class='ocrx_word' id='word_1_657' title='bbox 2304 2471 2565 2538; x_wconf 76' lang='lat' dir='ltr'><strong>nectaris,</strong></span> <span class='ocrx_word' id='word_1_658' title='bbox 2602 2471 2724 2526; x_wconf 90' lang='lat' dir='ltr'><strong>ideo</strong></span> <span class='ocrx_word' id='word_1_659' title='bbox 2756 2471 2896 2526; x_wconf 90' lang='lat' dir='ltr'><strong>illius</strong></span> <span class='ocrx_word' id='word_1_660' title='bbox 2924 2480 2975 2527; x_wconf 91' lang='lat' dir='ltr'><strong>te</strong></span> <span class='ocrx_word' id='word_1_661' title='bbox 3006 2472 3245 2527; x_wconf 91' lang='lat' dir='ltr'><strong>misereri</strong></span> <span class='ocrx_word' id='word_1_662' title='bbox 3276 2482 3496 2541; x_wconf 83' lang='lat' dir='ltr'><strong>oporte-</strong></span> 
     </span>
    </p>
   </div>
   <div class='ocr_carea' id='block_1_86' title="bbox 1914 2562 3492 2636">
    <p class='ocr_par' dir='ltr' id='par_1_86' title="bbox 1914 2562 3492 2636">
     <span class='ocr_line' id='line_1_86' title="bbox 1914 2562 3492 2636; baseline -0.003 -14"><span class='ocrx_word' id='word_1_663' title='bbox 1914 2575 2015 2622; x_wconf 91' lang='lat' dir='ltr'><strong>ret.</strong></span> <span class='ocrx_word' id='word_1_664' title='bbox 2056 2564 2392 2636; x_wconf 87' lang='lat' dir='ltr'><strong>Paupertatis</strong></span> <span class='ocrx_word' id='word_1_665' title='bbox 2434 2566 2576 2619; x_wconf 90' lang='lat' dir='ltr'><strong>enim</strong></span> <span class='ocrx_word' id='word_1_666' title='bbox 2622 2562 2916 2618; x_wconf 87' lang='lat' dir='ltr'><strong>necessitas</strong></span> <span class='ocrx_word' id='word_1_667' title='bbox 2956 2562 3008 2618; x_wconf 87' lang='lat' dir='ltr'><strong>vi</strong></span> <span class='ocrx_word' id='word_1_668' title='bbox 3048 2562 3112 2616; x_wconf 89' lang='lat' dir='ltr'><strong>ad</strong></span> <span class='ocrx_word' id='word_1_669' title='bbox 3143 2562 3258 2617; x_wconf 64' lang='lat' dir='ltr'><strong>haec</strong></span> <span class='ocrx_word' id='word_1_670' title='bbox 3287 2562 3492 2632; x_wconf 88' lang='lat' dir='ltr'><strong>agenda</strong></span> 
     </span>
    </p>
   </div>
   <div class='ocr_carea' id='block_1_87' title="bbox 1914 2653 3494 2728">
    <p class='ocr_par' dir='ltr' id='par_1_87' title="bbox 1914 2653 3494 2728">
     <span class='ocr_line' id='line_1_87' title="bbox 1914 2653 3494 2728; baseline -0.003 -14"><span class='ocrx_word' id='word_1_671' title='bbox 1914 2656 2157 2728; x_wconf 89' lang='lat' dir='ltr'><strong>impellit.</strong></span> <span class='ocrx_word' id='word_1_672' title='bbox 2202 2654 2388 2726; x_wconf 88' lang='lat' dir='ltr'><strong>Neque</strong></span> <span class='ocrx_word' id='word_1_673' title='bbox 2432 2655 2704 2710; x_wconf 89' lang='lat' dir='ltr'><strong>miseraris</strong></span> <span class='ocrx_word' id='word_1_674' title='bbox 2750 2654 2923 2724; x_wconf 84' lang='lat' dir='ltr'><strong>ipsum</strong></span> <span class='ocrx_word' id='word_1_675' title='bbox 2968 2653 3088 2724; x_wconf 87' lang='lat' dir='ltr'><strong>quia</strong></span> <span class='ocrx_word' id='word_1_676' title='bbox 3121 2654 3243 2708; x_wconf 87' lang='lat' dir='ltr'><strong>talia</strong></span> <span class='ocrx_word' id='word_1_677' title='bbox 3271 2653 3494 2709; x_wconf 89' lang='lat' dir='ltr'><strong>audiens</strong></span> 
     </span>
    </p>
   </div>
   <div class='ocr_carea' id='block_1_88' title="bbox 1912 2743 3494 2825">
    <p class='ocr_par' dir='ltr' id='par_1_88' title="bbox 1912 2743 3494 2825">
     <span class='ocr_line' id='line_1_88' title="bbox 1912 2743 3494 2825; baseline -0.003 -23"><span class='ocrx_word' id='word_1_678' title='bbox 1912 2763 2019 2803; x_wconf 90' lang='lat' dir='ltr'><strong>non</strong></span> <span class='ocrx_word' id='word_1_679' title='bbox 2049 2746 2352 2812; x_wconf 85' lang='lat' dir='ltr'><strong>erubescit;</strong></span> <span class='ocrx_word' id='word_1_680' title='bbox 2403 2746 2696 2800; x_wconf 87' lang='lat' dir='ltr'><strong>necessitas</strong></span> <span class='ocrx_word' id='word_1_681' title='bbox 2736 2745 2880 2801; x_wconf 91' lang='lat' dir='ltr'><strong>enim</strong></span> <span class='ocrx_word' id='word_1_682' title='bbox 2927 2744 3201 2825; x_wconf 65' lang='lat' dir='ltr'><strong>praavalet.</strong></span> <span class='ocrx_word' id='word_1_683' title='bbox 3251 2743 3332 2799; x_wconf 88' lang='lat' dir='ltr'><strong>Tu</strong></span> <span class='ocrx_word' id='word_1_684' title='bbox 3364 2759 3494 2799; x_wconf 89' lang='lat' dir='ltr'><strong>vero</strong></span> 
     </span>
    </p>
   </div>
   <div class='ocr_carea' id='block_1_89' title="bbox 1912 2834 3489 2901">
    <p class='ocr_par' dir='ltr' id='par_1_89' title="bbox 1912 2834 3489 2901">
     <span class='ocr_line' id='line_1_89' title="bbox 1912 2834 3489 2901; baseline -0.001 -10"><span class='ocrx_word' id='word_1_685' title='bbox 1912 2852 2017 2892; x_wconf 90' lang='lat' dir='ltr'><strong>non</strong></span> <span class='ocrx_word' id='word_1_686' title='bbox 2059 2836 2220 2893; x_wconf 89' lang='lat' dir='ltr'><strong>modo</strong></span> <span class='ocrx_word' id='word_1_687' title='bbox 2253 2851 2364 2891; x_wconf 88' lang='lat' dir='ltr'><strong>non</strong></span> <span class='ocrx_word' id='word_1_688' title='bbox 2397 2835 2699 2901; x_wconf 87' lang='lat' dir='ltr'><strong>miseraris;</strong></span> <span class='ocrx_word' id='word_1_689' title='bbox 2728 2834 2823 2890; x_wconf 89' lang='lat' dir='ltr'><strong>sed</strong></span> <span class='ocrx_word' id='word_1_690' title='bbox 2850 2834 3010 2890; x_wconf 90' lang='lat' dir='ltr'><strong>etiam</strong></span> <span class='ocrx_word' id='word_1_691' title='bbox 3039 2835 3271 2890; x_wconf 91' lang='lat' dir='ltr'><strong>traducis</strong></span> <span class='ocrx_word' id='word_1_692' title='bbox 3299 2835 3446 2889; x_wconf 90' lang='lat' dir='ltr'><strong>illum</strong></span> <span class='ocrx_word' id='word_1_693' title='bbox 3476 2853 3489 2889; x_wconf 92' lang='lat'><strong>:</strong></span> 
     </span>
    </p>
   </div>
   <div class='ocr_carea' id='block_1_90' title="bbox 1913 2926 3490 3000">
    <p class='ocr_par' dir='ltr' id='par_1_90' title="bbox 1913 2926 3490 3000">
     <span class='ocr_line' id='line_1_90' title="bbox 1913 2926 3490 3000; baseline -0.001 -16"><span class='ocrx_word' id='word_1_694' title='bbox 1913 2929 2129 2999; x_wconf 87' lang='lat' dir='ltr'><strong>Deoque</strong></span> <span class='ocrx_word' id='word_1_695' title='bbox 2153 2928 2374 3000; x_wconf 80' lang='lat' dir='ltr'><strong>iubente</strong></span> <span class='ocrx_word' id='word_1_696' title='bbox 2401 2927 2539 2983; x_wconf 88' lang='lat' dir='ltr'><strong>clam</strong></span> <span class='ocrx_word' id='word_1_697' title='bbox 2569 2941 2792 2999; x_wconf 87' lang='lat' dir='ltr'><strong>erogare</strong></span> <span class='ocrx_word' id='word_1_698' title='bbox 2834 2926 3047 3000; x_wconf 78' lang='lat' dir='ltr'><strong>(Matth.</strong></span> <span class='ocrx_word' id='word_1_699' title='bbox 3076 2928 3128 2984; x_wconf 89' lang='lat'><strong>6.</strong></span> <span class='ocrx_word' id='word_1_700' title='bbox 3158 2928 3233 2996; x_wconf 70' lang='lat'><strong>4),</strong></span> <span class='ocrx_word' id='word_1_701' title='bbox 3265 2936 3376 2982; x_wconf 89' lang='lat' dir='ltr'><strong>stas</strong></span> <span class='ocrx_word' id='word_1_702' title='bbox 3402 2942 3490 2983; x_wconf 84' lang='lat' dir='ltr'><strong>ac-</strong></span> 
     </span>
    </p>
   </div>
   <div class='ocr_carea' id='block_1_91' title="bbox 1909 3016 3489 3091">
    <p class='ocr_par' dir='ltr' id='par_1_91' title="bbox 1909 3016 3489 3091">
     <span class='ocr_line' id='line_1_91' title="bbox 1909 3016 3489 3091; baseline 0 -15"><span class='ocrx_word' id='word_1_703' title='bbox 1909 3021 2191 3077; x_wconf 89' lang='lat' dir='ltr'><strong>cedentem</strong></span> <span class='ocrx_word' id='word_1_704' title='bbox 2240 3020 2455 3091; x_wconf 90' lang='lat' dir='ltr'><strong>probris</strong></span> <span class='ocrx_word' id='word_1_705' title='bbox 2501 3019 2715 3091; x_wconf 86' lang='lat' dir='ltr'><strong>publice</strong></span> <span class='ocrx_word' id='word_1_706' title='bbox 2763 3020 3054 3091; x_wconf 88' lang='lat' dir='ltr'><strong>impetens,</strong></span> <span class='ocrx_word' id='word_1_707' title='bbox 3093 3036 3215 3077; x_wconf 86' lang='lat' dir='ltr'><strong>cum</strong></span> <span class='ocrx_word' id='word_1_708' title='bbox 3244 3016 3489 3077; x_wconf 87' lang='lat' dir='ltr'><strong>miserari</strong></span> 
     </span>
    </p>
   </div>
   <div class='ocr_carea' id='block_1_92' title="bbox 1910 3110 3494 3183">
    <p class='ocr_par' dir='ltr' id='par_1_92' title="bbox 1910 3110 3494 3183">
     <span class='ocr_line' id='line_1_92' title="bbox 1910 3110 3494 3183; baseline -0.001 -15"><span class='ocrx_word' id='word_1_709' title='bbox 1910 3112 2061 3168; x_wconf 91' lang='lat' dir='ltr'><strong>illum</strong></span> <span class='ocrx_word' id='word_1_710' title='bbox 2092 3119 2383 3183; x_wconf 91' lang='lat' dir='ltr'><strong>oporteret.</strong></span> <span class='ocrx_word' id='word_1_711' title='bbox 2410 3110 2541 3166; x_wconf 90' lang='lat' dir='ltr'><strong>Nam</strong></span> <span class='ocrx_word' id='word_1_712' title='bbox 2570 3112 2613 3167; x_wconf 88' lang='lat' dir='ltr'><strong>si</strong></span> <span class='ocrx_word' id='word_1_713' title='bbox 2641 3110 2770 3168; x_wconf 90' lang='lat' dir='ltr'><strong>dare</strong></span> <span class='ocrx_word' id='word_1_714' title='bbox 2800 3126 2905 3167; x_wconf 90' lang='lat' dir='ltr'><strong>non</strong></span> <span class='ocrx_word' id='word_1_715' title='bbox 2936 3112 3015 3167; x_wconf 88' lang='lat' dir='ltr'><strong>vis</strong></span> <span class='ocrx_word' id='word_1_716' title='bbox 3035 3153 3049 3178; x_wconf 95' lang='lat'><strong>,</strong></span> <span class='ocrx_word' id='word_1_717' title='bbox 3096 3127 3193 3168; x_wconf 84' lang='lat' dir='ltr'><strong>cur</strong></span> <span class='ocrx_word' id='word_1_718' title='bbox 3219 3113 3494 3168; x_wconf 86' lang='lat' dir='ltr'><strong>calamito-</strong></span> 
     </span>
    </p>
   </div>
   <div class='ocr_carea' id='block_1_93' title="bbox 1910 3205 3495 3263">
    <p class='ocr_par' dir='ltr' id='par_1_93' title="bbox 1910 3205 3495 3263">
     <span class='ocr_line' id='line_1_93' title="bbox 1910 3205 3495 3263; baseline -0.001 0"><span class='ocrx_word' id='word_1_719' title='bbox 1910 3221 2024 3263; x_wconf 84' lang='lat' dir='ltr'><strong>sam</strong></span> <span class='ocrx_word' id='word_1_720' title='bbox 2067 3215 2122 3263; x_wconf 85' lang='lat' dir='ltr'><strong>et</strong></span> <span class='ocrx_word' id='word_1_721' title='bbox 2161 3206 2414 3261; x_wconf 85' lang='lat' dir='ltr'><strong>miseram</strong></span> <span class='ocrx_word' id='word_1_722' title='bbox 2455 3206 2689 3260; x_wconf 86' lang='lat' dir='ltr'><strong>animam</strong></span> <span class='ocrx_word' id='word_1_723' title='bbox 2732 3220 2954 3261; x_wconf 88' lang='lat' dir='ltr'><strong>accusas</strong></span> <span class='ocrx_word' id='word_1_724' title='bbox 3000 3216 3053 3262; x_wconf 88' lang='lat' dir='ltr'><strong>et</strong></span> <span class='ocrx_word' id='word_1_725' title='bbox 3086 3207 3310 3262; x_wconf 87' lang='lat' dir='ltr'><strong>atteris?</strong></span> <span class='ocrx_word' id='word_1_726' title='bbox 3341 3205 3495 3262; x_wconf 84' lang='lat' dir='ltr'><strong>Venit</strong></span> 
     </span>
    </p>
   </div>
   <div class='ocr_carea' id='block_1_94' title="bbox 1909 3299 3491 3375">
    <p class='ocr_par' dir='ltr' id='par_1_94' title="bbox 1909 3299 3491 3375">
     <span class='ocr_line' id='line_1_94' title="bbox 1909 3299 3491 3375; baseline -0.001 -19"><span class='ocrx_word' id='word_1_727' title='bbox 1909 3302 2061 3375; x_wconf 86' lang='lat' dir='ltr'><strong>quasi</strong></span> <span class='ocrx_word' id='word_1_728' title='bbox 2091 3301 2158 3356; x_wconf 88' lang='lat' dir='ltr'><strong>ad</strong></span> <span class='ocrx_word' id='word_1_729' title='bbox 2186 3309 2396 3373; x_wconf 90' lang='lat' dir='ltr'><strong>portum</strong></span> <span class='ocrx_word' id='word_1_730' title='bbox 2429 3300 2495 3356; x_wconf 88' lang='lat' dir='ltr'><strong>ad</strong></span> <span class='ocrx_word' id='word_1_731' title='bbox 2526 3316 2718 3356; x_wconf 80' lang='lat' dir='ltr'><strong>manus</strong></span> <span class='ocrx_word' id='word_1_732' title='bbox 2747 3308 2895 3366; x_wconf 83' lang='lat' dir='ltr'><strong>tuas;</strong></span> <span class='ocrx_word' id='word_1_733' title='bbox 2927 3300 3244 3357; x_wconf 80' lang='lat' dir='ltr'><strong>cur-ﬂuctus</strong></span> <span class='ocrx_word' id='word_1_734' title='bbox 3265 3299 3491 3365; x_wconf 82' lang='lat' dir='ltr'><strong>excitas,</strong></span> 
     </span>
    </p>
   </div>
   <div class='ocr_carea' id='block_1_95' title="bbox 1910 3392 3495 3467">
    <p class='ocr_par' dir='ltr' id='par_1_95' title="bbox 1910 3392 3495 3467">
     <span class='ocr_line' id='line_1_95' title="bbox 1910 3392 3495 3467; baseline -0.003 -15"><span class='ocrx_word' id='word_1_735' title='bbox 1910 3405 1963 3452; x_wconf 92' lang='lat' dir='ltr'><strong>et</strong></span> <span class='ocrx_word' id='word_1_736' title='bbox 1984 3395 2287 3467; x_wconf 86' lang='lat' dir='ltr'><strong>graviorem</strong></span> <span class='ocrx_word' id='word_1_737' title='bbox 2316 3401 2689 3465; x_wconf 87' lang='lat' dir='ltr'><strong>tempestatem</strong></span> <span class='ocrx_word' id='word_1_738' title='bbox 2717 3392 2924 3449; x_wconf 83' lang='lat' dir='ltr'><strong>efficis?</strong></span> <span class='ocrx_word' id='word_1_739' title='bbox 2954 3407 3051 3448; x_wconf 86' lang='lat' dir='ltr'><strong>cur</strong></span> <span class='ocrx_word' id='word_1_740' title='bbox 3076 3392 3495 3449; x_wconf 86' lang='lat' dir='ltr'><strong>illiberalitatem</strong></span> 
     </span>
    </p>
   </div>
   <div class='ocr_carea' id='block_1_96' title="bbox 1908 3485 3489 3556">
    <p class='ocr_par' dir='ltr' id='par_1_96' title="bbox 1908 3485 3489 3556">
     <span class='ocr_line' id='line_1_96' title="bbox 1908 3485 3489 3556; baseline -0.001 -13"><span class='ocrx_word' id='word_1_741' title='bbox 1908 3487 2166 3543; x_wconf 84' lang='lat' dir='ltr'><strong>damnas?</strong></span> <span class='ocrx_word' id='word_1_742' title='bbox 2200 3486 2339 3542; x_wconf 85' lang='lat' dir='ltr'><strong>Num</strong></span> <span class='ocrx_word' id='word_1_743' title='bbox 2368 3486 2601 3541; x_wconf 89' lang='lat' dir='ltr'><strong>venisset</strong></span> <span class='ocrx_word' id='word_1_744' title='bbox 2639 3486 2684 3540; x_wconf 92' lang='lat' dir='ltr'><strong>si</strong></span> <span class='ocrx_word' id='word_1_745' title='bbox 2724 3485 2845 3540; x_wconf 85' lang='lat' dir='ltr'><strong>talia</strong></span> <span class='ocrx_word' id='word_1_746' title='bbox 2877 3499 2939 3541; x_wconf 90' lang='lat' dir='ltr'><strong>se</strong></span> <span class='ocrx_word' id='word_1_747' title='bbox 2960 3485 3263 3540; x_wconf 90' lang='lat' dir='ltr'><strong>auditurum</strong></span> <span class='ocrx_word' id='word_1_748' title='bbox 3294 3499 3489 3556; x_wconf 80' lang='lat' dir='ltr'><strong>exspe-</strong></span> 
     </span>
    </p>
   </div>
   <div class='ocr_carea' id='block_1_97' title="bbox 1909 3574 3489 3647">
    <p class='ocr_par' dir='ltr' id='par_1_97' title="bbox 1909 3574 3489 3647">
     <span class='ocr_line' id='line_1_97' title="bbox 1909 3574 3489 3647; baseline -0.003 -12"><span class='ocrx_word' id='word_1_749' title='bbox 1909 3579 2147 3635; x_wconf 76' lang='lat' dir='ltr'><strong>ctasset?</strong></span> <span class='ocrx_word' id='word_1_750' title='bbox 2177 3576 2329 3646; x_wconf 82' lang='lat' dir='ltr'><strong>Quod</strong></span> <span class='ocrx_word' id='word_1_751' title='bbox 2359 3575 2488 3632; x_wconf 70' lang='lat' dir='ltr'><strong>siiid</strong></span> <span class='ocrx_word' id='word_1_752' title='bbox 2506 3574 2815 3647; x_wconf 74' lang='lat' dir='ltr'><strong>praevidens</strong></span> <span class='ocrx_word' id='word_1_753' title='bbox 2841 3576 3099 3641; x_wconf 85' lang='lat' dir='ltr'><strong>accessit,</strong></span> <span class='ocrx_word' id='word_1_754' title='bbox 3133 3576 3257 3631; x_wconf 89' lang='lat' dir='ltr'><strong>ideo</strong></span> <span class='ocrx_word' id='word_1_755' title='bbox 3272 3576 3380 3646; x_wconf 76' lang='lat' dir='ltr'><strong>par</strong></span> <span class='ocrx_word' id='word_1_756' title='bbox 3405 3584 3489 3632; x_wconf 85' lang='lat' dir='ltr'><strong>est</strong></span> 
     </span>
    </p>
   </div>
   <div class='ocr_carea' id='block_1_98' title="bbox 1910 3666 3489 3736">
    <p class='ocr_par' dir='ltr' id='par_1_98' title="bbox 1910 3666 3489 3736">
     <span class='ocr_line' id='line_1_98' title="bbox 1910 3666 3489 3736; baseline -0.003 -10"><span class='ocrx_word' id='word_1_757' title='bbox 1910 3679 1965 3727; x_wconf 89' lang='lat' dir='ltr'><strong>et</strong></span> <span class='ocrx_word' id='word_1_758' title='bbox 1996 3670 2147 3725; x_wconf 85' lang='lat' dir='ltr'><strong>illum</strong></span> <span class='ocrx_word' id='word_1_759' title='bbox 2186 3668 2467 3736; x_wconf 89' lang='lat' dir='ltr'><strong>miserari,</strong></span> <span class='ocrx_word' id='word_1_760' title='bbox 2496 3675 2549 3723; x_wconf 91' lang='lat' dir='ltr'><strong>et</strong></span> <span class='ocrx_word' id='word_1_761' title='bbox 2577 3676 2722 3722; x_wconf 88' lang='lat' dir='ltr'><strong>tuam</strong></span> <span class='ocrx_word' id='word_1_762' title='bbox 2752 3667 2972 3722; x_wconf 86' lang='lat' dir='ltr'><strong>horrere</strong></span> <span class='ocrx_word' id='word_1_763' title='bbox 3010 3666 3451 3722; x_wconf 87' lang='lat' dir='ltr'><strong>inhumanitatem</strong></span> <span class='ocrx_word' id='word_1_764' title='bbox 3474 3708 3489 3732; x_wconf 92' lang='lat'><strong>,</strong></span> 
     </span>
    </p>
   </div>
   <div class='ocr_carea' id='block_1_99' title="bbox 1908 3759 3495 3834">
    <p class='ocr_par' dir='ltr' id='par_1_99' title="bbox 1908 3759 3495 3834">
     <span class='ocr_line' id='line_1_99' title="bbox 1908 3759 3495 3834; baseline -0.003 -17"><span class='ocrx_word' id='word_1_765' title='bbox 1908 3763 2158 3834; x_wconf 84' lang='lat' dir='ltr'><strong>quoniam</strong></span> <span class='ocrx_word' id='word_1_766' title='bbox 2190 3777 2258 3818; x_wconf 84' lang='lat' dir='ltr'><strong>ne</strong></span> <span class='ocrx_word' id='word_1_767' title='bbox 2284 3761 2497 3833; x_wconf 89' lang='lat' dir='ltr'><strong>quidem</strong></span> <span class='ocrx_word' id='word_1_768' title='bbox 2520 3802 2535 3825; x_wconf 90' lang='lat'><strong>,</strong></span> <span class='ocrx_word' id='word_1_769' title='bbox 2566 3775 2687 3815; x_wconf 92' lang='lat' dir='ltr'><strong>cum</strong></span> <span class='ocrx_word' id='word_1_770' title='bbox 2718 3768 2996 3831; x_wconf 80' lang='lat' dir='ltr'><strong>urgentem</strong></span> <span class='ocrx_word' id='word_1_771' title='bbox 3026 3759 3172 3815; x_wconf 88' lang='lat' dir='ltr'><strong>vides</strong></span> <span class='ocrx_word' id='word_1_772' title='bbox 3202 3759 3495 3815; x_wconf 86' lang='lat' dir='ltr'><strong>necessita-</strong></span> 
     </span>
    </p>
   </div>
   <div class='ocr_carea' id='block_1_100' title="bbox 1911 3851 3494 3922">
    <p class='ocr_par' dir='ltr' id='par_1_100' title="bbox 1911 3851 3494 3922">
     <span class='ocr_line' id='line_1_100' title="bbox 1911 3851 3494 3922; baseline -0.003 -12"><span class='ocrx_word' id='word_1_773' title='bbox 1911 3865 2052 3922; x_wconf 87' lang='lat' dir='ltr'><strong>tem,</strong></span> <span class='ocrx_word' id='word_1_774' title='bbox 2086 3854 2414 3910; x_wconf 85' lang='lat' dir='ltr'><strong>mansuetior</strong></span> <span class='ocrx_word' id='word_1_775' title='bbox 2442 3852 2645 3910; x_wconf 71' lang='lat' dir='ltr'><strong>evadis.</strong></span> <span class='ocrx_word' id='word_1_776' title='bbox 2690 3851 2873 3922; x_wconf 84' lang='lat' dir='ltr'><strong>Neque</strong></span> <span class='ocrx_word' id='word_1_777' title='bbox 2912 3852 3054 3907; x_wconf 90' lang='lat' dir='ltr'><strong>enim</strong></span> <span class='ocrx_word' id='word_1_778' title='bbox 3095 3851 3340 3907; x_wconf 84' lang='lat' dir='ltr'><strong>sufficere</strong></span> <span class='ocrx_word' id='word_1_779' title='bbox 3391 3852 3494 3922; x_wconf 90' lang='lat' dir='ltr'><strong>ipsi</strong></span> 
     </span>
    </p>
   </div>
   <div class='ocr_carea' id='block_1_101' title="bbox 1909 3944 3491 4019">
    <p class='ocr_par' dir='ltr' id='par_1_101' title="bbox 1909 3944 3491 4019">
     <span class='ocr_line' id='line_1_101' title="bbox 1909 3944 3491 4019; baseline -0.002 -17"><span class='ocrx_word' id='word_1_780' title='bbox 1909 3957 2099 4019; x_wconf 89' lang='lat' dir='ltr'><strong>putas,</strong></span> <span class='ocrx_word' id='word_1_781' title='bbox 2148 3946 2215 4001; x_wconf 90' lang='lat' dir='ltr'><strong>ad</strong></span> <span class='ocrx_word' id='word_1_782' title='bbox 2265 3947 2664 4002; x_wconf 84' lang='lat' dir='ltr'><strong>excusationem</strong></span> <span class='ocrx_word' id='word_1_783' title='bbox 2713 3944 3088 4015; x_wconf 75' lang='lat' dir='ltr'><strong>impudentizn,</strong></span> <span class='ocrx_word' id='word_1_784' title='bbox 3136 3944 3291 4000; x_wconf 89' lang='lat' dir='ltr'><strong>famis</strong></span> <span class='ocrx_word' id='word_1_785' title='bbox 3339 3944 3491 3999; x_wconf 86' lang='lat' dir='ltr'><strong>timo-</strong></span> 
     </span>
    </p>
   </div>
   <div class='ocr_carea' id='block_1_102' title="bbox 1910 4037 3495 4111">
    <p class='ocr_par' dir='ltr' id='par_1_102' title="bbox 1910 4037 3495 4111">
     <span class='ocr_line' id='line_1_102' title="bbox 1910 4037 3495 4111; baseline -0.004 -14"><span class='ocrx_word' id='word_1_786' title='bbox 1910 4058 2022 4098; x_wconf 88' lang='lat' dir='ltr'><strong>rem</strong></span> <span class='ocrx_word' id='word_1_787' title='bbox 2045 4082 2061 4107; x_wconf 95' lang='lat'><strong>,</strong></span> <span class='ocrx_word' id='word_1_788' title='bbox 2094 4040 2187 4096; x_wconf 90' lang='lat' dir='ltr'><strong>sed</strong></span> <span class='ocrx_word' id='word_1_789' title='bbox 2216 4039 2602 4110; x_wconf 88' lang='lat' dir='ltr'><strong>impudentiam</strong></span> <span class='ocrx_word' id='word_1_790' title='bbox 2638 4039 2853 4111; x_wconf 89' lang='lat' dir='ltr'><strong>arguis,</strong></span> <span class='ocrx_word' id='word_1_791' title='bbox 2902 4038 2992 4109; x_wconf 90' lang='lat' dir='ltr'><strong>qui</strong></span> <span class='ocrx_word' id='word_1_792' title='bbox 3035 4037 3170 4093; x_wconf 89' lang='lat' dir='ltr'><strong>forte</strong></span> <span class='ocrx_word' id='word_1_793' title='bbox 3212 4052 3355 4108; x_wconf 71' lang='lat' dir='ltr'><strong>smpe</strong></span> <span class='ocrx_word' id='word_1_794' title='bbox 3397 4037 3495 4091; x_wconf 88' lang='lat' dir='ltr'><strong>im-</strong></span> 
     </span>
    </p>
   </div>
   <div class='ocr_carea' id='block_1_103' title="bbox 1910 4130 3493 4207">
    <p class='ocr_par' dir='ltr' id='par_1_103' title="bbox 1910 4130 3493 4207">
     <span class='ocr_line' id='line_1_103' title="bbox 1910 4130 3493 4207; baseline -0.004 -17"><span class='ocrx_word' id='word_1_795' title='bbox 1910 4134 2201 4207; x_wconf 90' lang='lat' dir='ltr'><strong>pudentius</strong></span> <span class='ocrx_word' id='word_1_796' title='bbox 2228 4134 2381 4206; x_wconf 88' lang='lat' dir='ltr'><strong>egisti</strong></span> <span class='ocrx_word' id='word_1_797' title='bbox 2409 4134 2460 4188; x_wconf 92' lang='lat' dir='ltr'><strong>in</strong></span> <span class='ocrx_word' id='word_1_798' title='bbox 2492 4133 2653 4188; x_wconf 88' lang='lat' dir='ltr'><strong>rebus</strong></span> <span class='ocrx_word' id='word_1_799' title='bbox 2681 4131 3034 4204; x_wconf 84' lang='lat' dir='ltr'><strong>gravioribus.</strong></span> <span class='ocrx_word' id='word_1_800' title='bbox 3069 4130 3198 4185; x_wconf 90' lang='lat' dir='ltr'><strong>Nam</strong></span> <span class='ocrx_word' id='word_1_801' title='bbox 3229 4130 3315 4185; x_wconf 90' lang='lat' dir='ltr'><strong>hic</strong></span> <span class='ocrx_word' id='word_1_802' title='bbox 3344 4138 3493 4184; x_wconf 85' lang='lat' dir='ltr'><strong>certe</strong></span> 
     </span>
    </p>
   </div>
   <div class='ocr_carea' id='block_1_104' title="bbox 1910 4220 3495 4299">
    <p class='ocr_par' dir='ltr' id='par_1_104' title="bbox 1910 4220 3495 4299">
     <span class='ocr_line' id='line_1_104' title="bbox 1910 4220 3495 4299; baseline -0.006 -15"><span class='ocrx_word' id='word_1_803' title='bbox 1910 4227 2237 4299; x_wconf 87' lang='lat' dir='ltr'><strong>impudentia</strong></span> <span class='ocrx_word' id='word_1_804' title='bbox 2267 4225 2477 4282; x_wconf 89' lang='lat' dir='ltr'><strong>veniam</strong></span> <span class='ocrx_word' id='word_1_805' title='bbox 2519 4224 2673 4280; x_wconf 77' lang='lat' dir='ltr'><strong>aiicrt</strong></span> <span class='ocrx_word' id='word_1_806' title='bbox 2700 4242 2714 4279; x_wconf 90' lang='lat'><strong>:</strong></span> <span class='ocrx_word' id='word_1_807' title='bbox 2742 4238 2841 4279; x_wconf 90' lang='lat' dir='ltr'><strong>nos</strong></span> <span class='ocrx_word' id='word_1_808' title='bbox 2879 4239 3008 4281; x_wconf 89' lang='lat' dir='ltr'><strong>vero</strong></span> <span class='ocrx_word' id='word_1_809' title='bbox 3046 4237 3189 4294; x_wconf 65' lang='lat' dir='ltr'><strong>saepe</strong></span> <span class='ocrx_word' id='word_1_810' title='bbox 3232 4220 3495 4291; x_wconf 87' lang='lat' dir='ltr'><strong>supplicio</strong></span> 
     </span>
    </p>
   </div>
   <div class='ocr_carea' id='block_1_105' title="bbox 1909 4312 3494 4391">
    <p class='ocr_par' dir='ltr' id='par_1_105' title="bbox 1909 4312 3494 4391">
     <span class='ocr_line' id='line_1_105' title="bbox 1909 4312 3494 4391; baseline -0.006 -16"><span class='ocrx_word' id='word_1_811' title='bbox 1909 4318 2067 4391; x_wconf 90' lang='lat' dir='ltr'><strong>digna</strong></span> <span class='ocrx_word' id='word_1_812' title='bbox 2096 4316 2352 4377; x_wconf 89' lang='lat' dir='ltr'><strong>facientes</strong></span> <span class='ocrx_word' id='word_1_813' title='bbox 2384 4314 2721 4388; x_wconf 88' lang='lat' dir='ltr'><strong>impudenter</strong></span> <span class='ocrx_word' id='word_1_814' title='bbox 2745 4314 2981 4384; x_wconf 90' lang='lat' dir='ltr'><strong>agimus;</strong></span> <span class='ocrx_word' id='word_1_815' title='bbox 3013 4322 3066 4369; x_wconf 94' lang='lat' dir='ltr'><strong>et</strong></span> <span class='ocrx_word' id='word_1_816' title='bbox 3093 4328 3235 4377; x_wconf 91' lang='lat' dir='ltr'><strong>cum,</strong></span> <span class='ocrx_word' id='word_1_817' title='bbox 3266 4312 3378 4366; x_wconf 68' lang='lat' dir='ltr'><strong>haec</strong></span> <span class='ocrx_word' id='word_1_818' title='bbox 3398 4325 3494 4366; x_wconf 90' lang='lat' dir='ltr'><strong>co-</strong></span> 
     </span>
    </p>
   </div>
   <div class='ocr_carea' id='block_1_106' title="bbox 1909 4401 3497 4483">
    <p class='ocr_par' dir='ltr' id='par_1_106' title="bbox 1909 4401 3497 4483">
     <span class='ocr_line' id='line_1_106' title="bbox 1909 4401 3497 4483; baseline -0.005 -18"><span class='ocrx_word' id='word_1_819' title='bbox 1909 4413 2161 4483; x_wconf 89' lang='lat' dir='ltr'><strong>gitantes,</strong></span> <span class='ocrx_word' id='word_1_820' title='bbox 2209 4408 2438 4463; x_wconf 88' lang='lat' dir='ltr'><strong>humiles</strong></span> <span class='ocrx_word' id='word_1_821' title='bbox 2476 4420 2596 4462; x_wconf 89' lang='lat' dir='ltr'><strong>esse</strong></span> <span class='ocrx_word' id='word_1_822' title='bbox 2635 4413 2947 4475; x_wconf 90' lang='lat' dir='ltr'><strong>oporteret,</strong></span> <span class='ocrx_word' id='word_1_823' title='bbox 2998 4404 3051 4458; x_wconf 90' lang='lat' dir='ltr'><strong>in</strong></span> <span class='ocrx_word' id='word_1_824' title='bbox 3098 4403 3328 4458; x_wconf 89' lang='lat' dir='ltr'><strong>miseros</strong></span> <span class='ocrx_word' id='word_1_825' title='bbox 3371 4401 3497 4457; x_wconf 89' lang='lat' dir='ltr'><strong>illos</strong></span> 
     </span>
    </p>
   </div>
   <div class='ocr_carea' id='block_1_107' title="bbox 1910 4495 3492 4574">
    <p class='ocr_par' dir='ltr' id='par_1_107' title="bbox 1910 4495 3492 4574">
     <span class='ocr_line' id='line_1_107' title="bbox 1910 4495 3492 4574; baseline -0.005 -16"><span class='ocrx_word' id='word_1_826' title='bbox 1910 4502 2265 4574; x_wconf 88' lang='lat' dir='ltr'><strong>insurgimus,</strong></span> <span class='ocrx_word' id='word_1_827' title='bbox 2308 4515 2370 4554; x_wconf 91' lang='lat' dir='ltr'><strong>ac</strong></span> <span class='ocrx_word' id='word_1_828' title='bbox 2408 4498 2642 4555; x_wconf 88' lang='lat' dir='ltr'><strong>remedia</strong></span> <span class='ocrx_word' id='word_1_829' title='bbox 2687 4497 2991 4568; x_wconf 87' lang='lat' dir='ltr'><strong>petentibus</strong></span> <span class='ocrx_word' id='word_1_830' title='bbox 3033 4496 3257 4551; x_wconf 89' lang='lat' dir='ltr'><strong>vulnera</strong></span> <span class='ocrx_word' id='word_1_831' title='bbox 3302 4495 3492 4565; x_wconf 89' lang='lat' dir='ltr'><strong>adjici-</strong></span> 
     </span>
    </p>
   </div>
   <div class='ocr_carea' id='block_1_108' title="bbox 1908 4588 3494 4659">
    <p class='ocr_par' dir='ltr' id='par_1_108' title="bbox 1908 4588 3494 4659">
     <span class='ocr_line' id='line_1_108' title="bbox 1908 4588 3494 4659; baseline -0.008 -5"><span class='ocrx_word' id='word_1_832' title='bbox 1908 4613 2048 4654; x_wconf 89' lang='lat' dir='ltr'><strong>mus.</strong></span> <span class='ocrx_word' id='word_1_833' title='bbox 2071 4595 2205 4653; x_wconf 91' lang='lat' dir='ltr'><strong>Nam</strong></span> <span class='ocrx_word' id='word_1_834' title='bbox 2233 4595 2277 4651; x_wconf 91' lang='lat' dir='ltr'><strong>si</strong></span> <span class='ocrx_word' id='word_1_835' title='bbox 2307 4594 2435 4650; x_wconf 90' lang='lat' dir='ltr'><strong>dare</strong></span> <span class='ocrx_word' id='word_1_836' title='bbox 2465 4607 2569 4647; x_wconf 91' lang='lat' dir='ltr'><strong>non</strong></span> <span class='ocrx_word' id='word_1_837' title='bbox 2600 4592 2681 4647; x_wconf 89' lang='lat' dir='ltr'><strong>vis</strong></span> <span class='ocrx_word' id='word_1_838' title='bbox 2706 4634 2721 4655; x_wconf 88' lang='lat'><strong>,</strong></span> <span class='ocrx_word' id='word_1_839' title='bbox 2753 4606 2848 4646; x_wconf 91' lang='lat' dir='ltr'><strong>cur</strong></span> <span class='ocrx_word' id='word_1_840' title='bbox 2875 4588 3077 4645; x_wconf 68' lang='lat' dir='ltr'><strong>credis?</strong></span> <span class='ocrx_word' id='word_1_841' title='bbox 3111 4589 3155 4643; x_wconf 89' lang='lat' dir='ltr'><strong>si</strong></span> <span class='ocrx_word' id='word_1_842' title='bbox 3183 4588 3362 4659; x_wconf 87' lang='lat' dir='ltr'><strong>largiri</strong></span> <span class='ocrx_word' id='word_1_843' title='bbox 3388 4604 3494 4643; x_wconf 88' lang='lat' dir='ltr'><strong>non</strong></span> 
     </span>
    </p>
   </div>
   <div class='ocr_carea' id='block_1_109' title="bbox 1911 4680 3495 4758">
    <p class='ocr_par' dir='ltr' id='par_1_109' title="bbox 1911 4680 3495 4758">
     <span class='ocr_line' id='line_1_109' title="bbox 1911 4680 3495 4758; baseline -0.007 -15"><span class='ocrx_word' id='word_1_844' title='bbox 1911 4689 2025 4755; x_wconf 87' lang='lat' dir='ltr'><strong>vis,</strong></span> <span class='ocrx_word' id='word_1_845' title='bbox 2064 4702 2161 4743; x_wconf 91' lang='lat' dir='ltr'><strong>cur</strong></span> <span class='ocrx_word' id='word_1_846' title='bbox 2204 4686 2401 4758; x_wconf 90' lang='lat' dir='ltr'><strong>probro</strong></span> <span class='ocrx_word' id='word_1_847' title='bbox 2444 4683 2651 4739; x_wconf 89' lang='lat' dir='ltr'><strong>afficis?</strong></span> <span class='ocrx_word' id='word_1_848' title='bbox 2679 4682 2783 4739; x_wconf 91' lang='lat' dir='ltr'><strong>Sed</strong></span> <span class='ocrx_word' id='word_1_849' title='bbox 2814 4682 2904 4737; x_wconf 92' lang='lat' dir='ltr'><strong>ille</strong></span> <span class='ocrx_word' id='word_1_850' title='bbox 2931 4697 3035 4736; x_wconf 91' lang='lat' dir='ltr'><strong>non</strong></span> <span class='ocrx_word' id='word_1_851' title='bbox 3061 4680 3179 4735; x_wconf 91' lang='lat' dir='ltr'><strong>vult</strong></span> <span class='ocrx_word' id='word_1_852' title='bbox 3205 4680 3310 4735; x_wconf 90' lang='lat' dir='ltr'><strong>alio</strong></span> <span class='ocrx_word' id='word_1_853' title='bbox 3336 4680 3495 4734; x_wconf 88' lang='lat' dir='ltr'><strong>modo</strong></span> 
     </span>
    </p>
   </div>
   <div class='ocr_carea' id='block_1_110' title="bbox 1910 4771 3494 4847">
    <p class='ocr_par' dir='ltr' id='par_1_110' title="bbox 1910 4771 3494 4847">
     <span class='ocr_line' id='line_1_110' title="bbox 1910 4771 3494 4847; baseline -0.008 -11"><span class='ocrx_word' id='word_1_854' title='bbox 1910 4778 2209 4839; x_wconf 85' lang='lat' dir='ltr'><strong>discedere.</strong></span> <span class='ocrx_word' id='word_1_855' title='bbox 2238 4778 2328 4834; x_wconf 92' lang='lat' dir='ltr'><strong>Sic</strong></span> <span class='ocrx_word' id='word_1_856' title='bbox 2347 4791 2475 4847; x_wconf 84' lang='lat' dir='ltr'><strong>ergo</strong></span> <span class='ocrx_word' id='word_1_857' title='bbox 2498 4776 2580 4832; x_wconf 88' lang='lat' dir='ltr'><strong>fac</strong></span> <span class='ocrx_word' id='word_1_858' title='bbox 2601 4785 2658 4830; x_wconf 91' lang='lat' dir='ltr'><strong>ut</strong></span> <span class='ocrx_word' id='word_1_859' title='bbox 2677 4775 2767 4830; x_wconf 92' lang='lat' dir='ltr'><strong>ille</strong></span> <span class='ocrx_word' id='word_1_860' title='bbox 2788 4774 3001 4845; x_wconf 88' lang='lat' dir='ltr'><strong>sapiens</strong></span> <span class='ocrx_word' id='word_1_861' title='bbox 3018 4772 3205 4843; x_wconf 89' lang='lat' dir='ltr'><strong>jussit:</strong></span> <span class='ocrx_word' id='word_1_862' title='bbox 3227 4771 3494 4841; x_wconf 79' lang='lat' dir='ltr'><strong>Responde</strong></span> 
     </span>
    </p>
   </div>
   <div class='ocr_carea' id='block_1_111' title="bbox 1909 4863 3497 4947">
    <p class='ocr_par' dir='ltr' id='par_1_111' title="bbox 1909 4863 3497 4947">
     <span class='ocr_line' id='line_1_111' title="bbox 1909 4863 3497 4947; baseline -0.008 -18"><span class='ocrx_word' id='word_1_863' title='bbox 1909 4874 1988 4929; x_wconf 83' lang='lat' dir='ltr'><strong>illi</strong></span> <span class='ocrx_word' id='word_1_864' title='bbox 2036 4872 2247 4944; x_wconf 72' lang='lat' dir='ltr'><strong>paciﬁca</strong></span> <span class='ocrx_word' id='word_1_865' title='bbox 2289 4887 2405 4926; x_wconf 87' lang='lat' dir='ltr'><strong>cum</strong></span> <span class='ocrx_word' id='word_1_866' title='bbox 2449 4867 2835 4924; x_wconf 81' lang='lat' dir='ltr'><strong>mansuetudine</strong></span> <span class='ocrx_word' id='word_1_867' title='bbox 2878 4866 3065 4938; x_wconf 85' lang='lat' dir='ltr'><strong>(Eccli.</strong></span> <span class='ocrx_word' id='word_1_868' title='bbox 3099 4876 3152 4920; x_wconf 75' lang='lat'><strong>4.</strong></span> <span class='ocrx_word' id='word_1_869' title='bbox 3187 4863 3263 4936; x_wconf 90' lang='lat'><strong>8).</strong></span> <span class='ocrx_word' id='word_1_870' title='bbox 3311 4863 3497 4947; x_wconf 83' lang='lat' dir='ltr'><strong>Neque</strong></span> 
     </span>
    </p>
   </div>
   <div class='ocr_carea' id='block_1_112' title="bbox 1910 4957 3491 5032">
    <p class='ocr_par' dir='ltr' id='par_1_112' title="bbox 1910 4957 3491 5032">
     <span class='ocr_line' id='line_1_112' title="bbox 1910 4957 3491 5032; baseline -0.009 -11"><span class='ocrx_word' id='word_1_871' title='bbox 1910 4965 2054 5022; x_wconf 90' lang='lat' dir='ltr'><strong>enim</strong></span> <span class='ocrx_word' id='word_1_872' title='bbox 2080 4964 2271 5019; x_wconf 88' lang='lat' dir='ltr'><strong>lubens</strong></span> <span class='ocrx_word' id='word_1_873' title='bbox 2295 4963 2373 5018; x_wconf 91' lang='lat' dir='ltr'><strong>sic</strong></span> <span class='ocrx_word' id='word_1_874' title='bbox 2406 4960 2747 5032; x_wconf 90' lang='lat' dir='ltr'><strong>impudenter</strong></span> <span class='ocrx_word' id='word_1_875' title='bbox 2771 4959 2903 5029; x_wconf 84' lang='lat' dir='ltr'><strong>agit.</strong></span> <span class='ocrx_word' id='word_1_876' title='bbox 2936 4957 3126 5012; x_wconf 92' lang='lat' dir='ltr'><strong>Nullus</strong></span> <span class='ocrx_word' id='word_1_877' title='bbox 3155 4957 3350 5025; x_wconf 89' lang='lat' dir='ltr'><strong>quippe</strong></span> <span class='ocrx_word' id='word_1_878' title='bbox 3374 4965 3458 5009; x_wconf 73' lang='grc' dir='ltr'><strong>εει</strong></span> <span class='ocrx_word' id='word_1_879' title='bbox 3475 4995 3491 5019; x_wconf 84' lang='grc'><em>,</em></span> 
     </span>
    </p>
   </div>
   <div class='ocr_carea' id='block_1_113' title="bbox 1911 5049 3492 5124">
    <p class='ocr_par' dir='ltr' id='par_1_113' title="bbox 1911 5049 3492 5124">
     <span class='ocr_line' id='line_1_113' title="bbox 1911 5049 3492 5124; baseline -0.008 -11"><span class='ocrx_word' id='word_1_880' title='bbox 1911 5058 2090 5113; x_wconf 89' lang='lat' dir='ltr'><strong>nullus</strong></span> <span class='ocrx_word' id='word_1_881' title='bbox 2114 5066 2197 5113; x_wconf 90' lang='lat' dir='ltr'><strong>est</strong></span> <span class='ocrx_word' id='word_1_882' title='bbox 2223 5054 2415 5123; x_wconf 85' lang='lat' dir='ltr'><strong>homo,</strong></span> <span class='ocrx_word' id='word_1_883' title='bbox 2457 5053 2692 5124; x_wconf 77' lang='lat' dir='ltr'><strong>qui‘sine</strong></span> <span class='ocrx_word' id='word_1_884' title='bbox 2724 5066 2881 5107; x_wconf 87' lang='lat' dir='ltr'><strong>causa</strong></span> <span class='ocrx_word' id='word_1_885' title='bbox 2909 5050 3036 5107; x_wconf 85' lang='lat' dir='ltr'><strong>velit</strong></span> <span class='ocrx_word' id='word_1_886' title='bbox 3061 5049 3286 5118; x_wconf 88' lang='lat' dir='ltr'><strong>turpiter</strong></span> <span class='ocrx_word' id='word_1_887' title='bbox 3312 5062 3492 5119; x_wconf 84' lang='lat' dir='ltr'><strong>agere.</strong></span> 
     </span>
    </p>
   </div>
   <div class='ocr_carea' id='block_1_114' title="bbox 1913 5141 3494 5219">
    <p class='ocr_par' dir='ltr' id='par_1_114' title="bbox 1913 5141 3494 5219">
     <span class='ocr_line' id='line_1_114' title="bbox 1913 5141 3494 5219; baseline -0.008 -13"><span class='ocrx_word' id='word_1_888' title='bbox 1913 5149 2133 5206; x_wconf 86' lang='lat' dir='ltr'><strong>Etiamsi</strong></span> <span class='ocrx_word' id='word_1_889' title='bbox 2160 5148 2301 5204; x_wconf 91' lang='lat' dir='ltr'><strong>enim</strong></span> <span class='ocrx_word' id='word_1_890' title='bbox 2325 5146 2539 5219; x_wconf 89' lang='lat' dir='ltr'><strong>quidam</strong></span> <span class='ocrx_word' id='word_1_891' title='bbox 2564 5144 2760 5200; x_wconf 85' lang='lat' dir='ltr'><strong>millies</strong></span> <span class='ocrx_word' id='word_1_892' title='bbox 2780 5141 3143 5198; x_wconf 82' lang='lat' dir='ltr'><strong>contradicant</strong></span> <span class='ocrx_word' id='word_1_893' title='bbox 3159 5182 3175 5207; x_wconf 96' lang='lat'><strong>,</strong></span> <span class='ocrx_word' id='word_1_894' title='bbox 3205 5155 3494 5210; x_wconf 90' lang='lat' dir='ltr'><strong>numquam</strong></span> 
     </span>
    </p>
   </div>
   <div class='ocr_carea' id='block_1_115' title="bbox 1910 5232 3497 5303">
    <p class='ocr_par' dir='ltr' id='par_1_115' title="bbox 1910 5232 3497 5303">
     <span class='ocr_line' id='line_1_115' title="bbox 1910 5232 3497 5303; baseline -0.008 -5"><span class='ocrx_word' id='word_1_895' title='bbox 1910 5243 2148 5298; x_wconf 88' lang='lat' dir='ltr'><strong>adducar</strong></span> <span class='ocrx_word' id='word_1_896' title='bbox 2172 5249 2229 5296; x_wconf 95' lang='lat' dir='ltr'><strong>ut</strong></span> <span class='ocrx_word' id='word_1_897' title='bbox 2258 5239 2473 5295; x_wconf 85' lang='lat' dir='ltr'><strong>credam</strong></span> <span class='ocrx_word' id='word_1_898' title='bbox 2504 5236 2776 5291; x_wconf 90' lang='lat' dir='ltr'><strong>hominem</strong></span> <span class='ocrx_word' id='word_1_899' title='bbox 2821 5235 2873 5288; x_wconf 93' lang='lat' dir='ltr'><strong>in</strong></span> <span class='ocrx_word' id='word_1_900' title='bbox 2914 5233 3065 5303; x_wconf 90' lang='lat' dir='ltr'><strong>copia</strong></span> <span class='ocrx_word' id='word_1_901' title='bbox 3105 5247 3284 5287; x_wconf 90' lang='lat' dir='ltr'><strong>rerum</strong></span> <span class='ocrx_word' id='word_1_902' title='bbox 3315 5232 3497 5289; x_wconf 83' lang='lat' dir='ltr'><strong>viven-</strong></span> 
     </span>
    </p>
   </div>
   <div class='ocr_carea' id='block_1_116' title="bbox 1913 5323 3498 5395">
    <p class='ocr_par' dir='ltr' id='par_1_116' title="bbox 1913 5323 3498 5395">
     <span class='ocr_line' id='line_1_116' title="bbox 1913 5323 3498 5395; baseline -0.008 -5"><span class='ocrx_word' id='word_1_903' title='bbox 1913 5344 2020 5389; x_wconf 89' lang='lat' dir='ltr'><strong>tem</strong></span> <span class='ocrx_word' id='word_1_904' title='bbox 2049 5331 2411 5389; x_wconf 89' lang='lat' dir='ltr'><strong>emendicare.</strong></span> <span class='ocrx_word' id='word_1_905' title='bbox 2452 5329 2620 5383; x_wconf 85' lang='lat' dir='ltr'><strong>Nemo</strong></span> <span class='ocrx_word' id='word_1_906' title='bbox 2660 5327 2841 5395; x_wconf 86' lang='lat' dir='ltr'><strong>itaque</strong></span> <span class='ocrx_word' id='word_1_907' title='bbox 2882 5338 2980 5379; x_wconf 89' lang='lat' dir='ltr'><strong>nos</strong></span> <span class='ocrx_word' id='word_1_908' title='bbox 3017 5323 3162 5379; x_wconf 88' lang='lat' dir='ltr'><strong>falsis</strong></span> <span class='ocrx_word' id='word_1_909' title='bbox 3202 5323 3498 5379; x_wconf 89' lang='lat' dir='ltr'><strong>rationibus</strong></span> 
     </span>
    </p>
   </div>
   <div class='ocr_carea' id='block_1_117' title="bbox 1913 5414 3499 5495">
    <p class='ocr_par' dir='ltr' id='par_1_117' title="bbox 1913 5414 3499 5495">
     <span class='ocr_line' id='line_1_117' title="bbox 1913 5414 3499 5495; baseline -0.008 -15"><span class='ocrx_word' id='word_1_910' title='bbox 1913 5424 2165 5495; x_wconf 90' lang='lat' dir='ltr'><strong>decipiat.</strong></span> <span class='ocrx_word' id='word_1_911' title='bbox 2196 5421 2301 5478; x_wconf 90' lang='lat' dir='ltr'><strong>Sed</strong></span> <span class='ocrx_word' id='word_1_912' title='bbox 2328 5420 2537 5476; x_wconf 87' lang='lat' dir='ltr'><strong>etiamsi</strong></span> <span class='ocrx_word' id='word_1_913' title='bbox 2565 5419 2707 5473; x_wconf 89' lang='lat' dir='ltr'><strong>dicat</strong></span> <span class='ocrx_word' id='word_1_914' title='bbox 2746 5415 2981 5471; x_wconf 81' lang='lat' dir='ltr'><strong>Paulus:</strong></span> <span class='ocrx_word' id='word_1_915' title='bbox 3013 5414 3075 5472; x_wconf 86' lang='lat' dir='ltr'><strong>Si</strong></span> <span class='ocrx_word' id='word_1_916' title='bbox 3118 5416 3229 5484; x_wconf 85' lang='lat' dir='ltr'><strong>quis</strong></span> <span class='ocrx_word' id='word_1_917' title='bbox 3269 5415 3499 5469; x_wconf 80' lang='lat' dir='ltr'><strong>laborare</strong></span> 
     </span>
    </p>
   </div>
   <div class='ocr_carea' id='block_1_118' title="bbox 1914 5505 3499 5582">
    <p class='ocr_par' dir='ltr' id='par_1_118' title="bbox 1914 5505 3499 5582">
     <span class='ocr_line' id='line_1_118' title="bbox 1914 5505 3499 5582; baseline -0.006 -11"><span class='ocrx_word' id='word_1_918' title='bbox 1914 5533 2017 5570; x_wconf 86' lang='lat' dir='ltr'><strong>non</strong></span> <span class='ocrx_word' id='word_1_919' title='bbox 2042 5515 2194 5580; x_wconf 86' lang='lat' dir='ltr'><strong>velit,</strong></span> <span class='ocrx_word' id='word_1_920' title='bbox 2226 5529 2316 5567; x_wconf 85' lang='lat' dir='ltr'><strong>nec</strong></span> <span class='ocrx_word' id='word_1_921' title='bbox 2342 5510 2609 5565; x_wconf 84' lang='lat' dir='ltr'><strong>manducet</strong></span> <span class='ocrx_word' id='word_1_922' title='bbox 2634 5507 2710 5582; x_wconf 72' lang='lat'><strong>(2.</strong></span> <span class='ocrx_word' id='word_1_923' title='bbox 2745 5506 2925 5562; x_wconf 79' lang='lat' dir='ltr'><strong>Thess.</strong></span> <span class='ocrx_word' id='word_1_924' title='bbox 2952 5506 3007 5561; x_wconf 81' lang='lat'><strong>&#39;5.</strong></span> <span class='ocrx_word' id='word_1_925' title='bbox 3039 5505 3128 5577; x_wconf 77' lang='grc'><strong>10)</strong></span> <span class='ocrx_word' id='word_1_926' title='bbox 3152 5523 3166 5572; x_wconf 90' lang='lat'><strong>;</strong></span> <span class='ocrx_word' id='word_1_927' title='bbox 3198 5506 3324 5562; x_wconf 87' lang='lat' dir='ltr'><strong>illos</strong></span> <span class='ocrx_word' id='word_1_928' title='bbox 3352 5515 3499 5561; x_wconf 81' lang='lat' dir='ltr'><strong>certe</strong></span> 
     </span>
    </p>
   </div>
   <div class='ocr_carea' id='block_1_119' title="bbox 1915 5597 3496 5674">
    <p class='ocr_par' dir='ltr' id='par_1_119' title="bbox 1915 5597 3496 5674">
     <span class='ocr_line' id='line_1_119' title="bbox 1915 5597 3496 5674; baseline -0.009 -10"><span class='ocrx_word' id='word_1_929' title='bbox 1915 5607 2110 5664; x_wconf 89' lang='lat' dir='ltr'><strong>Paulus</strong></span> <span class='ocrx_word' id='word_1_930' title='bbox 2150 5603 2453 5674; x_wconf 88' lang='lat' dir='ltr'><strong>alloquitur,</strong></span> <span class='ocrx_word' id='word_1_931' title='bbox 2483 5616 2591 5656; x_wconf 89' lang='lat' dir='ltr'><strong>non</strong></span> <span class='ocrx_word' id='word_1_932' title='bbox 2621 5615 2756 5664; x_wconf 89' lang='lat' dir='ltr'><strong>nos;</strong></span> <span class='ocrx_word' id='word_1_933' title='bbox 2787 5599 2896 5654; x_wconf 92' lang='lat' dir='ltr'><strong>imo</strong></span> <span class='ocrx_word' id='word_1_934' title='bbox 2926 5606 3111 5654; x_wconf 90' lang='lat' dir='ltr'><strong>contra</strong></span> <span class='ocrx_word' id='word_1_935' title='bbox 3139 5615 3153 5652; x_wconf 88' lang='lat'><strong>:</strong></span> <span class='ocrx_word' id='word_1_936' title='bbox 3184 5597 3385 5652; x_wconf 84' lang='lat' dir='ltr'><strong>Bonum</strong></span> <span class='ocrx_word' id='word_1_937' title='bbox 3410 5598 3496 5666; x_wconf 78' lang='lat' dir='ltr'><strong>fa-</strong></span> 
     </span>
    </p>
   </div>
   <div class='ocr_carea' id='block_1_120' title="bbox 1914 5687 3488 5766">
    <p class='ocr_par' dir='ltr' id='par_1_120' title="bbox 1914 5687 3488 5766">
     <span class='ocr_line' id='line_1_120' title="bbox 1914 5687 3488 5766; baseline -0.007 -12"><span class='ocrx_word' id='word_1_938' title='bbox 1914 5707 2096 5754; x_wconf 78' lang='lat' dir='ltr'><strong>cientes</strong></span> <span class='ocrx_word' id='word_1_939' title='bbox 2132 5713 2233 5750; x_wconf 88' lang='lat' dir='ltr'><strong>non</strong></span> <span class='ocrx_word' id='word_1_940' title='bbox 2261 5689 2732 5766; x_wconf 30' lang='lat' dir='ltr'><strong>despiciatis,(lbid.</strong></span> <span class='ocrx_word' id='word_1_941' title='bbox 2767 5708 2818 5746; x_wconf 83' lang='grc' dir='ltr'><strong>υ.</strong></span> <span class='ocrx_word' id='word_1_942' title='bbox 2855 5691 2968 5761; x_wconf 77' lang='grc'><strong>15).</strong></span> <span class='ocrx_word' id='word_1_943' title='bbox 2993 5689 3084 5745; x_wconf 89' lang='lat' dir='ltr'><strong>Sic</strong></span> <span class='ocrx_word' id='word_1_944' title='bbox 3110 5687 3255 5745; x_wconf 92' lang='lat' dir='ltr'><strong>domi</strong></span> <span class='ocrx_word' id='word_1_945' title='bbox 3282 5702 3379 5743; x_wconf 90' lang='lat' dir='ltr'><strong>nos</strong></span> <span class='ocrx_word' id='word_1_946' title='bbox 3408 5687 3488 5743; x_wconf 88' lang='lat' dir='ltr'><strong>fa-</strong></span> 
     </span>
    </p>
   </div>
   <div class='ocr_carea' id='block_1_121' title="bbox 1917 5778 3492 5856">
    <p class='ocr_par' dir='ltr' id='par_1_121' title="bbox 1917 5778 3492 5856">
     <span class='ocr_line' id='line_1_121' title="bbox 1917 5778 3492 5856; baseline -0.012 -5"><span class='ocrx_word' id='word_1_947' title='bbox 1917 5792 2126 5851; x_wconf 88' lang='lat' dir='ltr'><strong>cimus:</strong></span> <span class='ocrx_word' id='word_1_948' title='bbox 2154 5804 2275 5848; x_wconf 85' lang='lat' dir='ltr'><strong>cum</strong></span> <span class='ocrx_word' id='word_1_949' title='bbox 2328 5786 2462 5846; x_wconf 87' lang='lat' dir='ltr'><strong>duos</strong></span> <span class='ocrx_word' id='word_1_950' title='bbox 2498 5785 2743 5843; x_wconf 84' lang='lat' dir='ltr'><strong>videmus</strong></span> <span class='ocrx_word' id='word_1_951' title='bbox 2785 5784 3087 5856; x_wconf 82' lang='lat' dir='ltr'><strong>litigantes,</strong></span> <span class='ocrx_word' id='word_1_952' title='bbox 3124 5778 3346 5838; x_wconf 88' lang='lat' dir='ltr'><strong>scorsim</strong></span> <span class='ocrx_word' id='word_1_953' title='bbox 3377 5778 3492 5834; x_wconf 85' lang='lat' dir='ltr'><strong>sin-</strong></span> 
     </span>
    </p>
   </div>
  </div>
