3900 6194
404 312 498 366 HI

399 428 549 495 gulos
579 424 902 497 accipientes
941 425 1207 481 contraria
1249 425 1613 482 cohortamur.
1644 424 1733 481 Sic
1761 431 1818 482 et
1843 425 1984 481 Deus

403 518 528 571 fecit
552 527 605 572 et
634 516 847 589 Moyses
884 531 1139 587 quoque:
1168 531 1290 572 nam
1337 517 1448 572 Deo
1488 516 1736 573 dicebat:
1769 517 1831 573 Si
1871 518 1985 588 qui-

401 612 514 662 dem
541 609 749 662 dimittis
779 617 1038 678 peccatum
1061 607 1206 678 ipsis,
1228 607 1458 674 dimitte;
1485 609 1564 662 sin
1599 609 1786 673 minus,
1819 618 1876 688 et.
1905 624 1986 662 nte

400 699 512 754 dele
537 697 732 768 (Exod.
761 698 850 755 59.
880 699 968 755 51.
999 698 1130 770 33);
1163 699 1272 754 illis
1297 713 1428 756 vero
1458 700 1710 770 praecepit
1731 740 1747 761 .
1778 709 1834 754 ut
1861 714 1983 754 sese

407 801 596 847 mutuo
615 790 959 860 occiderent,
981 800 1142 864 atque
1166 802 1422 863 cognatos
1449 808 1658 850 omnes.
1703 795 1863 865 Atqui
1893 795 1982 850 illa

398 884 669 939 contraria
712 893 902 951 erant,
931 893 986 940 et
1011 892 1186 940 tamen
1226 885 1292 940 ad
1335 885 1582 942 eumdem
1622 887 1781 942 linem
1819 887 1980 942 ambo

403 975 782 1045 respiciebant.
826 976 1056 1031 Rursum
1096 977 1238 1032 Deus
1263 977 1463 1047 Moysi,
1493 977 1692 1034 Judaais
1714 978 1978 1035 audienti-

401 1067 500 1122 bus
519 1068 761 1125 dicebat:
785 1067 996 1124 Dimitte
1016 1087 1114 1138 me,
1135 1080 1182 1125 et
1207 1080 1461 1126 conteram
1484 1074 1749 1142 pupulum.
1773 1072 1978 1128 Etiam-

400 1159 446 1214 si
475 1160 616 1214 enim
658 1173 766 1214 non
803 1158 1092 1229 adessent,
1138 1175 1261 1217 cum
1309 1160 1450 1218 Deus
1492 1161 1607 1218 haec
1651 1163 1886 1230 diceret,
1927 1172 1980 1220 at

403 1250 516 1306 lucc
543 1261 724 1322 postea
762 1253 993 1309 audituri
1024 1262 1212 1320 erant;
1253 1258 1476 1312 seorsim
1502 1270 1630 1311 vero
1655 1255 1738 1312 his
1760 1264 1977 1312 contra-

401 1341 479 1397 ria
515 1342 750 1398 mandat.
793 1344 860 1398 Et
900 1346 1012 1401 lucc
1043 1346 1253 1418 Moyses
1275 1356 1458 1416 postea
1489 1357 1705 1404 coactus
1731 1349 1868 1404 dixit
1895 1348 1978 1406 his

401 1434 578 1490 verbis
608 1453 621 1490 :
653 1435 702 1489 Ν
708 1438 915 1507 seuquid
937 1455 1026 1509 ego
1053 1439 1169 1492 illos
1188 1440 1242 1492 in
1270 1450 1411 1496 utero
1439 1441 1646 1512 concepi
1666 1481 1680 1506 ,
1708 1442 1827 1510 quia
1849 1441 1976 1496 dicis

402 1527 526 1580 mihi
545 1567 564 1593 ,
594 1527 744 1582 Gesta
785 1545 868 1582 eos
906 1530 1038 1584 sicut
1065 1541 1226 1601 gestat
1255 1532 1427 1586 nutrix
1467 1532 1734 1588 lactentem
1771 1534 1826 1588 in
1861 1534 1972 1588 sinu

397 1633 492 1671 suo
522 1617 706 1688 (Nunt.
748 1620 835 1676 11.
865 1619 995 1690 12)?
1039 1621 1163 1676 llaec
1211 1622 1262 1676 iu
1309 1622 1556 1679 domibus
1601 1638 1814 1695 quoque
1859 1623 1972 1678 fieri

397 1711 594 1766 solent.
639 1710 850 1767 Etenim
893 1728 1034 1783 szepe
1060 1724 1210 1784 pater
1240 1714 1582 1787 paedagogum
1607 1757 1624 1782 ,
1667 1716 1758 1788 qui
1805 1715 1972 1772 filium

394 1803 652 1870 corripuit
669 1843 686 1868 ,
716 1817 959 1858 seorsum
987 1804 1228 1876 increpat
1251 1805 1334 1862 his
1361 1807 1538 1863 verbis
1556 1849 1573 1875 ,
1602 1807 1678 1863 Ne
1705 1808 1781 1863 sis
1808 1807 1987 1864 durus-

395 1903 450 1946 et
477 1907 664 1962 asper;
698 1910 860 1963 puero
880 1904 1059 1952 autem
1085 1898 1350 1954 contraria
1371 1897 1502 1954 dicit
1525 1916 1539 1954 :
1564 1899 1784 1955 Etiamsi
1811 1909 1862 1956 te
1886 1900 1971 1955 in-

391 1982 534 2051 juste
567 1988 826 2056 corrigat,
860 1987 910 2040 id
940 1987 1142 2054 tolera;
1169 2003 1235 2043 ex
1265 1990 1550 2046 contrariis
1577 2005 1742 2046 unum
1772 1998 1825 2046 et
1855 1993 1974 2062 qui-

401 2075 522 2130 dem
551 2076 682 2132 utile
713 2092 925 2147 paraus.
982 2078 1059 2134 ita
1109 2095 1319 2151 quoque
1361 2080 1557 2137 Paulus
1602 2083 1740 2138 bene
1787 2085 1972 2139 valen-

391 2165 534 2222 tibus
585 2166 842 2224 mendicis
896 2169 1106 2226 dicebat
1153 2189 1166 2224 :
1216 2171 1278 2227 Si
1338 2173 1451 2242 quis
1502 2189 1604 2228 non
1662 2172 1766 2227 vult
1821 2175 1970 2230 labo-

391 2275 542 2326 rare,
590 2276 680 2314 nec
725 2262 992 2318 manducet
1042 2264 1120 2334 (2.
1162 2263 1341 2320 Thess.
1366 2265 1417 2321 3.
1451 2265 1575 2337 10);
1624 2277 1682 2321 ut
1725 2266 1792 2322 ad
1835 2282 1970 2338 opus

395 2349 519 2407 illos
560 2355 844 2420 excitaret;
891 2355 957 2411 iis
1001 2371 1131 2411 vero
1175 2358 1265 2428 qui
1310 2358 1701 2430 eleemosynam
1748 2375 1972 2431 erogare

390 2454 648 2513 possent:
715 2446 812 2502 Vos
861 2458 1028 2503 autent
1073 2449 1437 2519 benefacicntes
1485 2469 1548 2506 ne
1588 2453 1871 2522 deﬁciatis;
1913 2464 1972 2510 ut

391 2536 513 2593 illos
539 2537 606 2592 ad
633 2538 1029 2611 eleemosynam
1059 2541 1378 2612 impelleret.
1407 2542 1496 2598 Sic
1519 2559 1639 2599 cum
1668 2559 1762 2602 eos
1785 2547 1874 2616 qui
1901 2561 1968 2602 ex

389 2627 672 2698 gentilibus
701 2629 766 2684 ad
797 2629 955 2686 tidem
982 2642 1354 2699 accesserant,
1399 2635 1453 2690 in
1493 2634 1729 2704 Epistola
1760 2637 1826 2692 ad
1856 2637 1967 2694 Ro-

391 2735 576 2777 manos
603 2721 756 2793 (Cap.
780 2724 866 2778 11.
893 2741 942 2779 υ.
967 2726 1060 2796 17)
1080 2725 1416 2794 hortabatur,
1449 2743 1516 2784 ne
1541 2738 1727 2785 contra
1753 2729 1967 2786 Iudaeos

388 2814 552 2868 altum
580 2825 849 2884 saperent.
882 2817 1169 2873 oleastrum
1215 2820 1269 2874 in
1317 2819 1550 2876 medium
1575 2822 1792 2878 adducit
1815 2864 1832 2891 ,
1863 2823 1964 2878 alia

389 2904 494 2971 his,
524 2906 625 2960 alia
664 2906 767 2961 illis
795 2907 974 2964 dicere
1003 2909 1231 2966 videtur.
1276 2909 1353 2966 Ne
1392 2911 1569 2981 itaque
1597 2915 1648 2968 in
1676 2912 1966 2969 crudelita-

387 3003 497 3050 tem
547 2996 879 3065 incidamus;
909 2999 1004 3056 sed
1051 2999 1330 3056 audiamus
1377 3002 1599 3058 Paulum
1657 3003 1962 3062 dicentem:

384 3083 586 3142 Bonum
609 3090 848 3159 facientes
883 3108 946 3145 ne
991 3092 1259 3161 deﬁciatis.
1305 3093 1597 3151 Audiamus
1623 3095 1962 3153 Servatorem

385 3180 652 3237 dicentem
678 3200 694 3240 :
725 3183 877 3238 Omni
923 3187 1108 3256 petenti
1163 3195 1210 3242 te
1251 3187 1318 3241 da
1361 3187 1576 3259 (Matth.
1607 3189 1661 3245 5.
1698 3189 1796 3260 62)
1823 3207 1838 3255 ;
1867 3198 1965 3259 et,

388 3271 558 3328 Estote
598 3275 978 3344 misericordes,
1025 3278 1155 3333 sicut
1199 3277 1354 3333 Pater
1382 3291 1540 3335 uester
1580 3279 1728 3354 (Luc.
1757 3281 1810 3338 6.
1843 3281 1958 3353 '56).

381 3364 503 3419 Etsi
530 3366 692 3421 multa
720 3367 948 3432 dixerit,
981 3383 1242 3438 nusijuam
1269 3380 1444 3426 tamen
1485 3371 1585 3427 hoc
1613 3373 1822 3442 posuit,
1857 3372 1959 3428 nisi

381 3471 504 3511 eum
547 3456 620 3514 de
662 3458 1099 3517 misericordibus
1137 3461 1358 3518 diceret.
1407 3462 1548 3518 Nihil
1587 3463 1733 3520 enim
1762 3465 1832 3520 ita
1860 3480 1958 3521 nos

379 3548 612 3618 aequales
644 3549 753 3606 Deo
783 3551 939 3619 facit,
969 3561 1027 3607 ut
1055 3553 1100 3608 si
1131 3553 1388 3610 beneficia
1415 3565 1751 3624 praestemus.

446 3639 500 3694 5.
535 3638 793 3710 Pauperes
815 3659 846 3695 a
866 3642 1072 3697 crimine
1096 3644 1424 3712 impudentia:
1442 3645 1779 3702 uindicantur.
1813 3647 1953 3715 Quo-

375 3729 526 3784 modo
550 3730 650 3784 sint
673 3732 972 3802 excipiendi.
987 3762 1059 3773 —
1080 3734 1149 3787 At
1168 3732 1299 3788 nihil
1321 3733 1698 3804 impudentius,
1722 3734 1949 3806 inquies,

375 3835 628 3890 paupere.
680 3820 822 3877 Cur?
864 3838 1180 3892 quaesozan
1229 3823 1352 3895 quia
1401 3839 1690 3880 accurreus
1719 3826 1953 3883 clamat?

374 3911 467 3965 Vis
493 3913 768 3968 ostendam
797 3928 896 3970 nos
925 3914 1030 3969 illis
1059 3914 1226 3970 multo
1251 3931 1371 3972 esse
1401 3917 1861 3986 impudentiores?
1889 3919 1948 3974 lu

370 4013 604 4060 mentem
660 4021 882 4074 revoca,
930 4007 1141 4078 quoties
1185 4007 1370 4078 jejunii
1424 4017 1664 4080 tempore
1693 4051 1708 4076 ,
1765 4025 1947 4067 mensa

367 4111 594 4167 vespere
621 4098 864 4168 apposita
881 4140 896 4164 ,
921 4107 1216 4170 vocatoque
1243 4100 1489 4154 ministro
1506 4139 1524 4168 ,
1565 4100 1611 4155 si
1639 4100 1840 4156 tardius
1867 4101 1948 4157 in-

366 4188 615 4255 cederet,
643 4189 822 4245 omnia
850 4190 1086 4245 evertisti
1104 4231 1119 4258 ,
1162 4190 1399 4246 calcibus
1424 4190 1740 4270 obstrepens
1759 4233 1778 4259 ,
1815 4207 1946 4250 con-

365 4283 502 4339 vicia
527 4293 580 4338 et
605 4284 800 4355 probra
821 4283 1048 4340 efferens
1078 4299 1178 4355 pro
1201 4299 1360 4355 parva
1386 4299 1569 4352 mora;
1600 4287 1701 4342 etsi
1724 4287 1871 4342 noris
1892 4298 1945 4344 te

364 4377 610 4445 quamvis
639 4392 746 4432 non
775 4377 956 4432 statim
977 4419 994 4443 ,
1025 4387 1146 4448 post
1171 4377 1437 4433 tantillum
1465 4386 1643 4434 tamen
1685 4382 1942 4450 temporis

361 4467 504 4537 large
530 4477 890 4525 comesturum
937 4485 1080 4526 esse.
1123 4470 1282 4540 Atqui
1331 4479 1383 4526 te
1423 4470 1618 4541 ipsum,
1646 4471 1736 4542 qui
1763 4487 1860 4543 pro
1879 4487 1940 4529 re

359 4557 578 4612 minima
623 4559 852 4626 ferocis,
884 4575 990 4616 non
1023 4560 1385 4632 impudentem
1416 4577 1575 4618 vocas
1596 4604 1611 4628 ,
1648 4578 1935 4634 pauperem

359 4662 490 4703 vero
509 4689 528 4714 ,
553 4648 643 4719 qui
663 4649 734 4705 de
763 4665 823 4707 re
853 4651 1042 4720 majori
1091 4653 1282 4708 metuit
1328 4662 1383 4708 et
1429 4653 1608 4708 tremit
1636 4652 1764 4725 (non
1789 4654 1934 4710 enim

359 4757 558 4798 moram
581 4783 598 4808 ,
644 4743 740 4801 sed
770 4742 963 4799 famem
993 4745 1184 4816 timet),
1214 4759 1371 4801 vocas
1401 4747 1725 4816 petulantem
1753 4755 1807 4802 et
1836 4747 1935 4802 im-

351 4833 676 4904 prudentem,
724 4849 788 4890 ac
829 4835 1136 4905 turpissima
1176 4835 1228 4890 in
1268 4835 1413 4891 illum
1443 4837 1620 4891 omnia
1647 4837 1935 4908 congeris?

348 4929 543 4983 Annon
572 4926 624 4982 id
649 4937 906 4984 extrema:
931 4935 1016 4983 est
1042 4927 1426 4998 impudentiae?
1454 4928 1650 4985 Verum
1677 4929 1792 4986 haec
1821 4945 1928 4985 non

347 5018 402 5072 in
430 5027 608 5074 mente
638 5033 914 5075 versamus
932 5060 949 5087 ,
980 5017 1208 5090 ideoque
1233 5017 1354 5075 illos
1379 5019 1635 5076 molestos
1659 5021 1924 5078 dicimus:

345 5111 488 5180 quod
514 5112 558 5166 si
580 5128 698 5183 quae
720 5122 903 5168 nostra
927 5122 1054 5168 sunt
1073 5111 1475 5184 exploraremus
1493 5154 1510 5180 ,
1535 5112 1926 5169 conferremus-

345 5217 446 5272 que
474 5217 596 5258 cum
619 5204 772 5260 factis
795 5219 980 5260 eorum
1005 5245 1019 5268 ,
1048 5220 1154 5260 non
1193 5204 1315 5262 illos
1343 5205 1602 5261 molestos
1638 5204 1927 5263 arbitrare-

343 5309 463 5347 mur
487 5309 628 5350 esse.
654 5294 772 5351 Noli
799 5296 956 5366 igitur
978 5311 1099 5354 esse
1114 5295 1276 5366 judex
1298 5296 1542 5354 acerbus.
1567 5295 1700 5352 Nam
1723 5297 1917 5353 etiam-

341 5385 386 5438 si
413 5385 659 5441 omnibus
682 5388 915 5455 peccatis
939 5403 1138 5445 vacuus
1165 5403 1314 5446 esses
1337 5429 1356 5458 ,
1387 5389 1470 5445 lex
1500 5398 1678 5444 tamen
1702 5389 1793 5445 Dei
1817 5406 1921 5446 non

343 5473 438 5528 tibi
474 5474 712 5543 permisit
749 5476 975 5533 aliorum
1008 5479 1142 5535 facta
1173 5479 1250 5535 sic
1277 5491 1526 5537 accurate
1556 5480 1757 5536 rimari.
1787 5479 1922 5537 Nam

347 5564 391 5618 si
437 5563 742 5622 Pharisaeus
784 5567 874 5623 ille
927 5568 1047 5625 ideo
1091 5569 1246 5641 periit
1269 5569 1416 5639 (Luc.
1469 5571 1579 5642 i8),
1610 5587 1769 5643 quam
1820 5587 1920 5629 nos

345 5654 749 5710 excusationem
810 5656 1161 5714 habebimus?
1209 5659 1266 5716 Si
1305 5660 1368 5717 iis
1419 5661 1510 5731 qui
1549 5663 1714 5732 probe
1755 5663 1918 5734 gestis

341 5755 598 5802 ornantur
626 5761 730 5802 non
761 5748 1016 5820 permittit
1058 5750 1284 5808 aliorum
1327 5753 1463 5810 facta
1503 5757 1695 5814 acerbe
1721 5755 1910 5829 explo-

1147 310 1205 367 S.
1227 306 1508 367 JOANNIS
1543 305 2011 368 CHRYSOSTOMI
2051 307 2365 402 ARCIIIEP.
2395 307 2928 370 CONSTANTINOP.

3567 314 3673 374 ιω

2096 436 2248 490 rare,
2277 424 2444 478 multo
2478 426 2652 481 minus
2679 425 3069 497 peccatoribus.
3097 423 3177 482 Ne
3196 426 3378 500 itaque
3404 423 3674 485 inhumani

2092 514 2293 578 simus,
2323 529 2392 571 ne
2415 517 2805 586 inexorabiles,
2853 533 2922 574 ne
2965 517 3231 587 immites,
3279 535 3347 575 ne
3372 519 3501 577 feris
3529 523 3676 592 pejo-

2091 619 2197 660 res.
2225 604 2417 663 Multos
2444 608 2641 678 quippe
2669 608 2790 662 nuvi
2824 608 2876 662 in
2909 618 3110 663 tantam
3140 610 3470 680 processisse
3497 609 3676 668 ferita-

2093 706 2236 766 tem,
2267 707 2325 754 ut
2353 714 2419 755 ex
2456 697 2660 756 desidia
2703 700 2979 757 famelicos
3007 711 3262 772 spernant
3291 742 3308 768 ,
3357 701 3471 757 haec
3505 703 3675 773 profe-
3696 681 3729 727 Χ

2091 799 2273 846 rentes
2303 789 2498 858 verba,
2529 790 2645 847 Non
2673 791 2826 847 adest
2847 805 3031 848 servus
3051 834 3065 858 ,
3103 793 3286 863 procul
3333 793 3541 850 aedibus
3578 809 3674 849 su-

2090 898 2210 939 mus
2233 902 2246 940 :
2276 884 2453 942 nullus
2475 884 2730 955 trapezita
2752 883 2882 940 mihi
2905 893 3062 940 notus
3083 893 3182 940 est.
3203 884 3248 941 Ο
3271 884 3670 940 crudelitatem!

2088 975 2240 1042 Quod
2285 975 2458 1046 majus
2497 984 2613 1032 erat
2655 975 2914 1042 ell'ecisti,
2961 985 3013 1032 et
3055 975 3196 1047 quod
3243 975 3419 1031 minus
3447 987 3531 1031 est
3566 992 3674 1031 non

2087 1066 2332 1138 perficis?
2358 1081 2425 1122 ne
2452 1076 2506 1122 tu
2535 1067 2830 1138 plusculum
2861 1066 3076 1122 incedas
3096 1107 3110 1132 ,
3143 1066 3232 1122 ille
3258 1065 3398 1122 fame
3428 1067 3605 1137 perit?
3631 1065 3676 1123 Ο

2084 1158 2498 1216 contumeliam!
2546 1174 2580 1215 ο
2607 1159 2948 1230 superbiam!
2994 1157 3126 1214 Nam
3174 1158 3220 1214 si
3259 1157 3444 1214 decem
3487 1158 3675 1215 stadiis

2083 1250 2350 1319 cundum,
2399 1265 2466 1306 an
2502 1251 2709 1323 pigrum
2755 1266 2874 1307 esse
2913 1250 3183 1322 oportuit?
3212 1266 3316 1307 non
3345 1251 3547 1322 cogitas
3589 1251 3662 1306 ita

2085 1343 2342 1414 majorem
2371 1343 2464 1400 tibi
2493 1342 2794 1398 mercedem
2836 1341 3049 1412 parari?
3087 1342 3220 1398 Nam
3263 1357 3384 1399 cum
3424 1341 3674 1412 largiris,

2085 1435 2212 1490 doni
2243 1443 2446 1490 tantum
2477 1433 2779 1490 mercedem
2804 1434 3035 1504 accipis;
3067 1444 3120 1490 et
3147 1449 3267 1490 cum
3290 1435 3392 1489 iter
3419 1434 3670 1503 suscipis,

2083 1526 2240 1598 hujus
2267 1541 2481 1597 quoque
2507 1527 2583 1583 rei
2610 1525 2885 1597 praemium
2917 1527 3208 1597 repositum
3237 1535 3340 1583 est.
3380 1525 3513 1581 Nam
3547 1524 3672 1580 ideo

2082 1619 2433 1690 patriarcham
2476 1620 2753 1688 miramur,
2795 1620 2917 1690 quia
2947 1635 3067 1676 cum
3099 1629 3366 1676 trecentos
3389 1618 3577 1676 decem
3605 1625 3661 1674 et

2079 1721 2202 1767 octo
2233 1726 2422 1766 vernas
2450 1710 2703 1779 haberet,
2734 1710 2798 1766 ad
2831 1711 2994 1766 boves
3022 1710 3314 1779 contendit,
3347 1725 3411 1766 ac
3438 1710 3667 1765 vitulum

2078 1802 2311 1876 abripuit
2345 1801 2500 1872 (Gen.
2526 1803 2614 1859 18.
2639 1800 2715 1875 7).
2744 1802 2896 1858 Nunc
2925 1818 3053 1857 vero
3093 1801 3310 1873 quidam
3355 1810 3502 1857 tanto
3542 1811 3670 1857 sunt

2080 1891 2218 1948 fastu
2238 1892 2462 1963 repleti,
2491 1902 2548 1948 ut
2577 1908 2682 1948 non
2709 1901 2995 1948 vereantur
3021 1891 3136 1947 ham
3157 1892 3475 1948 famulorum
3501 1906 3669 1962 opera

2079 1983 2274 2040 facere.
2304 1986 2385 2039 An
2417 1998 2534 2038 mea
2567 1984 2680 2054 ipsa
2711 2000 2874 2054 opera
2902 1983 2954 2039 id
2985 1984 3158 2040 facere
3193 1984 3384 2054 jubes,
3416 1984 3668 2054 inquies,

2077 2091 2254 2133 annon
2282 2077 2505 2133 videbor
2525 2078 2736 2133 inanem
2761 2077 2984 2148 gloriam
3014 2077 3306 2148 aucupari?
3333 2078 3494 2148 Atqui
3521 2094 3668 2133 nunc

2079 2185 2173 2240 per
2201 2169 2346 2224 aliud
2375 2183 2526 2226 vana:
2551 2169 2735 2242 gloriae
2762 2185 2932 2241 genus
2957 2169 3009 2225 id
3038 2169 3168 2225 iacis
3188 2210 3204 2238 ,
3250 2170 3371 2240 quia
3413 2180 3464 2225 te
3503 2171 3668 2240 pudet

2076 2277 2197 2317 cum
2229 2277 2461 2332 paupere
2492 2261 2798 2332 loquentem
2827 2261 3016 2317 videri.
3067 2260 3261 2318 Verum
3304 2261 3437 2317 nihil
3468 2263 3572 2318 hac
3597 2262 3668 2318 de

2075 2367 2135 2409 re
2158 2351 2467 2423 diligentius
2493 2352 2834 2423 perquiram;
2865 2350 2930 2406 da
2960 2350 3179 2417 saltem,
3215 2352 3296 2407 vel
3325 2367 3421 2423 per
3446 2361 3498 2407 te
3517 2393 3535 2420 ,
3577 2352 3665 2408 vel

2077 2458 2172 2514 per
2191 2445 2352 2502 alium
2373 2485 2388 2511 ,
2419 2460 2486 2500 ne
2513 2459 2732 2501 accuses
2760 2459 3048 2516 pauperem
3068 2485 3083 2511 ,
3111 2460 3179 2500 ne
3207 2445 3415 2514 caedas,
3443 2462 3510 2501 ne
3533 2461 3664 2502 con-

2074 2535 2322 2602 vicieris;
2349 2535 2599 2590 remediis
2625 2536 2791 2602 enim,
2822 2552 2926 2591 non
2955 2535 3298 2602 vulneribus,
3340 2551 3473 2606 opus
3496 2537 3664 2592 habet

2073 2626 2120 2683 is
2152 2626 2242 2697 qui
2273 2626 2520 2693 accedit;
2559 2628 2962 2695 misericordia,
3009 2642 3114 2682 non
3161 2627 3360 2698 gladio.
3403 2629 3460 2684 Si
3499 2631 3659 2699 quis,

2071 2732 2274 2788 quaeso,
2303 2717 2475 2788 lapide
2495 2731 2780 2788 percussus
2801 2727 2856 2773 et
2876 2717 2928 2772 iu
2952 2719 3125 2788 capite
3149 2717 3481 2786 vulneratus,
3503 2729 3662 2776 etate-

2077 2811 2152 2865 ris
2177 2810 2381 2866 relictis
2411 2809 2477 2866 ad
2504 2819 2557 2866 te
2582 2821 2886 2867 accurreret
2924 2812 3179 2883 sanguine
3208 2813 3454 2883 perfusus
3473 2857 3488 2881 ,
3519 2829 3658 2871 num

2070 2901 2242 2956 altero
2268 2901 2416 2956 illum
2447 2901 2623 2972 lapide
2643 2903 2905 2973 impetens
2934 2904 3076 2959 aliud
3107 2905 3222 2977 ipse
3247 2905 3506 2976 adjiceres
3533 2907 3658 2962 vul-

2071 2994 2210 3050 nus?
2249 2992 2361 3048 Non
2403 2993 2563 3049 credo
2606 2993 2823 3065 utique,
2868 2994 2961 3050 sed
2992 3004 3224 3052 tentares
3252 2996 3328 3052 illi
3354 2998 3658 3056 remedium

2068 3085 2282 3141 afferre.
2327 3084 2434 3141 Cur
2473 3101 2602 3157 ergo
2638 3086 2779 3141 circa
2824 3101 3085 3157 pauperes
3110 3087 3435 3144 contrarium
3477 3088 3659 3146 facis?

2067 3180 2148 3233 An
2179 3179 2352 3234 nescis
2377 3187 2634 3248 quantum
2667 3180 2834 3249 possit
2860 3180 3032 3235 oratio
3072 3180 3154 3235 vel
3195 3180 3372 3237 levare
3397 3180 3482 3237 vel
3510 3181 3656 3253 deji-

2066 3271 2224 3326 cere?
2269 3269 2457 3325 Melior
2483 3271 2625 3326 enim
2658 3281 2763 3337 est,
2815 3272 3022 3342 inquit,
3067 3288 3232 3328 sermo
3271 3290 3421 3344 quam
3459 3276 3656 3329 donum

2068 3361 2257 3433 (Eccli.
2289 3363 2378 3418 18.
2409 3363 2522 3432 16).
2553 3360 2667 3417 Non
2710 3371 2882 3418 tecum
2920 3371 3167 3433 reputas,
3197 3373 3250 3420 te
3280 3364 3370 3420 tibi
3410 3365 3509 3435 ipsi
3539 3365 3656 3438 gla-

2063 3455 2208 3510 dium
2232 3455 2542 3524 admovere,
2572 3466 2729 3526 teque
2756 3455 2950 3510 vulnus
2977 3455 3346 3514 vehementius
3366 3459 3652 3530 accipere,

2060 3559 2183 3601 cum
2209 3546 2297 3601 ille
2326 3545 2568 3601 convicio
2597 3545 2819 3601 affectus
2847 3547 3164 3614 recesserit,
3194 3547 3320 3603 dum
3357 3548 3522 3604 silens
3560 3549 3648 3606 in-

2059 3635 2254 3705 gemit,
2304 3644 2360 3690 et
2401 3636 2625 3691 multum
2670 3635 3036 3708 lacrymatur?
3078 3635 3212 3693 Nam
3251 3651 3281 3692 a
3327 3637 3440 3695 Deo
3481 3638 3550 3694 ad
3594 3648 3650 3696 to

2057 3728 2307 3782 mittitur.
2331 3727 2516 3799 Cogita
2547 3742 2676 3799 ergo
2697 3769 2712 3796 ,
2757 3729 2882 3783 dum
2916 3727 2987 3783 illi
3015 3728 3352 3798 conviciaris,
3384 3729 3451 3785 ad
3479 3745 3645 3802 quem

2057 3820 2350 3876 transferas
2393 3820 2726 3888 convicium,
2777 3836 2899 3877 cum
2945 3821 3086 3878 Deus
3131 3822 3199 3878 ad
3246 3830 3300 3878 te
3341 3823 3548 3890 mittat,
3590 3835 3646 3880 et

2054 3928 2276 3984 erogare
2312 3913 2534 3983 jubeat,
2566 3924 2619 3968 tu
2647 3930 2773 3969 vero
2801 3930 2906 3968 non
2935 3913 3094 3969 modo
3138 3930 3245 3970 non
3283 3914 3398 3981 des,
3439 3914 3536 3970 sed
3586 3923 3643 3972 et

2052 4005 2396 4061 accedentem
2429 4005 2686 4062 conviciis
2717 4005 2980 4076 impetas?
3007 4003 3062 4062 Si
3100 4021 3261 4076 porro
3290 4005 3640 4063 absurditatis

2052 4096 2475 4167 magnitudinem
2521 4096 2772 4167 ignoras,
2819 4097 2871 4150 in
2900 4095 3207 4152 hominibus
3235 4096 3286 4153 id
3316 4097 3634 4165 considera,

2049 4197 2104 4244 et
2128 4198 2253 4245 tunc
2281 4190 2483 4259 peccati
2510 4189 2828 4260 gravitatem
2867 4204 3147 4260 agnosces.
3188 4189 3244 4248 Si
3268 4191 3413 4246 enim
3442 4206 3638 4247 servus

2047 4286 2174 4334 tuus
2200 4294 2229 4333 a
2259 4287 2310 4334 te
2339 4277 2405 4333 ad
2436 4279 2599 4334 alium
2636 4293 2852 4334 servum
2891 4280 3122 4348 missus,
3173 4279 3242 4336 de
3281 4295 3441 4335 manu
3486 4281 3636 4337 illius

2044 4380 2323 4442 argentum
2352 4380 2501 4428 tuum
2530 4381 2878 4442 accepturus,
2919 4387 3024 4427 non
3056 4371 3216 4428 modo
3239 4372 3422 4429 vacuis
3450 4373 3630 4430 mani-

2043 4461 2143 4518 bus
2168 4461 2397 4528 rediret,
2442 4462 2537 4519 sed
2573 4464 2734 4518 etiam
2765 4461 2976 4531 injuriis
3010 4463 3289 4519 lacessitus
3308 4501 3325 4529 ,
3356 4463 3486 4534 quid
3517 4479 3630 4522 non

2040 4564 2225 4610 contra
2256 4555 2640 4611 conviciantem
2671 4555 2906 4612 faceres?
2945 4571 3078 4626 quas
3107 4571 3212 4611 non
3240 4558 3482 4628 exigeres
3511 4573 3629 4627 pm-

2038 4661 2156 4710 nas,
2184 4661 2305 4702 cum
2335 4655 2388 4701 tu
2419 4648 2532 4719 ipse
2573 4647 2892 4702 contumelia
2935 4643 3158 4703 allectus
3200 4649 3389 4703 esses?
3431 4648 3524 4704 Sic
3554 4647 3625 4705 de

2037 4737 2150 4794 Deo
2169 4739 2339 4810 cogita
2367 4756 2380 4793 :
2406 4738 2519 4810 ipse
2543 4753 2772 4810 namque
2798 4747 2880 4794 est
2906 4738 2996 4808 qui
3027 4737 3094 4793 ad
3135 4752 3234 4793 nos
3277 4739 3442 4794 mittit
3483 4753 3622 4808 pau-

2036 4844 2226 4900 peres,
2253 4839 2308 4887 et
2331 4845 2447 4902 quae
2480 4829 2645 4902 ipsius
2675 4837 2802 4884 sunt
2837 4830 3111 4900 largimur,
3146 4830 3192 4886 Si
3221 4829 3431 4886 damus.
3463 4829 3619 4900 Quod

2033 4921 2078 4976 si
2108 4931 2301 4992 negato
2322 4923 2462 4977 dono
2480 4922 2638 4978 etiam
2666 4922 2986 4977 contumelia
3014 4921 3233 4978 affectos
3257 4923 3613 4992 remittamus,

2031 5016 2206 5085 cogita
2248 5014 2439 5084 quibus
2465 5013 2775 5068 fulminibus
2801 5013 3018 5084 dignum
3055 5028 3190 5083 opus
3219 5013 3449 5070 edimus.
3483 5013 3615 5070 Haec

2031 5105 2210 5176 itaque
2230 5105 2407 5160 omnia
2429 5104 2746 5176 cogitantes,
2777 5113 2832 5159 et
2858 5104 3090 5175 linguam
3119 5103 3415 5174 frencmus,
3445 5113 3501 5160 et
3529 5106 3616 5161 in-

2031 5196 2415 5253 humanitatem
2461 5197 2755 5268 pellamus,
2789 5203 2844 5251 et
2871 5206 3061 5251 manus
3099 5194 3166 5250 ad
3213 5195 3612 5267 eleemosynam

2027 5291 2415 5348 extendamus:
2445 5306 2616 5360 neque
2642 5289 2882 5361 pecuniis
2902 5289 3098 5357 solum,
3122 5287 3218 5345 sed
3244 5288 3408 5345 etiam
3432 5288 3612 5346 verbis

2026 5399 2225 5454 egenos
2251 5384 2592 5440 consolemur
2611 5424 2626 5451 ,
2648 5393 2707 5438 ut
2736 5392 2790 5439 et
2817 5383 3265 5438 contumeliarum
3293 5395 3507 5452 poenam
3536 5379 3610 5434 fu-

2025 5476 2265 5548 giamus,
2307 5487 2362 5534 et
2396 5493 2461 5533 ex
2507 5476 2880 5533 benedictione
2921 5483 2976 5531 et
3015 5475 3354 5547 eleemosyna
3383 5488 3608 5546 regnum

2023 5569 2382 5638 obtineamus,
2405 5569 2574 5639 gratia
2604 5577 2658 5624 et
2679 5567 3006 5641 benignitate
3030 5566 3242 5622 Domini
3276 5568 3443 5622 nostri
3479 5565 3605 5622 Jesu

2022 5659 2247 5726 Christi,
2272 5661 2356 5717 cui
2386 5661 2555 5734 gloria
2583 5670 2636 5718 et
2661 5662 2939 5734 imperium
2961 5662 3017 5718 in
3045 5659 3239 5716 secula
3261 5659 3603 5716 saaculorum.

2026 5756 2218 5812 Amen.
