3900 6194
114 269 223 329 413

121 414 1521 445 _,._..__...___.___.___________

1009 290 1075 348 IN
1113 293 1516 354 MATTIIEUM
1559 296 1787 358 IIOMlL.
1819 305 2059 368 XXXVI.
2100 316 2170 370 al.
2214 318 2475 381 XXXVII.

1537 436 1786 452 ‘-

3303 353 3403 411 ιιι

1868 441 3401 506 ..________________‘_ﬂ__

1132 499 1477 565 HOMILIA
1536 505 1837 574 XXXVI.
1886 519 1971 579 al.
2019 522 2344 591 XXXVII.

107 630 241 685 CAP.
276 632 361 686 ll.
400 649 453 687 ν.
484 635 535 688 1.
574 634 636 689 Et
660 637 850 707 factum
879 648 969 704 est,
1000 656 1114 694 cum
1144 655 1533 701 consummasset
1559 645 1711 703 Jesus

180 725 487 794 precipians
513 727 775 782 duodecim
802 724 1065 801 discipulis
1090 734 1194 787 suis
1213 774 1229 801 ,
1255 736 1452 790 transiit
1473 737 1590 791 inde
1612 779 1627 805 ,
1650 749 1707 793 ut

177 814 384 869 doceret
405 828 455 870 α
481 820 777 888 pradicant
804 822 855 875 in
880 823 1161 879 civitatibus
1189 843 1379 881 eorum.

178 906 233 960 1.
276 906 412 976 Quia
443 911 585 964 enim
618 911 737 967 illos
765 914 1015 979 miserat,
1048 930 1180 970 sese.
1198 917 1494 988 subtraxit,
1526 919 1703 976 locum

104 996 244 1053 dans
284 1000 393 1055 illis
422 1011 477 1057 et
520 1012 728 1074 tempus
765 1005 992 1061 faciendi
1031 1023 1150 1079 qua:
1198 1009 1311 1080 ipse
1355 1025 1699 1084 praeceperat.

104 1088 294 1159 Neque
324 1092 467 1147 enim
502 1094 592 1149 illo
618 1108 881 1166 praesente
902 1107 957 1154 et
981 1114 1153 1170 aegros
1178 1112 1417 1167 curante,
1449 1104 1702 1161 voluisset

103 1182 373 1251 quispiam
412 1184 480 1239 ad
524 1186 644 1243 illos
695 1190 972 1246 accedere.
1012 1191 1066 1244 2.
1115 1192 1239 1247 Cum
1277 1196 1498 1251 audisset
1534 1208 1701 1253 autem

101 1276 332 1332 Joannes
362 1279 415 1333 in
439 1296 641 1336 carcere
668 1299 822 1352 opera
849 1283 1055 1351 Christi,
1086 1288 1282 1342 mittens
1309 1290 1435 1344 duos
1464 1308 1527 1345 ea:
1548 1293 1700 1348 disci-

102 1367 241 1433 pulis
270 1370 399 1438 suis,
424 1369 479 1426 5.
509 1372 850 1452 interrogabat
875 1392 988 1430 eum
1016 1378 1187 1434 dicens
1219 1379 1347 1435 :Tu
1384 1399 1434 1437 es
1460 1385 1547 1453 qui
1576 1402 1697 1439 ven-

100 1469 249 1514 turus
268 1477 345 1527 es,
373 1479 442 1517 an
471 1464 627 1519 alium
652 1470 1032 1538 exspectamus?
1054 1470 1224 1528 Lucas
1247 1473 1265 1543 (
1292 1472 1418 1545 Cap.
1449 1476 1504 1530 7.
1528 1492 1575 1529 υ.
1604 1477 1693 1533 18.

101 1553 205 1622 19)
268 1571 399 1611 vero
442 1557 573 1613 dicit
614 1558 759 1629 ipsos
804 1560 998 1617 Joanni
1041 1564 1189 1635 signa
1230 1565 1346 1635 ejus
1390 1569 1690 1635 nuntiasse,

99 1653 335 1716 tuncque
349 1647 610 1704 Joannem
636 1651 754 1706 illos
778 1654 1008 1710 misisse.
1038 1654 1231 1711 Verum
1256 1658 1307 1713 id
1333 1675 1398 1714 ne
1420 1660 1692 1716 minimam

100 1737 321 1807 quidem
356 1742 495 1810 parit
519 1741 916 1812 difﬁcultatem,
948 1745 1043 1801 sed
1089 1746 1191 1804 hoc
1229 1750 1400 1805 solum
1444 1751 1693 1809 conside-

93 1829 324 1885 randum
356 1834 535 1897 tradit,
570 1850 763 1907 nempe
790 1838 936 1908 ipsos
968 1838 1165 1896 invidia
1196 1851 1382 1897 contra
1415 1843 1561 1899 illum
1592 1844 1691 1901 lla-

92 1937 298 1992 grasse.
322 1925 477 1991 Quod
497 1929 921 2000 sequiturautem
938 1947 1280 2005 summopere
1295 1938 1690 2009 inquirendum.

92 2012 361 2079 Quidnam
392 2017 522 2073 illud
549 2020 668 2075 est?
713 2020 823 2077 Hoc
866 2022 1087 2090 dictum,
1121 2023 1197 2079 Tu
1240 2043 1292 2082 es
1328 2029 1414 2098 qui
1452 2038 1690 2088 uenturas

91 2122 258 2171 es,an
286 2110 450 2163 alium
485 2117 875 2182 exspectamus?
919 2116 1051 2173 Nam
1098 2121 1190 2189 qui
1236 2121 1318 2177 vel
1370 2134 1494 2180 ante
1538 2126 1686 2197 signa

93 2197 240 2252 illum
273 2211 525 2267 noverat,
571 2206 660 2275 qui
699 2221 729 2260 a
762 2205 964 2278 Spiritu
1000 2209 1276 2278 didicerat,
1329 2217 1419 2286 qui
1458 2231 1488 2271 a
1532 2216 1686 2276 Patre

90 2291 359 2358 audierat,
409 2295 498 2364 qui
553 2310 733 2351 coram
782 2299 1031 2356 omnibus
1066 2303 1211 2358 illum
1257 2307 1682 2377 praedicaverat:

89 2395 231 2437 lianc
276 2383 443 2438 mittit
482 2385 548 2441 ad
579 2386 727 2443 illum
778 2400 833 2444 ut
859 2391 1028 2448 discat
1074 2394 1119 2449 si
1168 2395 1284 2467 ipse
1316 2398 1421 2464 sit,
1473 2405 1685 2457 necne?

86 2473 245 2544 Atqui
274 2475 321 2529 si
338 2477 485 2533 clare
529 2494 635 2534 non
664 2483 806 2537 nosti
855 2485 1103 2541 eumdem
1142 2488 1314 2559 ipsum
1359 2507 1480 2550 esse
1504 2536 1519 2562 ,
1552 2512 1686 2566 quo-

87 2566 255 2621 modo
280 2568 515 2639 teipsum
545 2572 649 2628 lide
690 2573 907 2646 dignum
937 2587 1095 2648 putas
1117 2623 1131 2649 ,
1162 2583 1251 2653 qui
1287 2583 1355 2640 de
1397 2589 1556 2643 rebus
1588 2589 1680 2644 tibi

87 2659 285 2727 ignotis
334 2661 446 2720 l'ers
472 2669 835 2745 sententiam?
874 2670 1006 2726 Nam
1037 2675 1127 2744 qui
1172 2677 1290 2731 aliis
1340 2681 1674 2750 testiﬁcatur,

86 2754 233 2822 prior
254 2754 373 2826 ipse
398 2757 563 2813 debet
598 2760 699 2816 [ide
725 2762 915 2834 dignus
944 2781 1086 2821 esse.
1127 2767 1315 2825 Nonne
1346 2781 1399 2827 tu
1426 2772 1641 2831 dicebas
1660 2817 1675 2843 ,

88 2842 209 2899 Non
250 2864 366 2901 sum
411 2849 595 2919 dignus
632 2854 825 2909 solvere
871 2857 1141 2929 corrigiam
1195 2862 1519 2919 calceamenti
1568 2869 1679 2937 ejus

86 2937 105 3005 (
133 2935 261 2992 Luc.
295 2940 349 2995 5.
384 2941 450 2997 16
480 2944 539 3012 )?
564 2943 751 3000 Nonne
775 2946 1013 3017 dicebas,
1044 2949 1165 3006 Non
1206 2969 1443 3009 noveram
1484 2935 1674 3029 ipsum,

85 3030 170 3082 sed
194 3031 284 3100 qui
313 3033 451 3087 misit
506 3052 586 3089 me
626 3037 883 3108 baptizare
924 3041 978 3095 in
1016 3058 1169 3113 aqua,
1211 3045 1299 3100 ille
1336 3048 1462 3102 mihi
1503 3051 1629 3105 dixit
1655 3067 1678 3109 :

84 3122 258 3192 Super
282 3142 429 3192 quem
460 3129 643 3184 videris
671 3131 923 3202 Spiritum
953 3134 1365 3207 descendentem,
1394 3153 1440 3195 et
1467 3160 1675 3200 manen-

86 3226 178 3268 tem
201 3234 362 3287 super
388 3235 522 3286 eum,
572 3221 661 3276 ille
686 3235 757 3276 est
792 3227 880 3294 qui
919 3225 1142 3298 baptizat
1179 3231 1232 3284 in
1274 3233 1474 3302 Spiritu
1501 3246 1676 3291 sancto

85 3306 289 3374 (Joan.
334 3310 386 3364 1.
420 3310 490 3366 55
518 3312 581 3383 )‘l
627 3319 820 3370 Annon
864 3318 1039 3374 vidisti
1083 3320 1337 3391 Spiritum
1396 3326 1450 3380 in
1497 3331 1675 3399 specie

84 3399 596 3467 coluttimeAnnon
625 3406 817 3461 audisti
867 3411 1091 3465 vocem?
1117 3412 1305 3471 Nonne
1337 3426 1389 3471 tu
1419 3419 1674 3488 prohibe-

85 3491 173 3546 bas
203 3494 355 3548 illum
383 3495 589 3563 dicens,
619 3496 728 3572 Ego
756 3518 884 3572 Opus
910 3504 1067 3559 habeo
1093 3524 1124 3561 a
1165 3518 1210 3562 te
1237 3510 1516 3579 baptizari,
1547 3525 1593 3568 et
1619 3530 1673 3569 tu

84 3590 213 3643 mis
238 3590 308 3642 ad
332 3607 412 3645 me
445 3592 657 3664 (Matth.
677 3596 731 3651 5.
765 3599 897 3669 id)?
923 3599 1113 3657 Nonne
1139 3603 1412 3675 discipulis
1433 3609 1668 3677 dicebas,

84 3680 240 3735 Illum
270 3695 469 3750 oportet
493 3703 733 3756 crescere,
761 3707 839 3744 me
858 3702 1023 3745 autem
1054 3696 1214 3748 minui
1241 3695 1430 3769 (Joan.
1455 3701 1507 3755 5.
1538 3700 1670 3772 50)?

84 3773 267 3831 Nonne
288 3779 542 3847 populum
573 3796 785 3836 omnem
814 3784 1062 3853 docebas,
1095 3788 1265 3857 ipsum
1287 3792 1669 3860 baptizaturum

85 3868 197 3921 illas
225 3884 348 3923 esse
393 3870 445 3924 in
490 3872 690 3941 Spiritu
745 3884 931 3930 sancto
966 3887 1020 3931 et
1066 3880 1187 3948 igne
1216 3880 1367 3951 (Luc.
1391 3885 1585 3956 5.16),
1616 3896 1667 3943 et

86 3959 251 4029 ipsum
295 3977 421 4017 esse
468 3978 662 4035 agnum
709 3967 802 4023 Dei
845 3969 935 4039 qui
979 3971 1115 4025 tollit
1163 3986 1435 4044 peccatum
1484 3981 1669 4036 mundi

86 4052 259 4121 (Joan.
291 4055 343 4109 1.
368 4055 499 4125 29)?
528 4056 715 4114 Nonne
750 4071 875 4115 ante
909 4061 1024 4117 haec
1050 4068 1228 4119 omnia
1252 4068 1400 4137 signa
1430 4080 1484 4126 et
1508 4072 1670 4126 mira-

83 4143 191 4197 rula
239 4144 393 4200 illum
444 4149 787 4216 prmdicasti?
837 4152 1116 4219 Quomodo
1161 4172 1288 4227 ergo
1330 4177 1499 4231 nunc,
1544 4180 1666 4220 cum

84 4246 235 4291 notus
277 4248 361 4293 est
410 4242 678 4307 omnibus,
711 4244 933 4317 ejusque
973 4247 1113 4304 farina
1168 4252 1401 4323 undique
1445 4259 1705 4328 volavit,°

81 4338 359 4399 postquam
391 4333 588 4387 mortui
617 4349 998 4405 surrexerunt,
1027 4341 1298 4401 daemones
1322 4346 1480 4418 fugati
1504 4362 1662 4419 sunt,

81 4429 131 4475 et
162 4431 306 4477 tanta
333 4424 607 4495 signorum
637 4428 715 4483 vis
740 4430 957 4499 ell‘ulsit,
983 4436 1147 4491 mittis
1177 4446 1234 4492 ut
1263 4439 1313 4493 id
1342 4440 1523 4498 abillo
1549 4445 1666 4499 edi-
1704 4431 1709 4437 ⁷

79 4514 234 4569 scas?
262 4516 402 4583 Quid
440 4534 600 4587 porro
628 4520 824 4577 factum
849 4526 974 4579 est?
1004 4542 1130 4581 num
1163 4530 1344 4586 omnia
1391 4534 1552 4589 verba
1577 4535 1665 4591 illa

80 4606 220 4663 lraus
250 4620 428 4677 erant,
455 4626 612 4667 scena
650 4623 704 4669 et
739 4614 956 4671 fabula?
980 4618 1047 4673 Et
1075 4621 1195 4691 quis
1224 4625 1419 4680 mentis
1446 4642 1666 4699 compos
1706 4622 1711 4629 ’

81 4700 189 4755 haec
222 4701 466 4758 diceret?
496 4720 601 4760 non
647 4706 766 4763 dico
791 4709 859 4763 de
906 4709 1145 4780 Joanne,
1186 4715 1276 4785 qui
1318 4717 1371 4771 in
1396 4727 1548 4776 utero
1573 4737 1666 4777 ex-

79 4793 287 4848 sultavit
311 4794 463 4866 (Luc.
485 4798 536 4850 1.
564 4798 676 4869 41),
710 4801 798 4870 qui
828 4811 951 4858 ante
972 4815 1181 4874 partum
1210 4809 1381 4879 ipsum
1413 4814 1666 4882 praedica-

80 4885 182 4949 vit,
209 4886 411 4942 deserti
457 4889 651 4958 incola,
679 4894 768 4962 qui
814 4897 1110 4965 angelicam
1157 4900 1309 4957 duxit
1338 4904 1496 4960 vitam
1522 4924 1537 4973 ;
1568 4910 1663 4965 sed

79 4978 279 5033 etiamsi
301 4980 424 5049 quis
453 4993 682 5039 essetex
708 4986 977 5046 vilissimis
1008 4997 1245 5050 omnium
1268 5037 1282 5061 ,
1326 5008 1445 5068 post
1486 5010 1562 5055 tot
1588 5012 1668 5059 te-

79 5073 344 5141 stimonia,
386 5085 441 5129 et
469 5090 561 5130 sua
591 5086 645 5132 et
690 5080 917 5137 aliorum
945 5127 959 5151 ,
1005 5103 1335 5159 nequaquam
1377 5092 1658 5152 dubitaret.

82 5164 225 5220 Unde
248 5168 423 5235 palam
451 5178 533 5222 est
560 5186 684 5225 eum
716 5188 821 5227 non
850 5174 1182 5234 dubitantem
1214 5182 1459 5253 misisse,
1490 5202 1664 5258 neque

78 5260 407 5326 ignorantem
436 5263 812 5334 interrogasse.
847 5266 1029 5339 Neque
1051 5286 1179 5327 vero
1195 5275 1456 5345 quispiam
1483 5278 1663 5336 dicere

79 5352 234 5419 possit
255 5391 274 5417 ,
307 5352 483 5422 ipsum
517 5353 568 5408 id
600 5357 742 5412 elate
771 5361 1087 5429 cognovisse
1113 5403 1129 5429 ,
1176 5365 1269 5419 sed
1295 5368 1363 5422 ob
1390 5383 1661 5426 carcerem

78 5443 396 5499 timidiorem
423 5447 659 5503 evasisse
690 5468 703 5505 ;
740 5466 910 5522 neque
929 5454 1069 5508 enim
1094 5469 1153 5509 se
1176 5472 1241 5511 ex
1270 5473 1484 5518 carcere
1524 5464 1661 5519 libe-

74 5537 291 5592 randum
320 5542 686 5610 exspectabat,
720 5559 891 5616 neque
920 5547 963 5602 si
992 5559 1376 5620 exspectasset,
1400 5556 1657 5625 prodidis-

77 5638 151 5683 set
170 5630 478 5698 veritatem,
501 5634 591 5702 qui
622 5635 689 5690 ad
730 5646 930 5693 mortes
960 5640 1217 5709 plurimas
1268 5655 1483 5715 paratus
1522 5660 1655 5703 erat.

82 5721 181 5775 Nisi
214 5722 361 5779 enim
400 5721 471 5778 ad
522 5739 708 5780 necem
739 5737 956 5796 paratus
1005 5730 1212 5800 fuisset,
1253 5746 1377 5791 ante
1407 5739 1657 5808 populum

1815 650 1983 769 certe,
2011 664 2100 732 qui
2150 668 2518 739 propheticum
2568 693 2784 751 semper
2824 686 3047 748 inridere
3085 700 3398 769 sanguinem

1812 749 2188 825 meditabatur,
2214 770 2412 820 tantam
2444 770 2605 826 animi
2649 776 2895 835 virtutem
2940 785 3400 864 demonstrasset;

1810 852 1915 892 non
1946 846 2215 904 crudelem
2242 853 2388 910 illum
2421 869 2703 930 tyrannum
2731 883 2852 925 cum
2893 882 3034 931 tanta
3066 880 3312 942 libertate
3347 846 3399 943 in

1806 929 1981 985 media
2012 937 2141 993 urbe
2163 950 2217 995 et
2265 943 2384 1001 foro
2440 951 2830 1029 redarguisset,
2877 979 2999 1021 cum
3047 973 3387 1034 audientibus

1805 1025 2053 1126 omnibus
2096 1030 2245 1090 illum
2293 1043 2442 1109 quasi
2484 1051 2763 1115 puerulum
2810 1056 3131 1128 increparet.
3179 1066 3233 1122 Si
3266 1085 3397 1126 vero

1808 1114 2041 1176 timidior
2089 1124 2311 1187 elfeetus
2351 1146 2506 1204 erat,
2538 1155 2634 1196 cur
2672 1145 2963 1218 discipulos
3010 1170 3137 1212 suos
3181 1163 3395 1221 mittere

1805 1223 1910 1321 pou
1941 1214 2172 1285 erubuit,
2200 1221 2253 1277 in
2279 1241 2502 1295 quorum
2530 1214 2825 1302 praesentia
2847 1250 2923 1299 tot
2955 1255 3208 1321 tantaque
3238 1258 3392 1309 testi-

2531 1297 2544 1302 _
2911 1297 2919 1299 _
2960 1297 3208 1321 -___--..,-.-
3238 1297 3390 1309 mu-

1803 1297 1993 1358 licatus
2021 1318 2157 1378 erat,
2208 1315 2301 1369 sed
2330 1334 2426 1387 per
2454 1322 2573 1379 illos
2622 1327 2916 1404 interrogat
2961 1354 3081 1395 cum
3136 1361 3229 1413 per
3256 1348 3391 1404 alios

1802 1401 2119 1464 oporteret?
2145 1403 2475 1482 Quamquam
2525 1417 2670 1476 clare
2717 1438 2977 1497 noverat,
3010 1432 3155 1501 ipsos
3193 1438 3388 1498 invidia

1803 1485 1854 1540 in
1884 1486 2157 1550 Christum
2198 1515 2319 1558 esse
2367 1520 2657 1578 permotos,
2705 1524 2761 1569 et
2788 1521 3098 1581 occasiones
3147 1540 3385 1600 captare.

1803 1578 1909 1600 ﬂ---
1935 1599 1942 1600 κ
1988 1599 1994 1600 κ
2029 1585 2043 1600 ¹
2279 1595 2290 1600 ⁵
2364 1597 2380 1600 “

1798 1578 2080 1685 Quomodo
2108 1605 2214 1646 non
2242 1595 2309 1651 ob
2353 1597 2625 1659 Judaicam
2667 1608 2878 1678 plebem
2922 1618 3124 1685 pudore
3163 1578 3386 1682 ἅλιξι-ειυς

1798 1670 2128 1789 fuisset,'qui
2169 1694 2312 1744 tanta
2358 1696 2781 1763 praedicaverat?
2806 1670 2943 1774 Quid
2981 1726 3109 1769 vero
3133 1715 3256 1772 hinc
3283 1720 3382 1789 ipsi

1797 1765 2104 1827 adminiculi
2150 1775 2381 1837 futurum
2423 1796 2540 1842 erat
2585 1800 2643 1845 ut
2680 1808 2711 1848 a
2758 1796 2981 1855 vinculis
3028 1765 3384 1866 liberareturr?

1794 1858 1980 1932 Neque
2007 1867 2148 1921 enim
2178 1883 2395 1943 propter
2420 1874 2689 1938 Christum
2733 1887 2823 1942 illo
2866 1892 3139 1962 conjectus
3167 1898 3333 1956 fuerat
3361 1943 3377 1969 ,

1795 1964 1970 2055 neque
2015 1959 2155 2026 quod
2181 1961 2299 2031 ejus
2320 1965 2566 2025 virtutem
2611 1959 2985 2050 praedicasset,
3017 1986 3111 2040 sed
3152 1991 3291 2058 quod
3314 1959 3382 2048 de

1794 2042 1976 2116 iniquo
2006 2051 2255 2123 conjugio
2286 2042 2666 2132 redarguisset.
2716 2070 2908 2127 Annon
2949 2042 3202 2135 insensaii
3246 2099 3379 2152 pue-

1792 2136 2010 2203 ruli,vcl
2043 2147 2270 2201 amentis
2297 2150 2591 2223 cujuspiam
2625 2157 2855 2218 hominis
2894 2167 2993 2222 sibi
3024 2168 3215 2227 famam
3245 2190 3379 2230 con-

1789 2226 2063 2333 ciliasset?
2091 2235 2227 2300 Quid
2252 2254 2380 2311 ergo
2397 2242 2483 2299 hic
2506 2248 2718 2317 agitur?
2742 2252 2894 2321 Quod
2911 2259 3052 2314 enim
3072 2226 3378 2333 hujusmodi

1788 2317 2047 2378 dubitatio
2073 2341 2177 2381 non
2218 2330 2287 2385 sit
2324 2331 2581 2404 Joannis,
2618 2340 2727 2397 imo
2753 2360 2821 2399 ne
2858 2347 3094 2417 cujusvis
3140 2317 3377 2413 hominis

1787 2412 2155 2487 etiaminsani,
2182 2436 2251 2477 ex
2283 2423 2438 2482 dictis
2457 2429 2568 2499 jam
2590 2432 2773 2504 liquet.
2796 2412 3113 2499 Jam‘restat
3140 2455 3198 2502 ut
3225 2451 3375 2506 solu-

1788 2505 1986 2564 tionem
2012 2510 2316 2574 aderamus.
2346 2518 2454 2577 Cur
2472 2538 2600 2595 ergo
2626 2527 3007 2602 interrogatum
3021 2538 3165 2593 misit
3192 2540 3215 2594 ?
3241 2541 3371 2600 Jesu

1785 2595 1998 2655 Christo
2027 2603 2448 2667 adversabantur
2476 2613 2721 2687 discipuli
2736 2595 2977 2689 Joannis,
3006 2626 3164 2698 idque
3426 2634 3431 2637 ’

1782 2687 1884 2746 bus
1913 2693 2127 2764 planum
2155 2708 2256 2767 est,
2280 2716 2346 2758 ac
2369 2714 2552 2760 contra
2582 2709 2729 2765 illum
2760 2712 2954 2771 invidia
2981 2731 3194 2790 semper
3217 2738 3337 2779 com
3356 2755 3370 2766 -

1782 2784 1913 2838 moti
1941 2797 2115 2854 erant,
2149 2792 2289 2861 quod
2318 2797 2657 2855 manifestum
2679 2811 2763 2858 est
2790 2820 2853 2860 ex
2887 2806 2952 2862 iis
2971 2784 3366 2884 quat—magistro

1782 2888 1881 2928 suo
1908 2876 2154 2935 dicebant
2182 2900 2196 2936 :
2226 2899 2438 2956 nempe.
2460 2891 2559 2955 Qui
2584 2901 2744 2947 tecum
2768 2906 2876 2950 erat
2898 2876 3039 2955 trans
3062 2876 3367 2976 Iordanem,

1781 2967 1864 3020 cui
1890 2977 1945 3022 tu
1966 2972 2259 3041 testiﬁcatus
2282 2994 2356 3047 es,
2385 2997 2499 3036 ecce
2520 2984 2602 3038 hic
2622 2985 2866 3057 baptizat,
2901 3003 2947 3046 et
2974 3010 3145 3051 omnes
3163 3000 3369 3056 veniunt

1778 3058 1847 3153 ad
1870 3060 2016 3153 illum
2047 3064 2224 3136 (Joan.
2255 3070 2307 3125 5.
2337 3071 2447 3145 26).
2478 3076 2555 3130 Ac
2579 3093 2789 3135 rursum
2815 3086 3038 3153 quaestio
3066 3088 3200 3145 facta
3231 3101 3313 3148 est
3330 3108 3369 3149 ‘a

1778 3148 1977 3209 Judteis
1999 3164 2051 3211 et
2082 3173 2183 3213 una
2226 3175 2255 3214 a
2294 3161 2513 3221 Joannis
2538 3167 2817 3240 discipulis
2864 3175 3002 3232 circa
3045 3182 3369 3249 puriﬁcatio-

1778 3258 1923 3312 nem,
1955 3254 2113 3318 atque
2140 3252 2205 3305 ad
2229 3253 2374 3309 illum
2397 3273 2581 3315 rursus
2611 3264 2925 3323 accedentes
2945 3270 3192 3329 dicebant
3219 3296 3232 3331 :
3266 3277 3370 3333 Cur

1779 3351 1872 3390 nos
1900 3347 1945 3391 et
1970 3337 2225 3397 Phariswi
2245 3348 2542 3417 jejunamus
2587 3355 2903 3429 frequenter,
2933 3362 3175 3436 discipuli
3200 3380 3368 3426 autem

1779 3430 1852 3481 tui
1877 3446 1977 3484 non
1998 3433 2236 3504 jejunant
2271 3438 2483 3509 (Matth.
2515 3443 2567 3499 9.
2595 3447 2726 3518 id)?

1847 3520 1901 3573 2.
1941 3521 2188 3580 Nondum
2221 3530 2360 3584 enim
2385 3533 2644 3603 sciebant,
2676 3539 2795 3609 quis
2820 3553 2965 3600 esset
2983 3545 3244 3618 Christus,
3270 3552 3368 3609 sed

1775 3611 1957 3668 Jesum
1984 3631 2189 3672 merum
2226 3619 2496 3679 hominem
2528 3630 2864 3699 suspicantes
2910 3650 3030 3691 esse
3052 3678 3068 3705 ,
3101 3640 3363 3700 Joannem

1775 3718 1903 3761 vero
1929 3706 2047 3776 plus
2069 3724 2228 3780 quam
2258 3712 2527 3771 hominem
2549 3760 2567 3785 ,
2612 3735 2756 3791 aegre
2802 3723 3045 3783 ferebant
3091 3733 3361 3791 celebrem

1775 3796 1925 3851 illum
1957 3797 2199 3857 videntes
2251 3818 2390 3872 esse,
2419 3807 2680 3867 Joannem
2712 3830 2839 3870 vero
2866 3819 3053 3888 minui,
3086 3824 3220 3879 sicut
3248 3827 3363 3897 ipse

1774 3888 2114 3957 praedixerat.
2144 3893 2211 3947 Et
2234 3894 2337 3951 hoc
2364 3898 2685 3968 impediebat
2707 3908 2993 3975 quominus
3020 3888 3361 3987 accederent,

1773 3979 1971 4038 invidia
1997 3984 2197 4041 aditum
2224 3987 2528 4048 dirimente.
2572 3995 2751 4052 Donec
2775 4010 2955 4057 autem
2979 4003 3213 4063 Joannes
3238 4025 3361 4066 cum

1726 4142 1730 4146 _
1774 4071 1878 4126 illis
1930 4085 2081 4145 erat,
2133 4077 2445 4137 hortabatur
2492 4084 2609 4140 illos
2653 4090 2959 4160 frequenter
2998 4106 3053 4150 et
3099 4099 3358 4171 docebat,

1775 4179 1948 4235 neque
1977 4166 2029 4221 id
2060 4168 2165 4223 illis
2187 4173 2510 4240 persuadere
2536 4186 2745 4246 poterat
2779 4200 2793 4236 :
2824 4197 2943 4238 cum
2977 4201 3104 4242 vero
3135 4197 3359 4249 moritu-

1776 4271 1869 4310 rus
1890 4266 2054 4323 esset,
2083 4263 2253 4331 majus
2308 4264 2378 4318 ad
2418 4266 2548 4322 illud
2576 4270 2794 4327 adhibet
2822 4276 3057 4331 studium
3092 4296 3106 4333 :
3139 4283 3360 4341 timebat

1774 4349 1917 4402 enim
1940 4365 2006 4404 ne
2032 4354 2178 4420 pravi
2208 4352 2470 4424 dogmatis
2496 4365 2828 4419 occasionem
2868 4369 3228 4443 relinqueret,
3255 4377 3357 4432 illi-

1773 4455 1877 4509 que
1904 4453 2183 4498 manerent
2208 4460 2239 4499 a
2264 4444 2477 4503 Christo
2506 4450 2776 4521 disjuncti.
2804 4455 2861 4512 id
2904 4458 2990 4515 ille
3033 4466 3275 4536 curabat,
3307 4479 3360 4526 et

1772 4531 1924 4601 initio
1952 4535 2054 4604 ipsi
2075 4550 2202 4591 suos
2230 4553 2415 4596 omnes
2439 4541 2752 4602 adducebat.
2782 4548 2914 4607 Cum
2940 4563 3118 4611 autem
3146 4557 3224 4614 illi
3251 4531 3358 4617 non

1773 4625 2233 4697 obtemperarent,
2263 4634 2554 4690 moriturus
2575 4637 2791 4695 demum
2838 4644 3028 4715 majori
3070 4657 3152 4704 est
3177 4653 3355 4709 studio

1774 4714 2060 4773 usus.Nam
2089 4721 2134 4774 si
2157 4721 2397 4792 dixisset,
2424 4725 2574 4782 Illum
2600 4730 2765 4800 adite,
2784 4735 2875 4804 qui
2901 4738 3092 4793 melior
3115 4756 3202 4797 me
3232 4754 3354 4800 est:

1770 4823 1877 4865 non
1909 4811 2409 4885 obtemperassent,
2457 4821 2600 4890 quod
2653 4824 2731 4879 sic
2779 4825 2854 4880 illi
2900 4839 3081 4885 essent
3116 4832 3354 4889 addicti:

1772 4910 2051 4972 putassent
2076 4906 2219 4961 enim
2272 4909 2418 4965 illum
2470 4926 2566 4981 per
2606 4914 2928 4973 modestiam
2964 4921 3035 4976 ita
3077 4923 3260 4993 loqui,
3304 4938 3360 4981 et

1772 4998 1941 5066 magis
1968 4997 2041 5052 illi
2065 4999 2347 5056 haesissent
2377 5019 2391 5055 :
2425 5003 2470 5058 si
2504 5020 2628 5060 vero
2659 5009 2929 5076 tacuisset,
2962 5027 3048 5067 res
3073 5014 3265 5073 eodem
3302 5018 3355 5072 in

1771 5099 1911 5145 statu
1929 5107 2178 5147 mansura
2210 5103 2343 5149 erat.
2364 5095 2501 5163 Quid
2527 5097 2685 5167 igitur
2697 5099 2854 5155 facit?
2872 5101 3160 5173 Exspectat
3183 5107 3357 5164 donec

1769 5180 1970 5236 abillis
2012 5184 2193 5239 audiat
2245 5186 2421 5255 ipsum
2470 5188 2725 5244 miracula
2775 5192 2966 5259 edere;
3016 5211 3189 5267 neque
3230 5208 3357 5257 tunc

1771 5271 1890 5327 illos
1920 5272 2184 5342 hortatur,
2228 5293 2402 5349 neque
2428 5293 2617 5335 omnes
2667 5281 2849 5348 mittit,
2893 5285 2988 5340 sed
3036 5285 3171 5345 duos
3219 5307 3356 5362 quos

1769 5363 1906 5421 forte
1925 5367 2176 5423 credebat
2202 5383 2320 5425 esse
2349 5370 2415 5426 ad
2440 5372 2762 5428 credendum
2790 5379 3165 5448 promptiores,
3190 5394 3244 5438 ut
3275 5386 3359 5441 in-

1769 5462 2059 5531 terrogatio
2102 5462 2230 5517 nulli
2282 5472 2425 5519 esset
2467 5466 2755 5536 suspicioni
2800 5467 3050 5539 obnoxia,
3090 5483 3250 5545 atque
3288 5494 3356 5535 ex

1769 5551 1899 5621 ipsis
1919 5553 2080 5608 rebus
2106 5553 2425 5623 ediscerent,
2457 5568 2710 5626 quantum
2731 5559 3013 5617 interesset
3028 5562 3354 5624 discriminis

1767 5642 1952 5700 Jesum
1981 5645 2131 5712 inter
2172 5655 2224 5701 et
2270 5645 2529 5703 Joannem
2561 5664 2575 5702 :
2602 5649 2781 5721 aitque
2819 5670 2834 5707 :
2872 5653 3030 5712 Abite
3068 5666 3124 5711 et
3155 5657 3352 5714 dicite:

1768 5741 1847 5797 Tu
1877 5760 1927 5798 es
1969 5742 2057 5814 qui
2091 5754 2328 5798 venturus
2360 5759 2409 5799 es
2428 5783 2445 5814 ,
2472 5761 2537 5799 an
2577 5746 2733 5801 alium
2778 5753 3173 5823 exspectamus?
3198 5750 3358 5809 (311τὶ-
