3900 6194
532 343 637 401 415

536 465 650 510 stus
681 469 808 509 vero
829 448 1048 505 Joannis
1069 453 1300 500 mentem
1326 439 1662 508 intelligens,
1691 450 1794 488 non
1823 431 1987 494 dixit,
2013 428 2124 497 Ego

539 562 657 599 sum
686 562 699 600 :
727 558 849 598 nam
903 539 955 595 id
1004 537 1281 591 auditores
1326 530 1656 591 oll‘endisset,
1707 535 2026 594 quamquam
2072 518 2124 573 id

539 641 930 704 consequenter
959 629 1061 684 dici
1086 633 1330 698 poterat;
1357 620 1450 676 sed
1469 618 1520 674 id
1557 634 1621 674 ex
1651 616 1779 686 ipsis
1818 614 1978 668 rebus
2003 610 2124 666 edi-

541 741 691 781 scere
715 702 860 779 sinit.
892 721 1090 776 Dicitur
1108 716 1251 773 euim
1280 713 1370 777 ibi,
1413 713 1584 782 ipsum
1606 705 1988 763 accedentibus
2014 702 2118 756 illis

544 816 741 870 multos
768 826 1001 869 curasse.
1051 810 1119 863 At
1161 805 1304 862 enim
1344 818 1462 869 qua:
1489 798 1676 854 fuisset
1717 793 2123 865 consequentia,

545 910 929 976 interrogatum
948 917 1073 958 num
1099 901 1212 970 ipse
1236 903 1396 960 esset,
1417 892 1548 949 nihil
1569 890 1636 946 ad
1652 890 1752 946 hoc
1778 884 2123 958 respondere,

543 1002 636 1056 sed
668 999 846 1054 statim
874 1009 1046 1064 aegros
1073 1005 1292 1056 curare,
1332 985 1434 1041 nisi
1473 985 1575 1039 hoc
1613 982 1788 1037 facere
1833 978 2120 1042 voluisset,

543 1090 683 1162 quod
704 1088 852 1145 dixi?
874 1087 948 1141 Ex
978 1083 1136 1138 rebus
1166 1079 1309 1136 enim
1340 1076 1468 1146 ipsis
1500 1071 1858 1129 testimonium
1891 1066 2124 1123 credibi-

544 1187 669 1250 lius,
726 1184 1005 1250 minusque
1057 1171 1344 1244 suspicioni
1395 1166 1680 1225 obnoxium
1723 1163 1940 1234 putabat
1981 1175 2122 1227 esse,

543 1292 700 1347 quam
723 1274 903 1328 verba.
934 1269 1065 1326 Cum
1091 1268 1251 1323 sciret
1273 1278 1419 1335 ergo,
1450 1267 1632 1328 utpote
1648 1258 1806 1323 Dens,
1826 1271 1926 1327 qua
1948 1261 2126 1310 mente

545 1345 664 1422 illos
697 1366 930 1420 misisset
952 1361 1205 1424 Joannes,
1235 1356 1414 1411 statim
1442 1352 1852 1416 sanavitcarcos,
1884 1345 2123 1412 claudos,

547 1462 787 1528 aliosque
819 1455 1031 1519 multos,
1081 1467 1188 1506 non
1235 1457 1292 1504 ut
1335 1448 1482 1502 illum
1522 1444 1771 1506 doceret,
1815 1441 1954 1511 (cur
1983 1437 2125 1492 enim

545 1525 818 1605 docuisset
844 1560 989 1610 eum,
1018 1542 1106 1615 qui
1123 1542 1232 1613 jam
1259 1538 1511 1595 credebat
1549 1545 1604 1591 et
1645 1525 2122 1600 obtemperabat?)

545 1641 641 1696 sed
684 1650 741 1695 ut
785 1637 1075 1707 discipulos
1113 1634 1229 1702 ejus
1283 1629 1585 1687 dubitantes
1637 1625 1935 1680 institueret
1967 1639 1979 1675 :
2007 1621 2126 1675 ideo

546 1744 667 1804 post
709 1733 992 1788 multorum
1021 1727 1347 1785 curationem
1387 1721 1460 1776 ait
1493 1721 1582 1776 :4.
1625 1719 1812 1772 Euntes
1850 1713 2129 1768 renuntiate

544 1803 736 1879 ἀσαηηὶ
773 1837 887 1894 quia
923 1821 1112 1874 auditis
1143 1827 1192 1872 et
1232 1816 1425 1871 videtis.
1466 1812 1520 1869 5.
1557 1809 1687 1865 ϐα»σὶ
1724 1808 1908 1872 rident,
1956 1803 2128 1858 claudi

546 1915 827 1980 ambulant,
876 1911 1063 1982 leprosi
1099 1908 1427 1970 mandantur,
1468 1901 1609 1958 surdi
1657 1899 1888 1964 audiunt,
1943 1896 2128 1948 mortui

547 2009 886 2073 suscitantur,
918 2020 1162 2076 pauperes
1181 1999 1586 2071 euangelizantur
1612 2011 1630 2049 :
1655 2001 1708 2050 et
1737 1991 1916 2062 adjicit
1945 2007 1958 2044 :
1983 1988 2033 2043 6.
2062 1985 2127 2041 Et

547 2104 721 2156 beatus
746 2101 833 2171 qui
856 2116 955 2153 non
975 2097 1126 2168 fuerit
1147 2093 1517 2150 scandalizatus
1540 2090 1593 2143 in
1624 2103 1702 2140 me
1723 2101 1742 2140 :
1762 2083 2049 2138 ostendens
2069 2096 2127 2134 se

548 2194 725 2250 cordis
753 2207 938 2247 eorum
978 2195 1180 2245 secreta
1216 2198 1391 2242 nosse.
1428 2181 1485 2238 Si
1524 2179 1667 2237 enim
1711 2178 1970 2239 dixisset,
2017 2172 2128 2241 Ego

547 2301 685 2352 sum,
706 2284 754 2338 id
783 2282 922 2346 illos,
954 2289 1013 2335 ut
1032 2277 1142 2349 jam
1155 2271 1634 2341 dixi,oﬁ'endisset,
1676 2267 2125 2338 cogitassentqne,

547 2378 648 2434 etsi
676 2394 780 2432 non
810 2375 1101 2436 dixissent,
1131 2370 1182 2427 id
1209 2367 1352 2440 quod
1395 2363 1564 2422 Judzei
1611 2362 1685 2416 illi
1731 2359 1979 2414 dicebant
2007 2374 2021 2411 :
2052 2353 2128 2409 Tu

546 2472 612 2525 de
639 2479 683 2524 te
713 2470 825 2540 ipso
851 2463 1187 2522 testimonium
1221 2463 1312 2516 das
1341 2459 1359 2530 (
1384 2457 1542 2514 Joan.
1568 2455 1623 2511 8.
1654 2453 1724 2509 15
1747 2449 1790 2524 ).
1822 2449 2049 2540 Ideoque
2076 2447 2128 2540 id

548 2563 638 2617 ille
669 2538 772 2615 non
801 2557 965 2623 dicit,
996 2553 1092 2612 sed
1136 2567 1206 2609 ex
1243 2547 1516 2607 miraculis
1550 2551 1701 2601 curat
1738 2549 1795 2596 ut
1840 2539 1913 2596 illi
1947 2538 2126 2594 omnia

546 2653 807 2718 ediscant,
853 2647 1152 2705 doctrinam
1199 2641 1413 2699 tradens
1467 2645 1524 2694 et
1574 2636 1853 2693 clariorem
1891 2639 1948 2687 et
1998 2627 2129 2686 nulli

547 2743 840 2818 suspicioni
881 2740 1189 2800 obnoxiam.
1220 2735 1423 2793 Idcirco
1459 2733 1601 2789 clam
1641 2730 1762 2785 illos
1800 2727 2129 2797 redarguens

548 2839 680 2895 illud
727 2835 938 2908 adjecit.
987 2833 1119 2901 Quia
1168 2833 1312 2895 enim
1351 2826 1405 2882 in
1448 2824 1566 2894 ipso
1608 2819 2125 2882 scandalizabantur,

548 2933 757 2989 illorum
783 2926 1024 2984 morbum
1054 2923 1277 2990 detexit,
1305 2927 1361 2976 et
1394 2916 1522 2973 illud
1549 2913 1888 2971 conscientia:
1921 2919 2128 2965 tantum

550 3028 784 3094 ipsorum
815 3019 1046 3091 reliquit,
1077 3015 1291 3073 nemine
1329 3013 1590 3069 advocato
1632 3005 1937 3066 maledicti'
1968 3011 2125 3069 teste,

549 3120 786 3188 ipsisque
831 3113 960 3171 solis
1003 3112 1055 3168 id
1095 3109 1430 3167 scientibus:
1465 3106 1652 3176 sicque
1696 3102 1884 3158 melius
1913 3097 2130 3154 attraxit

550 3211 692 3276 illos,
738 3208 957 3262 dicens:
988 3202 1178 3259 Beatus
1215 3200 1301 3270 qui
1336 3215 1437 3254 non
1475 3197 1627 3268 fuerit
1661 3192 2034 3251 scandalizatus
2076 3191 2129 3244 in

549 3319 642 3355 me.
674 3300 804 3354 Nam
826 3298 941 3352 hrcc
965 3295 1117 3360 dixit,
1148 3293 1264 3349 illos
1292 3293 1435 3363 ipsos
1459 3288 1817 3345 subindicans.
1844 3285 1921 3340 Ne
1951 3294 2126 3338 autem

553 3402 732 3448 nostra
765 3397 965 3444 tantum
990 3385 1305 3449 referamus,
1331 3381 1425 3437 sed
1453 3390 1511 3437 ut
1537 3380 1615 3436 rei
1639 3377 1910 3434 ﬁrmanda:
1936 3377 2001 3432 iis
2026 3373 2124 3429 ad-

551 3483 745 3549 ductis,
775 3496 894 3551 quze
918 3480 986 3545 ab
1022 3477 1141 3532 aliis
1183 3476 1324 3532 dicta
1361 3461 1522 3540 sunt,
1549 3472 1829 3528 clariorem
1875 3457 2028 3524 vobis
2061 3482 2126 3523 ex

551 3577 814 3630 dictorum
867 3568 1265 3640 comparatione
1334 3566 1614 3620 veritatem
1676 3562 1983 3626 tradamus,
2037 3559 2126 3614 illa

554 3669 712 3720 etiam
743 3663 830 3720 hic
871 3660 1110 3734 proferre
1163 3671 1384 3713 necesse
1429 3665 1535 3711 est.
1583 3653 1720 3722 Quid
1770 3667 1899 3722 ergo
1946 3651 2128 3706 dicunt

555 3753 839 3811 nonnulli?
870 3754 998 3809 Eam
1026 3764 1182 3822 quam
1211 3747 1509 3810 retulimus,
1526 3759 1634 3800 non
1660 3757 1840 3798 veram
1863 3757 1982 3798 esse
2002 3757 2128 3798 cau-

551 3864 663 3902 satu
698 3844 828 3901 :sed
853 3857 976 3898 vere
1002 3843 1273 3912 ignorasse
1304 3837 1587 3904 Joannem,
1615 3849 1715 3892 nec
1751 3844 1917 3889 totum
1948 3841 2125 3888 tamen

551 3930 828 4007 ignorasse
858 3953 872 3989 :
900 3943 953 3989 et
979 3931 1127 3986 illum
1176 3929 1390 4000 quidem
1433 3940 1554 3982 esse
1590 3922 1861 3981 Christum
1890 3925 2124 3992 novisse,

550 4030 689 4102 quod
713 4036 888 4084 autem
913 4039 1008 4096 pro
1037 4021 1339 4078 hominibus
1360 4019 1648 4076 moriturus
1669 4025 1809 4074 esset
1825 4017 2124 4086 ignorasse:

551 4124 750 4178 idcirco
775 4119 996 4181 dixisse,
1023 4114 1105 4172 Tu
1131 4131 1183 4170 es
1210 4113 1293 4184 qui
1320 4121 1558 4167 venturus
1595 4111 1687 4166 es?
1715 4110 1767 4166 id
1796 4119 1911 4176 est,
1941 4108 2040 4175 Qui
2072 4109 2125 4165 in

551 4213 812 4272 internum
844 4226 903 4264 es
929 4209 1303 4262 descensurus.
1323 4203 1517 4260 Verum
1541 4203 1594 4258 id
1610 4217 1730 4258 cum
1752 4209 1897 4257 recta
1919 4201 2125 4256 ratione

554 4312 811 4377 ιιυςιιπϐι
842 4321 856 4358 :
883 4301 1115 4358 Joannes
1155 4299 1348 4369 quippe
1386 4311 1492 4352 non
1535 4296 1636 4352 hoc
1672 4295 1968 4366 ignorabat.
2012 4293 2125 4350 Hoc

549 4400 689 4452 enim
717 4407 840 4450 ante
867 4395 968 4450 alia
1002 4391 1322 4462 praedicabat
1346 4405 1468 4446 cum
1513 4389 1749 4456 diceret,
1781 4387 1915 4443 Ecce
1963 4404 2125 4459 agnus

552 4491 664 4549 Dei,
697 4490 778 4558 qui
809 4487 939 4541 tollit
981 4495 1182 4555 peccata
1220 4483 1397 4536 mundi
1436 4480 1634 4552 (Joan.
1665 4481 1717 4536 1.
1748 4479 1820 4536 29
1845 4479 1885 4551 ).
1919 4481 2126 4551 Agnutn

551 4599 678 4635 vero
706 4581 947 4641 vocavit,
979 4591 1193 4632 crucem
1223 4575 1553 4645 praedicans;
1583 4588 1645 4628 ac
1671 4588 1792 4628 cum
1839 4573 1988 4637 dicit,
2023 4573 2123 4638 Qui

553 4674 683 4726 tollit
732 4679 933 4740 peccata
974 4667 1185 4732 mundi,
1221 4667 1447 4736 idipsum
1475 4666 1806 4735 signiﬁcavit.
1862 4665 1976 4720 Non
2017 4666 2124 4720 alio

550 4763 691 4819 enim
719 4776 875 4832 quam
902 4775 995 4828 per
1019 4771 1230 4811 crucem
1271 4755 1430 4810 modo
1459 4755 1508 4808 id
1535 4766 1784 4824 operatus
1824 4764 1908 4810 est
1933 4769 1947 4808 :
1978 4754 2121 4825 quod

547 4857 708 4910 etiam
740 4851 931 4906 Paulus
957 4848 1202 4904 dicebat:
1235 4844 1300 4899 Et
1327 4845 1715 4916 chirographum
1735 4886 1748 4908 ,
1776 4845 1910 4915 quod
1948 4846 2127 4899 adver-

546 4964 656 5004 sum
687 4963 778 5000 nos
823 4951 951 5008 erat,
995 4942 1057 4995 de
1107 4941 1270 4994 medio
1312 4941 1533 5006 sustulit,
1563 4941 1763 5012 a/ﬁgens
1812 4941 1940 4994 illud
1987 4940 2126 4994 cruci

545 5040 761 5111 (Coloss.
789 5035 846 5092 2.
877 5035 986 5104 ll).
1009 5033 1141 5088 Cum
1168 5045 1344 5088 autem
1371 5032 1617 5098 dicebat,
1649 5031 1713 5086 In
1737 5031 1935 5102 Spiritu
1961 5033 2122 5103 bapti-

543 5131 676 5183 sabit
703 5145 788 5182 uos
816 5129 836 5159 ⁸
867 5126 1019 5197 (Luc.
1052 5127 1106 5182 ὅ.
1140 5125 1250 5196 16),
1281 5139 1342 5178 ea
1370 5138 1489 5193 qua:
1521 5131 1641 5193 post
1679 5125 2121 5180 resurrectionem

551 5222 725 5274 futura
755 5227 910 5275 erant
942 5217 1354 5289 prmnuntiabat.
1395 5218 1464 5272 At
1493 5225 1756 5286 reponunt
1794 5215 1868 5271 illi
1899 5233 1911 5269 :
1945 5216 2120 5288 Ipsum

548 5318 993 5377 resurrecturum,
1041 5319 1097 5365 et
1136 5307 1392 5379 Spiritum
1435 5316 1677 5363 sanctum
1713 5307 1962 5363 daturum
2002 5325 2124 5366 esse

542 5403 743 5454 scit-bat
773 5417 788 5454 :
819 5402 961 5472 quod
985 5411 1162 5456 autem
1181 5401 1327 5456 cruci
1354 5399 1650 5473 afﬁgendus
1675 5410 1810 5456 esset
1827 5403 2121 5472 ignorabat.

544 5491 647 5548 Sed
675 5493 941 5562 quomodo
965 5503 1364 5549 resurrecturus
1392 5502 1528 5561 erat,
1560 5493 1648 5564 qui
1679 5508 1777 5549 nec
1807 5509 1993 5565 passus
2023 5509 2123 5552 nec

608 5651 627 5718 ξ
660 5651 800 5696 savd.
821 5656 873 5718 _ct
897 5648 994 5704 alii,
1029 5649 1344 5699 ttccttsatiouis
1369 5661 1385 5698 :
1407 5658 1666 5718 utrumque
1687 5652 1902 5712 quadrat.

610 5712 629 5740 ι
665 5721 790 5781 qum.
821 5712 864 5756 in
890 5718 1226 5781 t.-xtn_t;r:eco,
1262 5712 1558 5781 resnontlent
1581 5715 1652 5781 his
1675 5715 1886 5781 uicinus,
1911 5713 2123 5778 baptiza-

543 5771 608 5821 btt
632 5785 727 5828 tu»,
755 5770 812 5831 lui
829 5785 884 5816 su
907 5771 1150 5832 graihieo.
1175 5770 1452 5822 exciderant
1475 5787 1517 5834 al
1535 5774 1597 5821 ud
1619 5774 1782 5822 Morel.

1317 328 1374 386 S.
1415 321 1696 384 JOANNIS
1732 312 2203 376 CIIRYSOSTOMI
2243 311 2556 370 ARCIIIEP.
2597 311 3127 371 CONSTANTINOP.
3690 313 3790 368 .llﬁ

2233 425 2520 482 cruciﬁxus
2571 425 2800 482 fuisset?
2843 428 3120 496 Qucmodo
3159 429 3284 486 item
3347 433 3512 498 major
3534 435 3680 503 propl
3698 439 3800 496 etis

2230 527 2366 580 erat,
2396 519 2487 588 qui
2513 533 2576 574 ea
2605 535 2724 590 qua:
2754 519 3026 590 prophetm
3055 522 3297 578 sciebant
3326 523 3636 593 ignorabat?

2301 611 2352 666 5.
2375 609 2648 680 PrOpIteta:
2666 613 2905 679 sciebant,
2925 613 3179 668 Christum
3199 632 3304 670 esse
3323 617 3786 687 cruciﬁgendum.—

2230 701 2380 769 Quod
2402 703 2544 757 enim
2571 703 2687 773 plus
2709 719 2867 774 quam
2897 704 3151 775 propheta
3180 717 3354 776 esset,
3393 707 3630 764 Christus
3652 714 3786 768 testi-

2231 798 2414 849 tit'atus
2439 804 2523 849 est
2549 797 2566 862 (
2593 794 2718 849 Luc.
2745 797 2797 850 7.
2822 795 2963 868 28);
2996 797 3136 867 quod
3165 810 3340 853 autem
3373 803 3640 870 propheta:
3677 817 3784 872 pas-

2229 887 2434 941 sionem
2463 884 2657 940 Christi
2689 888 2933 943 noverint
2957 929 2973 955 ,
3005 889 3133 944 nulli
3161 906 3267 946 non
3305 902 3489 946 notum
3518 902 3620 948 est.
3667 896 3783 949 Nam

2230 975 2394 1032 Isaias
2418 976 2542 1031 dicit
2571 993 2586 1031 :
2617 976 2766 1032 Sicut
2808 979 2914 1032 ovis
2961 980 3030 1032 ad
3057 981 3353 1034 occisionem
3397 982 3578 1037 ductus
3619 995 3686 1038 est
3705 1027 3720 1052 ,
3740 999 3780 1043 et

2227 1068 2356 1122 sicut
2379 1083 2539 1139 agnus
2562 1084 2733 1122 coram
2776 1069 3010 1124 tondente
3045 1088 3098 1126 se
3133 1072 3240 1126 sine
3266 1088 3384 1127 voce
3408 1071 3568 1143 (lsai.
3597 1076 3680 1131 55.
3707 1078 3782 1145 7).

2231 1160 2512 1231 Etiamque
2539 1172 2662 1218 ante
2693 1163 2794 1217 hoc
2826 1164 3183 1219 testimonium
3215 1165 3355 1220 dixit
3381 1182 3397 1221 :
3440 1165 3508 1220 Et
3544 1169 3631 1222 erit
3654 1172 3784 1223 radix

2228 1253 2407 1318 Jcsse,
2457 1263 2501 1307 et
2539 1255 2625 1324 qui
2681 1264 2912 1324 exsurget
2977 1256 3226 1326 imperare
3288 1258 3552 1328 gentibus,
3598 1258 3648 1313 in
3687 1261 3782 1330 ipso

2228 1359 2397 1419 gentes
2423 1348 2695 1418 sperabunt
2734 1347 2896 1421 (Isai.
2931 1349 3013 1403 ll.
3059 1349 3184 1420 10).
3213 1349 3415 1408 Deinde
3468 1352 3781 1421 passionem,

2229 1451 2285 1496 et
2304 1457 2466 1514 quam
2492 1443 2612 1496 inde
2633 1442 2858 1512 gloriam
2886 1451 3246 1514 consequutus
3272 1443 3344 1498 sit
3371 1459 3669 1513 espouens,
3700 1449 3781 1500 ad-

2224 1532 2374 1603 jicit.
2407 1531 2476 1586 Et
2515 1534 2608 1587 erit
2637 1533 2829 1601 requies
2875 1534 2983 1605 ejus
3022 1536 3182 1587 honor
3206 1533 3444 1607 (lbid.).
3499 1535 3609 1592 Nec
3632 1538 3782 1593 solum

2228 1624 2368 1695 quod
2397 1626 2539 1679 cruci
2571 1624 2865 1695 afﬁgendus
2913 1635 3092 1690 esset,
3134 1626 3227 1680 sed
3270 1628 3583 1697 quibuscum
3619 1645 3782 1698 passu-

2230 1733 2322 1772 rus
2349 1723 2489 1772 esset
2516 1717 2647 1770 dixit
2681 1733 2696 1771 τ
2724 1715 2791 1770 Et
2830 1733 2941 1770 cum
2969 1717 3222 1771 sceleratis
3249 1729 3510 1786 reputatus
3537 1731 3603 1774 est
3630 1721 3781 1790 (lsai.

2229 1807 2462 1880 53.12).
2487 1807 2666 1878 Neque
2695 1807 2794 1862 hoc
2819 1817 3039 1874 tantum,
3068 1808 3162 1863 sed
3190 1825 3297 1864 non
3317 1825 3438 1866 sese
3464 1811 3783 1866 defensurum

2228 1914 2348 1954 esse
2377 1899 2618 1969 praedixit
2653 1917 2666 1955 :
2700 1898 2799 1953 Hic
2846 1902 2976 1953 enim
3003 1916 3106 1953 non
3149 1902 3335 1971 aperiet
3375 1919 3430 1955 os
3459 1919 3607 1956 suum
3631 1904 3782 1972 (Ibid.

2229 2007 2280 2046 v.
2312 1991 2379 2063 7)
2408 2009 2424 2060 ;
2480 2008 2703 2063 esseque
2750 1994 2943 2063 injuste
2984 1993 3342 2050 damnandum
3371 2013 3384 2047 :
3416 1994 3486 2050 In
3529 1997 3788 2054 humilitate

2222 2083 2475 2156 judicium
2519 2085 2629 2155 ejus
2673 2085 2928 2139 sublatum
2964 2095 3036 2138 est
3068 2083 3241 2156 (Ibid.
3271 2101 3320 2141 ν.
3345 2086 3435 2155 8).
3483 2087 3620 2142 Ante
3658 2089 3786 2143 illiilli

2229 2192 2440 2248 quoque
2469 2176 2696 2245 idipsum
2720 2177 2851 2232 dicit
2886 2177 3076 2242 David,
3109 2186 3164 2234 et
3203 2178 3466 2247 judicium
3507 2180 3783 2236 describit:

2233 2268 2428 2336 Quare,
2468 2267 2664 2339 inquit,
2713 2274 3019 2339 fremuerunt
3060 2281 3228 2343 gentes
3251 2313 3268 2339 ,
3293 2282 3339 2327 et
3381 2274 3560 2345 populi
3587 2277 3787 2329 meditati

2228 2368 2345 2416 sunt
2374 2361 2587 2415 inania?
2610 2361 2922 2416 Adstiterunt
2944 2378 3085 2434 reges
3110 2372 3277 2430 teme,
3307 2374 3355 2418 et
3396 2367 3646 2436 principes
3685 2383 3787 2419 con-

2228 2462 2470 2508 uenerunt
2517 2455 2569 2508 in
2629 2471 2786 2509 unum
2845 2455 3084 2511 adversus
3131 2455 3406 2512 Dominum
3466 2469 3518 2514 et
3573 2461 3788 2513 adversus

2228 2545 2484 2604 Christum
2521 2549 2630 2620 ejus
2679 2547 2866 2621 (Psal.
2895 2547 2947 2602 2.
2982 2549 3034 2604 1.
3073 2548 3167 2620 2,).
3198 2549 3335 2604 Alibi
3379 2566 3593 2622 quoque
3637 2551 3788 2622 ipsum

2230 2641 2405 2695 crucis
2431 2640 2643 2694 modum
2670 2640 2804 2695 dixit
2835 2656 2849 2694 :
2878 2638 3142 2695 Fodenmt
3193 2658 3374 2696 atauus
3408 2659 3546 2697 meas
3569 2652 3614 2697 et
3654 2644 3788 2716 pedes

2230 2747 2366 2786 meos
2394 2734 2411 2803 (
2435 2731 2578 2786 Psal.
2608 2732 2697 2787 21.
2730 2732 2829 2804 l7)
2859 2748 2876 2800 ;
2907 2743 2961 2789 et
2987 2744 3232 2790 accurate
3275 2736 3496 2789 omnino
3521 2751 3636 2806 qua:
3661 2736 3785 2791 mili-

2229 2831 2312 2879 tes
2353 2824 2468 2880 ausi
2515 2836 2638 2881 sunt
2662 2825 2844 2896 adjicit
2869 2843 2883 2880 :
2911 2826 3198 2882 Diviseruut
3222 2829 3317 2882 sibi
3343 2830 3631 2883 uestimenta
3656 2845 3786 2894 mea,

2229 2927 2278 2972 et
2297 2935 2450 2988 super
2497 2929 2677 2975 vestem
2710 2937 2870 2974 meam
2899 2921 3137 2975 miserunt
3165 2933 3349 2976 sortem
3386 2921 3562 2993 (Ibid.
3595 2939 3644 2978 v.
3673 2923 3731 2978 l9
3750 2924 3784 2993 ).

2230 3011 2372 3068 Alibi
2398 3024 2575 3068 autem
2612 3015 2848 3068 oblatum
2877 3025 3084 3070 acetum
3112 3015 3189 3071 sic
3208 3025 3472 3072 memorat
3504 3033 3517 3071 :
3549 3014 3787 3069 Dederunt

2229 3105 2284 3160 in
2319 3121 2487 3160 escam
2513 3122 2671 3159 meam
2694 3107 2764 3178 fel
2780 3147 2796 3173 ,
2825 3115 2872 3161 et
2901 3108 2954 3160 in
2984 3107 3069 3161 siti
3096 3125 3204 3162 mea
3232 3118 3535 3178 potaverunt
3571 3124 3647 3164 me
3667 3118 3786 3162 aceto

2233 3195 2421 3269 (Psal.
2452 3197 2537 3255 68.
2570 3198 2697 3269 22).
2730 3197 3007 3268 Propheta:
3036 3199 3198 3270 igitur
3223 3209 3347 3255 ante
3375 3209 3452 3256 tot
3477 3215 3646 3256 annos
3668 3199 3788 3270 judi.

2229 3289 2370 3345 ciutn
2398 3331 2411 3352 ,
2443 3289 2941 3348 condemnationem
2962 3332 2978 3356 ,
3008 3293 3183 3346 crucis
3222 3293 3423 3358 socios,
3459 3293 3785 3349 vestimento-

2228 3395 2346 3438 rum
2378 3381 2694 3438 divisionem
2713 3424 2728 3450 ,
2762 3384 2978 3439 missam
3003 3393 3235 3451 sortem,
3267 3393 3322 3441 et
3339 3384 3499 3456 longe
3528 3385 3671 3456 plura
3699 3385 3786 3439 alia

2229 3486 2570 3532 memorant:
2604 3491 2775 3546 neque
2822 3481 2962 3532 enim
3007 3492 3226 3534 necesse
3251 3487 3335 3533 est
3358 3478 3538 3533 omnia
3579 3477 3786 3539 ell'erre,

2230 3583 2299 3625 ne
2326 3569 2533 3640 longius
2569 3578 2823 3625 excurrat
2868 3571 3077 3637 oratio;
3127 3571 3212 3626 hic
3263 3586 3389 3628 vero
3417 3572 3524 3628 illis
3566 3571 3788 3627 omnibus

2230 3661 2435 3732 major,
2479 3660 2594 3715 haec
2621 3661 2798 3717 omnia
2845 3662 3157 3733 ignorabat?
3206 3663 3319 3731 Qua
3351 3664 3559 3719 ratione
3585 3663 3633 3718 id
3659 3671 3786 3718 stare

2231 3752 2441 3824 possit?
2467 3752 2576 3809 Cur
2604 3769 2730 3809 vero
2753 3753 2858 3809 non
2889 3755 3053 3822 dixit,
3083 3754 3161 3810 Tu
3183 3770 3241 3811 es
3280 3756 3366 3827 qui
3395 3766 3647 3812 venturus
3665 3770 3720 3810 es
3743 3756 3786 3808 in

2231 3845 2541 3900 infernum?
2586 3844 2679 3900 sed
2734 3846 3085 3915 simpliciter,
3141 3847 3242 3913 Qui
3284 3857 3520 3904 venturus
3565 3848 3659 3902 es?
3695 3845 3784 3902 Sed

2229 3937 2371 4008 quod
2393 3938 2561 4010 magis
2581 3939 2692 3994 risu
2717 3937 2932 4009 dignum
2957 3950 3121 4001 esset.
3145 3939 3328 3995 dicunt
3348 3939 3448 3995 hoc
3473 3939 3592 3995 ideo
3611 3940 3785 3995 dixisse

2229 4028 2526 4096 Joannem,
2555 4037 2612 4084 ut
2659 4030 2710 4084 in
2756 4029 2955 4084 inferos
2983 4032 3200 4086 veniens
3247 4031 3579 4101 praedicaret.
3607 4031 3785 4100 Quibus

2229 4133 2526 4193 opportune
2553 4122 2760 4179 dicatur
2790 4142 2803 4177 :
2834 4123 3042 4188 Fratres
3061 4165 3076 4188 ,
3109 4127 3262 4180 nolite
3289 4127 3430 4195 pueri
3457 4127 3582 4198 efﬁci
3607 4137 3784 4189 mente,

2228 4217 2317 4271 sed
2345 4219 2537 4272 malitia
2562 4220 2761 4290 paruuli
2787 4220 2981 4291 estote(
3009 4221 3060 4276 1.
3087 4221 3204 4276 Cor.
3231 4221 3316 4277 14.
3345 4221 3414 4276 20
3429 4219 3477 4295 ).
3504 4221 3634 4277 Nam
3662 4235 3784 4292 pra:-

2228 4321 2354 4364 sens
2384 4310 2488 4364 vita
2517 4310 2652 4365 bene
2679 4311 2868 4382 agendi
2899 4321 3107 4382 tempus
3133 4323 3244 4377 est;
3279 4321 3400 4384 post
3421 4325 3646 4371 mortem
3672 4326 3785 4367 vero

2228 4403 2402 4458 aderit
2447 4403 2704 4472 judicium
2733 4413 2788 4459 et
2811 4405 3148 4476 supplicium.
3180 4405 3311 4460 Nam
3353 4405 3427 4460 ait
3475 4423 3489 4461 :
3522 4404 3587 4460 In
3609 4405 3784 4461 inferno

2229 4497 2339 4567 quis
2386 4497 2699 4565 conﬁtebitur
2746 4497 2832 4550 tibi
2875 4496 3059 4564 (Psal.
3093 4499 3147 4554 6.
3182 4498 3284 4568 6)?
3319 4498 3596 4567 Quomodo
3645 4498 3784 4567 igitur

2229 4587 2475 4641 contrita:
2514 4597 2639 4642 sunt
2667 4597 2833 4658 porta:
2864 4604 3039 4656 εει-(ξω,
3070 4599 3123 4644 et
3154 4599 3331 4644 vectes
3361 4588 3523 4646 ferrei
3549 4586 3780 4645 contracti

2229 4679 2389 4732 sunt?
2419 4679 2518 4734 l'er
2557 4693 2751 4749 corpus
2795 4679 2931 4749 ejus.
2964 4680 3110 4735 Tunc
3153 4679 3294 4735 enim
3344 4680 3517 4750 primo
3566 4680 3783 4750 apparuit

2228 4785 2422 4840 corpus
2453 4770 2773 4837 immortale,
2805 4770 2943 4840 quod
2971 4772 3157 4826 mortis
3189 4772 3521 4843 tyrannidem
3551 4772 3779 4827 solveret.

2229 4865 2480 4933 Alioquin
2511 4880 2639 4919 vero
2666 4865 2717 4918 id
2747 4865 2978 4919 ostendit
3008 4865 3195 4919 mortis
3221 4865 3327 4919 vim
3351 4880 3472 4922 esse
3505 4864 3778 4922 sublatam.

2229 4972 2334 5012 non
2364 4966 2540 5012 autem
2561 4971 2747 5013 eorum
2763 4957 2852 5028 qui
2878 4965 3001 5012 ante
3023 4956 3306 5012 adventum
3328 4957 3444 5026 ejus
3473 4956 3658 5012 mortui
3681 4952 3782 5007 lue-

2228 5061 2348 5103 rant
2369 5086 2389 5113 ,
2411 5047 2582 5103 soluta
2625 5059 2841 5118 peccata
2862 5049 2878 5080 ‘
2925 5047 3109 5105 fuisse.
3140 5046 3293 5114 Quod
3318 5048 3362 5103 si
3395 5063 3482 5104 res
3511 5063 3613 5104 non
3641 5047 3703 5102 ita
3728 5057 3780 5099 se

2227 5139 2419 5197 habeat
2441 5184 2456 5208 ,
2487 5150 2541 5196 et
2589 5141 2636 5196 si
2679 5156 2867 5197 omnes
2889 5148 3042 5196 antea
3070 5150 3311 5197 mortuos
3337 5156 3368 5195 a
3396 5139 3631 5212 geheuna
3660 5138 3775 5192 libe-

2227 5231 2398 5300 ravit,
2424 5231 2692 5300 quomodo
2718 5233 2791 5287 ait
2821 5251 2835 5288 :
2864 5231 3196 5288 Tolerabilius
3243 5234 3336 5288 erit
3378 5244 3526 5288 teme
3552 5232 3776 5288 Sodomo-

2227 5341 2342 5379 rum
2384 5333 2433 5379 et
2463 5323 2758 5379 (ἔρυκον-νῆας
2811 5324 2981 5397 (Luc.
3033 5325 3296 5397 10.12)?
3338 5326 3468 5383 Illud
3519 5326 3653 5380 enim
3697 5335 3774 5374 eos

2229 5417 2523 5488 puniendos
2553 5434 2671 5473 esse
2690 5417 2956 5486 declarat,
2983 5417 3256 5474 remissius
3284 5418 3527 5488 quidem,
3557 5416 3645 5472 sed
3689 5430 3775 5484 pu-

2228 5507 2452 5565 niendos
2481 5516 2677 5562 tamen.
2731 5508 2948 5564 Etiamsi
2990 5508 3077 5564 hic
3121 5518 3388 5564 extremas
3412 5506 3647 5563 dederint
3675 5520 3772 5573 pa:-

2229 5614 2326 5654 nas
2353 5615 2368 5652 :
2397 5607 2626 5654 attamen
2652 5615 2757 5654 non
2787 5599 2887 5655 hoc
2925 5598 3042 5656 illos
3085 5598 3350 5658 liberabit.
3399 5599 3455 5658 Si
3479 5610 3651 5655 autem
3690 5597 3774 5654 Iios

2293 5781 2308 5811 ¹
2349 5777 2530 5836 borch,
2551 5778 2702 5828 soluta
2723 5792 2942 5841 corpora.
