3900 6194
210 220 311 276 117

201 351 310 389 non
339 342 515 399 eruet,
545 333 714 387 multo
740 331 915 387 minus
944 346 1039 386 eos
1064 331 1155 400 qui
1185 331 1315 385 nihil
1360 328 1445 383 hic
1476 328 1613 398 passi
1645 335 1788 380 sunt.

200 426 340 493 Quid
386 440 550 496 ergo,
594 424 870 495 inquiunt,
927 424 1191 492 injustene
1234 422 1409 492 agitur
1454 436 1574 476 cum
1622 420 1683 473 iis
1707 419 1795 489 qui

204 530 332 574 ante
357 519 645 574 adventum
671 518 787 587 ejus
808 515 1096 571 vixerunt?
1125 515 1467 585 Nequaquam
1502 530 1515 566 :
1549 520 1794 581 poterant

199 612 347 665 enim
380 625 480 665 nec
522 610 794 664 Christum
832 607 1062 662 confessi
1106 606 1330 660 salutem
1363 604 1639 672 consequi.
1681 600 1797 655 Non

198 703 348 757 enim
382 702 482 757 hoc
505 702 573 757 ab
603 701 707 756 illis
747 700 1088 769 exigebatur,
1118 697 1211 752 sed
1241 712 1309 752 ne
1334 696 1472 750 idola
1512 695 1795 758 colerent,

200 804 259 848 et
302 804 361 849 ut
392 808 576 848 verum
606 792 770 846 Deum
803 798 1040 845 nossent.
1092 787 1337 842 Dominus
1381 787 1512 840 enim
1540 827 1557 852 ,
1589 785 1796 856 inquit,

201 882 350 939 Deus
397 894 510 938 tuus
535 925 551 950 ,
583 882 835 937 Dominus
865 897 995 935 unus
1021 889 1090 935 est
1123 878 1314 952 (Deut.
1358 879 1409 933 6.
1432 878 1526 947 4).
1570 876 1800 944 Ideoque

199 975 489 1031 blaecabaai
526 972 869 1029 admirationi
900 974 1143 1038 fuerunt,
1178 970 1299 1041 quia
1332 984 1429 1040 pro
1457 967 1587 1039 legis
1614 967 1800 1021 obser-

200 1069 422 1122 vatione
452 1067 592 1138 passi
633 1073 777 1143 sunt,
809 1080 872 1120 ac
901 1074 1008 1120 tres
1054 1064 1235 1135 pueri,
1265 1062 1521 1131 multique
1546 1060 1635 1114 alii
1661 1058 1800 1128 apud

206 1158 426 1216 Iudaeos
446 1200 460 1223 ,
488 1157 577 1228 qui
599 1158 763 1211 vitam
791 1154 991 1226 optime
1017 1163 1318 1225 gesserunt,
1348 1161 1400 1206 et
1428 1151 1582 1221 hujus
1608 1150 1798 1220 cogni-

202 1253 372 1307 tionis
401 1252 619 1306 modum
650 1256 961 1313 servarunt,
993 1246 1126 1302 nihil
1174 1245 1318 1300 aliud
1361 1244 1652 1299 observare
1706 1241 1802 1297 de-

204 1344 462 1397 buerunt.
486 1341 639 1395 Tunc
675 1339 819 1395 enim
844 1338 911 1393 ad
944 1338 1172 1393 salutem
1203 1334 1531 1399 sufﬁciebat,
1562 1343 1619 1388 ut
1643 1332 1757 1388 dixi
1782 1372 1800 1399 ,

203 1436 378 1490 Deum
406 1443 608 1488 tantum
639 1446 1002 1504 cognoscere;
1050 1444 1191 1485 nunc
1228 1443 1357 1484 vero
1404 1427 1455 1483 id
1508 1428 1635 1482 satis
1691 1441 1800 1479 non

198 1538 293 1583 est
321 1568 334 1589 ,
361 1526 455 1582 sed
483 1526 753 1589 Christum
782 1539 940 1579 nosse
969 1532 1200 1594 oportet.
1232 1522 1435 1578 Idcirco
1460 1521 1672 1575 diccbat
1697 1535 1710 1573 :
1741 1519 1803 1574 Si

203 1636 315 1674 non
366 1624 611 1673 venissem
660 1627 708 1671 et
757 1618 992 1685 loquutus
1019 1616 1227 1687 fuissem
1275 1615 1344 1669 eis
1368 1654 1382 1677 ,
1413 1623 1673 1683 peccatum
1703 1612 1803 1665 no'n

206 1711 491 1775 haberent;
540 1727 675 1764 nunc
728 1720 896 1763 autent
947 1708 1318 1763 excusationem
1369 1724 1469 1760 non
1524 1704 1703 1758 habent
1742 1703 1805 1757 de

209 1814 421 1875 peccato
460 1819 551 1856 suo
578 1800 766 1872 (Joan.
797 1801 885 1856 15.
915 1799 1038 1871 22).
1085 1798 1175 1855 Sic
1220 1806 1274 1853 et
1316 1798 1383 1853 de
1412 1797 1533 1851 vita:
1564 1797 1805 1851 instituto

208 1895 530 1966 putandum.
569 1894 718 1949 Tunc
746 1893 921 1948 credes
975 1891 1295 1947 homicidam
1328 1892 1616 1962 perdebat,
1665 1905 1805 1945 nunc

210 1987 296 2041 vel
324 1986 477 2039 irasci
509 1985 727 2040 vetitum
777 1991 882 2038 est.
912 1982 1062 2037 'I‘unc
1105 1982 1359 2037 mtechari
1406 1991 1459 2035 et
1487 1998 1605 2036 cum
1632 1982 1804 2036 aliena

212 2078 440 2131 muliere
482 2074 816 2130 commisceri
860 2074 1177 2144 supplicium
1216 2073 1511 2138 allerebat;
1546 2089 1686 2127 nunc
1714 2088 1806 2127 au-

203 2177 323 2222 tent
353 2167 635 2236 impudicis
676 2166 845 2220 oculis
890 2166 1188 2234 respicere,
1243 2164 1381 2219 idem
1426 2162 1597 2218 affert.
1658 2163 1817 2218 Sicut.

209 2260 485 2330 cognitio,
518 2259 596 2314 sic
624 2267 680 2313 et
705 2258 808 2312 vita
856 2273 997 2312 nunc
1049 2256 1329 2311 sublimior
1368 2255 1676 2326 requiritur.
1706 2254 1810 2309 Ita-

210 2369 320 2421 que
348 2351 478 2405 nibil
508 2350 800 2406 Prodromo
823 2364 957 2420 opus
984 2360 1117 2404 erat.
1142 2349 1414 2418 Alioquin,
1441 2349 1484 2403 si
1512 2348 1543 2402 ii
1566 2348 1654 2418 qui
1689 2356 1806 2418 post

210 2455 446 2499 mortem
489 2443 742 2508 credent,
775 2442 999 2497 salutem
1046 2441 1424 2511 consequuturi
1452 2448 1603 2507 sunt,
1634 2440 1810 2497 nullus

208 2552 468 2606 umquam
487 2535 702 2606 peribit.
718 2535 915 2590 Omnes
929 2534 1073 2589 enim
1094 2542 1217 2588 tunc
1238 2534 1603 2603 paenitentiam
1626 2541 1808 2603 agent,

208 2639 267 2683 et
290 2627 563 2681 Christum
590 2626 907 2681 adorabunt.
933 2625 1085 2694 Quod
1115 2636 1291 2680 autem
1320 2626 1447 2680 illud
1472 2626 1541 2681 sit
1572 2641 1760 2681 verum
1790 2664 1808 2693 ,

213 2718 341 2773 audi
368 2719 587 2773 l’aulum
617 2717 886 2773 dicentem
919 2735 933 2772 :
967 2717 1147 2773 Omnis
1175 2718 1347 2788 lingua
1375 2718 1695 2785 conﬁtebitur
1713 2759 1728 2784 ,
1762 2727 1811 2772 et

210 2828 366 2867 omne
408 2828 541 2883 genu
567 2812 794 2881 ﬂectetur
822 2811 1096 2865 caelestium
1116 2850 1131 2876 ,
1163 2810 1472 2865 terrestrium
1499 2819 1546 2864 et
1587 2810 1812 2879 inferno-

209 2922 329 2959 rum
358 2910 376 2972 (
404 2905 636 2975 Philipp.
678 2903 733 2959 2.
765 2904 823 2959 11
853 2905 906 2973 );
955 2912 1029 2969 et;
1066 2902 1257 2958 Ultima
1293 2904 1500 2958 inimica
1528 2906 1811 2959 destruetur

211 3013 352 3051 mors
379 2996 471 3068 (1.
499 2994 623 3051 Cor.
656 2997 742 3051 15.
766 2996 897 3067 26).
926 2995 1032 3052 Sed
1075 2995 1273 3051 nullam
1310 2996 1588 3051 utilitatem
1617 3011 1680 3050 ex
1713 2998 1811 3051 hac

211 3088 545 3159 sultjcetione
571 3096 991 3158 consequentur;
1044 3102 1149 3141 non
1201 3068 1452 3142 enim'ex
1486 3087 1621 3141 bona
1664 3087 1814 3140 volu-

214 3193 363 3253 ptate
395 3182 769 3250 proficiscitur,
805 3180 899 3237 sed
924 3196 989 3237 ex
1037 3180 1147 3251 ipsa
1197 3196 1398 3246 rerum,
1429 3189 1483 3234 ut
1507 3182 1578 3237 ita
1618 3181 1812 3247 dicam,

216 3276 561 3331 necessitate.

283 3368 339 3422 4.
380 3366 460 3421 Ne
490 3367 599 3432 illa,
634 3380 847 3437 quatso,
879 3365 1193 3421 inducamus
1233 3364 1393 3420 anilia
1420 3364 1669 3435 dogmata
1695 3406 1711 3431 ,
1757 3372 1813 3419 et

213 3458 464 3515 .Indaicas
502 3458 730 3514 fabulas.
762 3457 898 3513 Audi
928 3458 1071 3513 enim
1099 3457 1224 3528 quid
1255 3457 1322 3512 de
1356 3457 1441 3512 his
1485 3457 1630 3512 dicat
1674 3457 1812 3511 νωι-

214 3549 343 3605 lus:
386 3548 700 3621 Quicumque
723 3550 857 3603 enim
895 3549 1002 3604 sine
1050 3549 1157 3620 lege
1202 3560 1469 3619 peccarunt
1491 3590 1508 3617 ,
1554 3549 1664 3603 sine
1704 3549 1813 3620 lege

216 3643 485 3715 peribunt;
510 3643 736 3713 loquens
756 3641 825 3697 de
847 3642 910 3697 iis
934 3641 1023 3713 qui
1053 3652 1177 3697 ante
1201 3642 1368 3712 legem
1387 3650 1575 3707 erant;
1608 3640 1671 3694 Et
1695 3642 1809 3711 qui-

216 3750 430 3803 cumque
452 3734 503 3787 in
527 3734 635 3803 lege
654 3742 944 3802 peccaram,
965 3749 1054 3803 per
1071 3732 1228 3803 legem
1244 3732 1612 3804 judicabantur
1628 3730 1807 3802 (Rom.

216 3824 451 3894 2.12);
498 3824 567 3880 de
611 3824 676 3879 iis
726 3823 974 3878 omnibus
1027 3823 1251 3893 loquens
1297 3823 1385 3893 qui
1425 3833 1547 3894 post
1571 3822 1809 3895 Moysem

218 3920 460 3983 fut-runt;
496 3927 572 3985 et,
604 3918 857 3985 Quoniam
881 3916 1131 3971 revelatur
1154 3916 1234 3971 ira
1262 3916 1355 3971 Dei
1392 3916 1456 3971 de
1478 3916 1602 3971 calo
1629 3918 1681 3971 in
1702 3934 1809 3972 om-

218 4027 327 4066 nem
352 3992 659 4082 impietatem
678 4020 726 4065 et
751 4011 1051 4081 injustitt'am
1076 4010 1335 4064 hominum
1357 4010 1376 4083 (
1400 4009 1550 4065 Rom.
1578 4011 1630 4065 1.
1660 4010 1767 4082 18)
1791 4026 1807 4076 ;

218 4116 291 4171 et,
325 4105 518 4172 Furor,
546 4106 645 4170 ira,
676 4104 929 4159 tribulatio
952 4144 968 4171 ,
1007 4104 1242 4175 angustia
1280 4103 1334 4157 in
1363 4119 1561 4158 omnem
1588 4103 1812 4157 animam

219 4197 435 4250 hominis
487 4196 743 4264 aperanti:
785 4195 975 4250 malum
998 4234 1014 4261 ,
1069 4194 1241 4249 Judtei
1287 4194 1507 4263 primum
1556 4203 1604 4248 et
1645 4193 1812 4249 Gnaei

220 4292 235 4351 t
259 4288 409 4343 Rom.
440 4289 496 4342 2.
542 4290 599 4344 8.
631 4289 718 4360 9).
769 4289 830 4343 Et
859 4299 1005 4343 certe
1032 4288 1168 4342 mala
1198 4289 1475 4343 innumera
1502 4288 1641 4357 passi
1687 4296 1813 4345 sunt

220 4381 476 4451 gentiles;
524 4379 667 4449 quod
711 4388 768 4435 et
809 4389 1125 4434 esterorum
1182 4378 1420 4433 historia:
1464 4379 1764 4449 signiﬁcant
1790 4421 1807 4448 ,

221 4486 429 4528 necnon
476 4470 767 4541 Scriptura:
811 4478 1030 4525 nostras.
1060 4470 1188 4537 Quis
1216 4470 1360 4525 enim
1397 4469 1808 4541 Babyloniorum

220 4576 274 4622 et
299 4556 675 4637 Egy'ptiorum
710 4566 995 4637 tragtedias
1032 4564 1361 4620 enarraverit
1381 4563 1405 4617 7
1429 4564 1580 4632 Quod
1610 4565 1751 4619 enim
1774 4566 1810 4620 ii

219 4661 307 4729 qui
331 4658 610 4714 Christum
642 4674 747 4713 non
776 4666 1039 4714 noverunt
1066 4666 1190 4713 ante
1209 4658 1476 4713 carnalem
1498 4658 1807 4726 adventum,

216 4765 268 4810 et
310 4755 401 4824 qui
432 4753 501 4807 ab
550 4752 847 4807 idololatria
879 4751 1180 4807 resilientes
1218 4750 1386 4806 Deum
1428 4766 1589 4805 unum
1619 4750 1810 4806 adora-

216 4857 362 4913 runt,
389 4857 445 4901 et
476 4845 695 4916 probam
741 4845 943 4902 duxere
970 4846 1131 4900 vitam
1156 4886 1173 4913 ,
1212 4844 1405 4901 omnia.
1437 4844 1574 4899 bona
1619 4860 1811 4901 conse-

216 4930 435 5009 qnu‘luri
487 4938 633 5003 sint,
683 4937 806 4992 audi
839 4936 1107 5006 quomodo
1158 4935 1345 4991 dicat:
1392 4935 1568 4991 Gloria
1594 4946 1761 4990 autent
1788 4978 1804 5005 ,

215 5032 380 5085 honor
403 5039 452 5083 et
478 5045 582 5098 pas:
606 5029 744 5081 omni
781 5027 1010 5096 aperanti
1056 5027 1238 5080 bonum
1262 5068 1277 5091 ,
1303 5025 1337 5079 .1
1345 5026 1489 5080 adteo
1518 5026 1736 5096 primum
1762 5037 1809 5081 et

214 5121 389 5194 gentili
419 5121 613 5191 (llam.
640 5119 694 5173 2.
723 5120 846 5190 I0).
884 5117 1071 5172 Viden’
1096 5117 1357 5171 bonorum
1398 5117 1612 5188 praemia
1641 5117 1806 5170 multa

217 5214 322 5267 illis
349 5225 472 5267 esse
492 5252 508 5275 ,
538 5219 591 5265 et
618 5219 805 5265 contra
826 5206 1153 5287 facientibus
1200 5206 1456 5276 supplicia
1491 5215 1545 5261 et
1573 5221 1759 5277 pinnas
1784 5206 1808 5258 ἰ

218 5304 320 5361 Ubi
346 5318 490 5359 nunc
519 5310 644 5357 sunt
674 5302 707 5357 ii
737 5301 827 5372 qui
847 5300 1148 5371 gehennam
1177 5316 1281 5354 non
1310 5298 1579 5353 credunt?
1603 5296 1735 5353 Nam
1760 5313 1807 5354 St

209 5404 253 5483 lt
282 5398 374 5467 qui
400 5404 527 5451 ante
556 5394 751 5450 Christi
780 5395 1065 5449 adventum
1114 5391 1333 5447 fuerunt
1355 5431 1371 5457 ,
1400 5391 1489 5461 qui
1518 5406 1586 5447 ne
1610 5405 1807 5448 nomen

220 5488 433 5559 quidem
481 5486 739 5559 gehenna:
786 5486 1103 5553 audierunt,
1131 5484 1305 5555 neque
1358 5484 1805 5553 resurrectionis,

222 5594 501 5656 postquam
530 5584 616 5638 hic
641 5595 824 5653 prunas
851 5579 1113 5637 dederunt
1131 5618 1148 5647 ,
1181 5579 1287 5635 illic
1314 5592 1526 5650 quoque
1579 5578 1805 5650 punien-

1092 214 1157 271 IN
1197 213 1602 271 ΜΔΤΤΗίΕυΜ
1643 211 1868 269 IIOMIL.

1903 218 2142 275 XXXVI.
2184 220 2259 275 al.
2294 217 2560 276 XXXVII.
3366 225 3475 284 418

1910 332 2002 379 tur
2017 338 2220 395 quanto
2233 332 2405 399 ntagis
2421 348 2521 385 nos
2534 333 2693 399 quiin
2719 345 2864 388 tanta
2882 337 3237 405 philosophiae
3255 340 3269 370 ⁸
3286 343 3482 395 docti-t-

1904 435 1971 474 na
2001 421 2209 477 educati
2239 426 2468 481 sumus?
2521 426 2588 480 Ει
2614 442 2716 496 qua
2738 428 2947 483 ratione
2971 469 2986 493 ,
3010 430 3224 499 inquies
3242 471 3257 496 ,
3298 432 3373 486 illi
3399 432 3488 497 qui

1902 512 2033 566 nihil
2061 529 2314 584 umquam
2338 515 2405 571 de
2432 516 2673 586 gehenna
2715 518 3036 583 audierunt,
3090 520 3142 574 in
3189 521 3487 589 gehennam

1904 604 2180 660 incident?
2205 607 2391 662 Dicent
2416 609 2577 673 enim,
2606 607 2659 664 Si
2688 610 2984 679 gehennam
3015 614 3367 666 comminatus
3404 630 3491 669 es-

1907 706 2031 757 ses,
2065 707 2175 763 pra:
2209 701 2354 748 metu
2384 705 2745 765 temperanter
2773 697 3117 757 vixissemus.
3160 699 3325 756 Plane
3351 701 3478 772 qui-

1908 782 2031 837 dem
2080 785 2644 855 (nonne?)vixissent
2684 797 2741 841 ut
2770 804 2871 844 nos
2925 791 3088 845 vitam
3129 795 3340 862 agimus
3384 791 3478 862 qui

1903 880 2141 949 quotidie
2164 895 2442 937 sermones
2463 883 2530 937 de
2553 882 2793 952 gehenna
2819 883 3085 948 audimus,
3116 901 3285 952 neque
3318 898 3492 940 tamen

1904 970 1971 1025 iis
1990 973 2225 1025 animum
2258 972 2593 1028 adhibemus.
2618 974 2818 1029 Prazler
2844 974 2956 1029 haec
2986 984 3161 1029 autem
3194 976 3319 1029 illud
3360 993 3495 1045 quo-

1905 1077 2009 1131 quc
2041 1062 2326 1118 dicendum
2354 1077 2472 1129 est,
2515 1082 2639 1121 eum
2684 1068 2771 1137 qui
2830 1069 3180 1137 prtesentibus
3218 1070 3497 1139 suppliciis

1906 1172 2011 1209 non
2045 1158 2321 1222 retinetur,
2352 1160 2518 1214 multo
2543 1160 2716 1215 minus
2753 1160 2859 1214 illis’
2892 1162 3242 1217 coercebitur.
3293 1163 3496 1218 Rodio—

1906 1262 1994 1300 res
2019 1246 2160 1301 enim
2214 1250 2613 1319 crassioresque
2643 1251 2888 1307 homines
2931 1253 3283 1321 praesentibus
3328 1254 3499 1323 magis

1907 1350 1959 1394 et
1982 1340 2306 1395 instantibus
2330 1342 2505 1395 solent
2527 1342 2591 1395 ad
2624 1342 3050 1411 resipiscentiam
3085 1344 3285 1409 voeari,
3336 1359 3495 1414 quam

1907 1431 1973 1486 iis
2002 1447 2123 1502 qua:
2152 1433 2322 1487 multo
2348 1443 2465 1503 post
2505 1443 2744 1504 tempore
2791 1443 2915 1488 sunt
2959 1446 3243 1490 eventura.
3280 1436 3495 1499 Verum,

1909 1524 2142 1594 inquies,
2171 1526 2327 1579 nobis
2374 1528 2546 1595 major
2596 1527 2838 1581 imminet
2886 1536 3078 1595 terror,
3109 1527 3334 1598 ideoque
3376 1544 3496 1583 cum

1908 1615 2013 1671 illis
2040 1631 2143 1672 non
2194 1617 2388 1686 injuste
2430 1628 2605 1673 actum
2642 1618 2771 1673 est?
2822 1617 3166 1689 Nequaquam
3208 1636 3267 1674 se
3313 1635 3399 1675 res
3428 1620 3497 1674 ita

1911 1709 2090 1765 habet.
2121 1709 2303 1766 Primo
2352 1711 2496 1765 enim
2539 1725 2647 1765 non
2679 1709 2837 1766 iidem
2876 1711 3086 1765 labores
3123 1712 3279 1765 nobis
3305 1719 3359 1765 et
3398 1712 3497 1766 illis

1911 1802 2167 1872 pr0positi
2196 1810 2358 1867 sunt;
2387 1802 2481 1858 sed
2511 1804 2681 1857 multo
2709 1803 2943 1873 majores
2969 1804 3144 1859 nobis.
3176 1802 3297 1858 Illos
3319 1818 3497 1860 autem

1911 1892 1999 1962 qui
2030 1892 2261 1962 majores
2289 1892 2589 1963 suscipiunt
2612 1893 2856 1959 labores,
2890 1894 3079 1962 majori
3116 1905 3326 1965 oportet
3346 1896 3496 1951 auxi-

1913 1984 1986 2039 lio
2027 1984 2151 2039 lrui.
2198 1985 2471 2040 Auxilium
2518 1994 2699 2040 autem
2747 2001 2854 2041 non
2904 1986 3173 2043 modicum
3224 1988 3353 2043 illud
3379 1998 3500 2058 est,

1911 2090 2032 2130 cum
2060 2075 2220 2131 timor
2243 2086 2485 2148 augetur.
2503 2076 2559 2133 Si
2589 2089 2767 2133 autem
2794 2078 2846 2133 id
2873 2063 2991 2149 plus
3014 2094 3177 2149 quant
3209 2081 3277 2135 illi
3310 2080 3503 2137 habea-

1913 2182 2052 2231 mus,
2082 2167 2221 2238 quod
2245 2167 2418 2223 futura
2447 2182 2752 2235 noscamus,
2782 2170 2855 2224 illi
2884 2170 3096 2240 quoque
3126 2170 3176 2225 id
3192 2172 3317 2241 plus
3343 2188 3504 2242 quam

1915 2274 2014 2313 nos
2058 2259 2273 2327 habent,
2308 2260 2450 2331 quod
2476 2275 2649 2332 pinna:
2694 2262 2936 2332 ingentes
2966 2262 3070 2317 illis
3102 2264 3382 2319 confestim
3416 2263 3502 2320 in-

1913 2351 2175 2408 ferantur.

1984 2444 2197 2499 Iustitia
2217 2442 2334 2512 Dei,
2355 2453 2403 2499 et
2429 2444 2675 2516 puniendi
2702 2444 2930 2499 ratio.—
2959 2444 3154 2501 Verum
3180 2445 3321 2501 aliud
3350 2446 3504 2518 quid-

1916 2539 2057 2610 piam
2087 2538 2274 2594 dicunt
2302 2538 2535 2608 plurimi.
2562 2537 2664 2594 Ubi
2685 2545 2801 2605 est,
2828 2538 3109 2608 inquiunt,
3134 2538 3336 2605 justitla
3372 2539 3501 2609 Dei,

1916 2629 2159 2698 quando,
2187 2630 2231 2684 si
2259 2629 2376 2700 quis
2406 2628 2493 2684 hic
2518 2638 2734 2700 peccet,
2763 2639 2818 2685 et
2846 2628 2932 2685 hic
2956 2639 3011 2686 et
3034 2630 3143 2685 illic
3165 2646 3351 2699 lumnas
3374 2632 3504 2688 det?

1918 2721 2093 2777 Vultis
2123 2721 2282 2792 igitur
2319 2729 2377 2774 ut
2401 2719 2542 2775 dicta
2575 2729 2750 2776 vestra
2780 2721 2832 2775 in
2864 2722 3180 2776 memoriam
3223 2722 3373 2779 vobis
3412 2738 3502 2778 re-

1916 2827 2123 2880 vocem,
2157 2828 2224 2868 ne
2252 2812 2391 2867 ultra
2421 2812 2656 2869 laborem
2685 2812 2838 2868 nobis
2862 2813 3119 2879 all‘eratis,
3146 2813 3240 2868 sed
3262 2829 3327 2870 ex
3351 2814 3506 2872 vobis

1918 2907 2048 2978 ipsis
2087 2906 2406 2962 solutionem
2452 2905 2631 2961 detis?
2655 2905 2847 2962 Multos
2876 2921 2943 2961 ex
2970 2905 3168 2962 nostris
3194 2907 3405 2975 audivi,
3434 2907 3506 2963 si-

1916 2998 2130 3070 quando
2157 2997 2459 3053 ediscerent
2484 2997 2805 3054 homicidam
2830 2998 3061 3069 aliquem
3092 2998 3146 3055 in
3166 2999 3368 3070 judicio
3388 3001 3506 3071 ple-

1916 3107 2046 3147 xum
2074 3092 2271 3157 fuisse,
2294 3105 2414 3146 cum
2446 3089 2807 3162 indignatione
2836 3090 3075 3147 dicentes
3106 3108 3120 3145 :
3153 3090 3387 3162 Triginta
3419 3093 3502 3147 vel

1918 3183 2159 3255 pluribus
2183 3182 2419 3238 cmdibus
2439 3222 2454 3247 ,
2483 3184 2777 3238 sceleratus
2804 3181 2896 3238 ille
2913 3222 2931 3249 ,
2958 3182 3179 3253 patratis
3197 3223 3214 3250 ,
3246 3199 3348 3238 una
3386 3192 3507 3238 tan-

1918 3286 2030 3332 tum
2060 3277 2177 3331 vice
2206 3285 2433 3331 mortem
2460 3274 2621 3331 subit.
2654 3275 2721 3330 Et
2758 3274 2974 3331 ubinam
3008 3274 3212 3343 justitia
3245 3275 3369 3331 est?
3403 3275 3507 3332 Vos

1916 3386 2044 3442 ergo
2069 3370 2307 3425 fatemini
2334 3378 2560 3425 mortem
2590 3384 2748 3423 unam
2776 3383 2883 3423 non
2906 3368 3036 3424 satis
3058 3383 3271 3437 semper
3292 3383 3413 3425 esse
3438 3368 3506 3426 ad

1915 3463 2229 3533 supplicium
2275 3460 2616 3531 condignum.
2646 3459 2755 3514 Cur
2781 3474 2909 3530 ergo
2942 3475 3081 3514 nunc
3115 3460 3379 3514 contraria
3408 3460 3505 3515 de-

1914 3554 2177 3610 cernitis?
2203 3554 2335 3620 Quia
2364 3566 2471 3606 non
2502 3552 2570 3606 de
2609 3550 2763 3617 aliis,
2804 3548 2899 3605 sed
2924 3548 2992 3605 de
3019 3549 3167 3605 vobis
3193 3549 3326 3620 ipsis
3358 3549 3505 3618 judi-

1915 3648 2056 3702 cium
2085 3645 2252 3700 fertis.
2301 3643 2391 3698 Sie
2430 3642 2648 3713 proprio
2683 3654 2869 3696 amore
2894 3639 3213 3710 impediatur
3235 3680 3251 3706 ,
3283 3655 3352 3695 ne
3378 3639 3504 3710 quid

1911 3739 2114 3810 justum
2141 3736 2212 3790 sit
2238 3734 2533 3790 videamus.
2566 3732 2768 3787 Idcirco
2794 3746 2917 3786 cum
2946 3730 3014 3786 de
3039 3729 3157 3785 aliis
3182 3729 3504 3799 judieamus,

1914 3828 2315 3886 accuratissime
2365 3843 2479 3883 rem
2524 3826 2876 3895 indagamus;
2926 3838 3049 3879 cum
3084 3837 3214 3879 vero
3243 3823 3309 3878 de
3351 3824 3508 3879 nobis

1916 3922 2049 3994 ipsis
2071 3963 2087 3988 ,
2121 3919 2357 3976 tenebris
2384 3918 2704 3973 involvimur
2729 3933 2745 3971 :
2776 3916 2867 3986 qui
2886 3916 2939 3975 si
2975 3930 3191 3970 causam
3222 3924 3456 3969 nostram
3483 3955 3503 3982 ,

1917 4025 1974 4070 ιιι
1996 4016 2223 4070 alienam
2251 4013 2656 4082 exploraremus
2677 4050 2693 4077 ,
2723 4009 2933 4064 sincere
2971 4016 3028 4063 ct
3062 4008 3176 4062 sine
3216 4007 3320 4061 ulla
3351 4023 3507 4063 acce-

1916 4106 2098 4177 ptione
2118 4103 2380 4160 calculum
2403 4101 2686 4157 ferremus.
2712 4100 2931 4155 Peccata
2959 4102 3152 4168 quippe
3184 4109 3362 4152 nostra
3398 4115 3504 4153 non

1914 4199 2119 4253 duabus
2142 4197 2225 4251 vel
2244 4195 2432 4258 tribus,
2453 4192 2548 4249 sed
2572 4192 2716 4247 miile
2737 4190 2997 4245 mortibus
3021 4190 3176 4260 digna
3197 4200 3337 4243 sunt.
3363 4190 3427 4243 Et
3448 4199 3506 4246 ut

1916 4292 2018 4345 alia
2046 4290 2309 4352 omittam,
2338 4284 2687 4341 recordemur
2701 4291 2832 4353 quot
2859 4291 2913 4337 et
2937 4281 3120 4351 quanti
3145 4280 3394 4350 mysteria
3424 4281 3507 4335 in-

1914 4384 2074 4455 digne
2095 4380 2475 4452 participamus
2506 4392 2522 4431 :
2555 4376 2631 4430 illi
2661 4390 2790 4430 vero
2818 4374 2905 4445 qui
2934 4374 3012 4428 sic
3044 4374 3396 4443 participant,
3423 4372 3503 4428 rei

1917 4485 2042 4532 sunt
2069 4472 2311 4545 corporis
2339 4481 2393 4527 et
2414 4469 2690 4540 sanguinis
2709 4466 2931 4523 Christi.
2957 4467 3137 4536 Itaque
3164 4470 3283 4521 cum
3311 4466 3378 4521 de
3406 4467 3504 4519 ho-

1914 4566 2105 4624 micida
2125 4563 2359 4636 loqueris
2378 4602 2393 4625 ,
2424 4562 2594 4632 cogita
2621 4560 2848 4630 teipsum
2880 4556 3201 4613 homicidam
3231 4572 3373 4612 esse.
3408 4558 3502 4613 llle

1916 4674 2147 4729 namque
2191 4658 2459 4712 hominem
2489 4653 2730 4720 occidit,
2785 4661 2841 4708 tu
2887 4667 3016 4709 vero
3062 4652 3248 4707 mortis
3292 4652 3502 4708 Domini

1914 4766 2037 4808 reus
2056 4765 2115 4807 es
2139 4767 2152 4805 :
2181 4749 2270 4804 ille
2295 4763 2400 4803 non
2431 4745 2808 4819 mysteriorum
2833 4746 3097 4815 particeps
3119 4744 3229 4807 fuit,
3254 4759 3354 4800 nos
3374 4759 3502 4799 Vero

1912 4858 2064 4900 sacra
2089 4854 2274 4897 mensa
2305 4838 2551 4894 fruimur.
2580 4836 2717 4905 Quid
2759 4835 2828 4893 de
2855 4836 2920 4891 iis
2953 4836 3160 4902 dicam,
3187 4837 3274 4906 qui
3307 4835 3501 4890 fratres

1912 4948 2041 4990 suos
2077 4931 2356 4995 mordent,
2386 4929 2680 4993 devorant,
2726 4928 3057 4996 multumque
3102 4924 3292 4980 veneni
3329 4925 3500 4979 effun-

1901 5025 2083 5106 πριιιιιῖ
2108 5021 2235 5095 quid
2257 5021 2322 5078 de
2340 5021 2432 5077 illo
2458 5022 2547 5091 qui
2572 5020 2749 5075 cibum
2776 5017 3095 5088 pauperibus
3118 5014 3347 5085 abripit?
3369 5015 3497 5069 Nam

1911 5121 1953 5174 si
1984 5120 2029 5173 is
2051 5158 2068 5186 ,
2100 5118 2191 5188 qui
2230 5116 2623 5187 eleemosynam
2655 5127 2761 5169 non
2801 5121 3020 5182 erogat.
3054 5111 3103 5166 id
3135 5111 3255 5166 facit
3282 5152 3297 5175 ,
3328 5112 3496 5167 multo

1913 5210 2082 5281 magis
2112 5208 2200 5264 ille
2228 5207 2317 5279 qui
2347 5207 2517 5264 aliena
2544 5203 2755 5273 abripit.
2788 5202 2929 5271 Quot
2974 5201 3178 5256 furibus
3206 5201 3500 5258 deteriores

1912 5308 2038 5355 sunt
2061 5299 2250 5355 avari?
2278 5305 2409 5369 quot
2438 5294 2720 5351 bomicidis
2747 5302 2803 5349 et
2827 5293 3196 5363 sepulcrorum
3228 5291 3500 5349 effossori-

1913 5393 2014 5448 bus
2038 5391 2251 5463 pejores
2293 5400 2417 5446 sunt
2467 5388 2756 5459 raptores?
2800 5395 2931 5458 quot
2975 5387 3319 5458 reperiuntur
3363 5389 3498 5457 qui,

1912 5494 2191 5556 postquam
2217 5483 2532 5553 spoliarunt,
2549 5479 2618 5536 ad
2639 5480 2984 5550 spoliatorum
3007 5480 3165 5535 etiam
3188 5480 3499 5553 sanguinem

1914 5576 2168 5636 inhiant?
2192 5575 2370 5641 Absit,
2403 5573 2633 5645 inquies.
2661 5571 2814 5631 Nunc
2839 5570 2995 5641 dicis,
3026 5573 3178 5629 Absit
3204 5591 3220 5642 ;
3249 5587 3371 5629 cum
3399 5574 3498 5629 ini-

1979 5689 1997 5721 ι
2034 5685 2139 5749 alii,
2182 5682 2443 5749 sapientum
