3900 6194
460 251 565 309 ιιθ

458 368 659 423 micum
681 361 904 420 habebis
923 402 941 428 ,
969 372 1081 416 tum
1100 358 1209 426 die,
1242 358 1431 421 Absit.
1471 371 1535 411 ac
1564 355 1829 412 dictorum
1861 365 2046 408 recor-

459 462 591 515 dare
616 500 631 522 ,
661 465 718 513 et
735 454 898 511 vitam
923 461 1068 510 tuam
1095 466 1217 508 cum
1257 463 1448 519 magna
1475 447 1694 503 institue
1735 443 2007 514 diligentia
2027 482 2045 511 ,

458 568 527 608 ne
575 549 932 607 Sodomorum
976 546 1116 601 mala
1165 557 1265 600 nos
1304 541 1608 612 excipiant,
1639 554 1708 594 ne
1732 533 2048 594 Gomorrhze

464 641 603 697 mala
629 642 929 712 patiamur,
960 653 1029 694 ne
1056 636 1338 709 Tyriorum
1375 641 1432 689 et
1471 631 1810 688 Sidoniorum
1860 640 2047 700 poenas

456 734 688 799 demus;
737 735 846 789 imo
888 731 1065 803 potius
1110 744 1177 785 ne
1200 727 1472 785 Christum
1495 722 1832 780 oﬁ'endamus
1856 761 1871 787 ,
1902 718 2045 791 quod

460 826 699 897 omnium
728 834 812 880 est
851 822 1222 895 gravissimum
1250 828 1303 874 et
1332 815 1808 873 terribilissimum.
1836 810 1971 867 Nam
1999 810 2045 866 si

461 918 645 972 multis
664 916 907 988 gehenna
943 914 1154 969 videtur
1180 910 1435 966 terribilis
1458 923 1609 975 esse,
1652 920 1760 961 non
1794 904 1955 959 ﬁnem
1985 903 2064 956 la-

1204 241 1261 295 s.
1294 237 1574 298 JOANNIS
1607 190 2080 296 cnnvsosrom
2137 232 2455 294 ARCHIEP.
2494 235 3040 297 consummes.

3623 236 3724 292 420

2153 353 2294 409 ciam
2319 353 2586 410 clamandi
2615 353 2719 409 hoc
2753 368 2874 411 esse
2900 353 3144 425 gehenna
3186 354 3399 424 gravius
3432 369 3498 412 ae
3519 359 3727 413 terribio

2152 445 2276 503 lius.
2308 447 2375 503 Et
2410 461 2507 503 vos
2546 446 2618 503 ita
2648 447 2869 503 allectos
2897 464 3019 505 esse
3044 464 3173 519 rogo
3198 467 3212 503 :
3239 450 3319 505 sic
3342 452 3482 504 enim
3510 462 3564 504 et
3591 470 3617 503 a
3645 468 3727 518 ge-

2153 540 2327 595 henna
2356 538 2736 609 liberabimur,
2770 549 2826 596 et
2847 539 3046 596 Christi
3074 541 3242 611 gloria
3270 540 3509 597 lruemur
3539 560 3749 614 :qttnm.

2150 645 2252 687 nos
2277 645 2468 687 omnes
2493 632 2706 702 assequi
2735 633 3040 704 contingat,
3072 636 3240 704 gratia
3287 645 3341 689 et
3373 638 3725 692 misericordia

2152 722 2361 778 Domini
2397 724 2569 779 nostri
2603 723 2730 780 Jesu
2757 724 2993 793 Christi,
3021 727 3107 781 cui
3138 727 3304 797 gloria
3335 735 3389 781 et
3416 729 3724 800 imperium,

2148 815 2203 871 in
2231 815 2425 871 saecula
2451 815 2790 871 saeculorum.
2812 817 3003 872 Amen.

465 1026 3723 1063 ______‘____—————-———————-—_——“———-————————

1452 1111 1803 1178 HOMILIA
1867 1104 2200 1171 XXXVII.
2246 1104 2333 1167 al.
2383 1102 2743 1170 XXXVIII.

455 1268 588 1324 CAP.
616 1268 674 1324 Η
692 1306 706 1321 .
733 1283 787 1323 v.
814 1267 871 1321 7.
909 1264 1026 1319 Illis
1055 1274 1223 1318 autem
1252 1260 1577 1325 abeuntibus,
1607 1256 1756 1327 capit
1781 1254 1934 1310 Jesus
1961 1251 2045 1305 di-

528 1376 642 1415 cere
679 1360 747 1412 ad
791 1360 962 1413 turbas
999 1358 1063 1411 de
1083 1355 1289 1409 Joanne
1309 1372 1328 1409 :
1360 1353 1499 1421 Quid
1526 1350 1698 1407 existis
1716 1350 1769 1403 in
1795 1348 2047 1401 desertum

526 1449 736 1504 videre?
775 1448 1077 1502 arundinem
1122 1462 1154 1498 a
1191 1455 1336 1499 vento
1374 1441 1662 1513 agitatam?
1705 1439 1759 1494 4.
1792 1436 1898 1493 Sed
1924 1434 2049 1505 quid

528 1542 704 1597 existis
751 1541 963 1595 uidere?
1004 1526 1258 1593 hominem
1306 1536 1543 1591 mollibus
1582 1534 1813 1589 vestitum
1846 1532 1872 1587 2
1915 1529 2050 1585 Ecce

526 1635 615 1703 qui
667 1633 903 1687 mollibus
953 1633 1250 1695 vestiuntur,
1303 1630 1355 1684 in
1404 1628 1636 1683 domibus
1681 1641 1857 1697 regum
1906 1632 2045 1678 sunt.

528 1725 586 1782 9.
618 1725 725 1781 Sed
744 1725 868 1797 quid
896 1724 1067 1779 existis
1096 1722 1307 1778 uidere?
1336 1721 1635 1792 praphetam
1655 1719 1682 1774 7
1706 1716 1902 1784 Etiam,
1934 1714 2049 1771 dico

528 1816 687 1881 vobis,
717 1826 764 1871 et
786 1817 901 1886 plus
928 1831 1081 1886 quant
1110 1814 1431 1884 prophetam.

531 1912 583 1966 1.
606 1909 836 1965 Christus
851 1909 1102 1980 quomodo
1122 1908 1313 1978 famam
1332 1904 1550 1959 Joannis
1579 1902 1823 1973 Baptista
1844 1899 2050 1954 adstru—

455 2003 589 2058 xerit
605 2012 654 2058 et
673 1998 1177 2075 defenderit.—Qua:
1192 1998 1259 2054 ad
1276 1998 1568 2068 discipulos
1591 1995 1812 2053 Joannis
1840 2003 2051 2065 specta-

462 2097 592 2153 bant
615 2104 762 2152 recte
781 2095 1026 2150 ordinata
1045 2102 1170 2150 sunt
1192 2110 1209 2159 ;
1230 2093 1412 2162 illique
1431 2092 1809 2151 discesserunt,
1827 2102 1857 2141 a
1883 2086 2049 2157 signis

456 2204 578 2260 quae
601 2188 781 2245 statim
811 2187 949 2242 facta
979 2199 1107 2242 sunt
1143 2184 1441 2242 conlirmati
1476 2199 1491 2237 :
1520 2180 1757 2238 restabat
1784 2179 2001 2236 demum
2027 2216 2045 2245 ,

460 2289 521 2337 ut
549 2296 670 2353 quae
695 2279 763 2335 ad
793 2280 974 2351 populi
998 2278 1306 2351 Opinionem
1338 2276 1675 2348 pertinebant
1701 2279 2043 2328 curarentur.

462 2374 542 2431 illi
564 2374 760 2446 quippe
784 2373 854 2428 de
881 2372 1139 2443 magistro
1166 2385 1265 2426 suo
1291 2368 1421 2425 nihil
1450 2354 1624 2437 supra'
1649 2365 1913 2421 dictorum
1950 2376 2048 2418 su-

456 2464 835 2535 spicabantur;
868 2462 1021 2519 turba
1044 2476 1172 2517 vero
1201 2460 1401 2531 populi,
1429 2473 1497 2516 ex
1527 2456 1943 2527 interrogatione
1969 2452 2051 2509 di-

464 2557 792 2630 scipulorum
837 2555 1094 2622 Joannis,
1124 2554 1355 2610 absurda
1403 2552 1568 2608 multa
1610 2550 1879 2620 suspicata
1927 2555 2046 2616 est,

456 2648 603 2722 quod
653 2647 886 2705 nesciret
932 2661 1036 2719 qua
1087 2654 1270 2702 mente
1313 2644 1405 2700 ilic
1449 2641 1741 2713 discipulos
1771 2640 2045 2696 misisset:

458 2739 858 2812 verisimileque
884 2746 968 2795 est
1006 2738 1128 2793 illos
1153 2737 1231 2793 sic
1260 2735 1397 2792 intra
1427 2748 1488 2791 se
1510 2733 1857 2789 ratiocinatos
1881 2743 2045 2786 esse:

456 2834 562 2905 Qui
607 2840 686 2891 tot
732 2842 987 2905 tantaque
1014 2829 1328 2886 testiﬁcatus
1352 2836 1487 2893 erat,
1515 2840 1659 2882 nunc
1685 2832 1921 2880 mutatus
1944 2823 2049 2878 du-

461 2926 614 2991 bitat,
638 2939 765 2980 num
796 2924 904 2991 hic,
935 2938 1061 2977 num
1090 2922 1223 2976 alius
1254 2928 1514 2976 venturus
1538 2916 1639 2972 sit?
1662 2915 1797 2971 Num
1823 2914 1912 2986 qui
1932 2912 2048 2969 hmo

458 3017 590 3074 dicit
615 3015 834 3073 dissidia
855 3030 977 3072 cum
1012 3014 1138 3071 Jesu
1165 3011 1382 3069 movet?
1409 3026 1536 3067 num
1565 3008 1801 3065 timidior
1827 3023 1890 3063 ex
1923 3021 2046 3060 car-

458 3122 585 3165 cere
612 3106 819 3163 factus?
850 3122 977 3161 num
1005 3116 1206 3162 temere
1230 3104 1413 3175 priora
1440 3100 1691 3158 dixerat?
1719 3099 1852 3169 Quia
1884 3099 2046 3169 igitur

461 3201 758 3260 verisimile
776 3209 890 3257 erat
919 3201 1062 3271 ipsos
1083 3198 1204 3253 talia
1245 3197 1412 3253 multa
1437 3195 1735 3267 suspicari,
1765 3191 1884 3248 vide
1907 3207 2048 3262 quo-

460 3293 623 3351 modo
662 3294 877 3349 illorum
922 3291 1287 3348 inﬁrmitatem
1315 3287 1570 3359 corrigat,
1602 3294 1658 3341 et
1680 3284 1776 3340 bas
1801 3290 2048 3340 amovent

458 3384 816 3457 suspiciones.
860 3381 1108 3437 Euntibus
1153 3382 1285 3435 enim
1332 3379 1466 3444 illis,
1498 3377 1647 3449 etspit
1671 3376 1836 3430 dicere
1864 3373 2042 3428 turbis.

456 3474 567 3532 Cur
595 3475 846 3531 Euntibus
874 3474 976 3529 illis
994 3474 1021 3528 ?
1045 3472 1123 3528 Ne
1148 3471 1423 3528 videretur
1455 3468 1659 3524 adulari
1685 3468 1879 3523 virum.
1909 3465 2044 3519 Dum

457 3576 637 3625 autem
666 3567 847 3639 populi
876 3565 1184 3637 opinionem
1213 3561 1483 3629 emendat,
1512 3560 1655 3616 illius
1680 3558 2042 3629 suspicionem

457 3675 566 3717 non
591 3660 810 3716 adducit
840 3659 892 3714 in
920 3656 1177 3721 medium,
1199 3654 1294 3711 sed
1319 3653 1637 3709 solutionem
1660 3660 1864 3706 tantum
1889 3648 2046 3704 aii‘ert

457 3751 882 3815 ratiociniorum,
907 3764 1026 3819 quae
1048 3748 1258 3802 illorum
1277 3754 1510 3801 mentem
1532 3742 1836 3807 turbabant,
1865 3749 2047 3797 osten-

459 3844 595 3901 dens
642 3858 702 3899 se
746 3842 985 3898 omnium
1035 3848 1243 3895 secreta
1292 3851 1641 3906 cognoscere.
1688 3834 1873 3903 Neque
1899 3834 2042 3889 enim

454 3935 587 3991 dicit
603 3934 742 3989 sicut
759 3931 960 3988 Judaeis
973 3930 1186 3986 dicebat
1210 3945 1225 3982 :
1258 3928 1396 3995 Quid
1414 3927 1644 3996 cogitatis
1667 3926 1803 3979 mala
1826 3924 2042 3993 (Matth.

456 4025 512 4081 9.
540 4024 598 4096 4)
623 4024 647 4080 ‘l
689 4022 912 4079 Etiamsi
947 4021 1091 4077 enim
1135 4019 1459 4090 cogitarent,
1490 4032 1595 4073 non
1623 4031 1688 4072 ex
1716 4016 2046 4086 malignitate

456 4116 792 4188 cogitabant,
826 4112 921 4169 sed
951 4111 1092 4183 quod
1122 4126 1185 4167 ea
1215 4126 1335 4180 quae.
1373 4108 1687 4165 dicebantur
1715 4109 2042 4179 ignorarent.

459 4207 587 4265 Ideo
606 4222 712 4263 non
744 4206 940 4261 acriter
963 4203 1253 4275 alloquitur
1278 4196 1419 4269 illos,
1449 4199 1543 4257 sed
1572 4200 1783 4255 illorum
1808 4208 2042 4256 mentem

457 4309 665 4358 tantum
705 4300 962 4371 corrigit,
1009 4297 1385 4366 Joannemque
1426 4292 1702 4358 defendit,
1750 4292 2046 4363 probatque

455 4394 606 4450 illum
632 4409 738 4449 non
774 4407 803 4446 a
827 4394 1008 4462 priore
1032 4388 1294 4445 sententia
1322 4383 1629 4451 deﬂexisse,
1660 4392 2044 4460 necimutatum

458 4483 643 4539 fuisse.
676 4482 859 4553 Neque
883 4481 1025 4536 enim
1052 4489 1156 4546 est,
1187 4478 1379 4549 inquit,
1407 4475 1569 4532 homo
1592 4474 1726 4531 levis
1767 4475 1851 4530 vel
1892 4474 2044 4529 volu-

460 4573 607 4637 bilis,
651 4573 745 4628 sed
784 4572 990 4637 ﬁrmus,
1022 4579 1311 4635 constans;
1340 4581 1442 4623 nec
1469 4568 1610 4634 talis,
1635 4567 1726 4637 qui
1760 4565 1951 4636 prodat
1981 4579 2045 4622 ea

456 4679 581 4735 qua:
606 4663 708 4719 sibi
736 4661 1045 4718 concredita
1075 4669 1219 4717 sunt.
1256 4659 1378 4715 llaec
1403 4666 1580 4714 autem
1612 4658 1684 4713 ita
1723 4657 2007 4712 concinnat
2026 4696 2043 4724 ,

457 4766 517 4812 ut
565 4771 672 4812 non
717 4755 896 4811 statim
944 4768 1011 4810 ex
1060 4752 1274 4824 propria
1304 4752 1592 4815 sententia,
1621 4749 1714 4807 sed
1741 4766 1807 4805 ex
1833 4751 2045 4806 illorum

458 4848 767 4904 testimonio
794 4844 1048 4917 procedat
1074 4862 1088 4899 :
1115 4858 1221 4898 non
1248 4857 1314 4899 ex
1343 4840 1503 4898 dictis
1529 4849 1733 4897 tantum
1769 4840 2004 4911 ipsorum
2027 4881 2044 4907 ,

457 4938 555 4997 sed
584 4947 641 4995 et
665 4954 735 4995 ex
766 4935 1022 5008 cperibus
1048 4932 1340 4990 ostendens
1366 4932 1513 5004 ipsos
1537 4931 1656 5001 ejus
1692 4932 2046 4988 constantiam

458 5033 777 5090 testiﬁcatus
792 5046 933 5087 esse.
963 5029 1254 5101 Propterea
1274 5026 1425 5093 dicit,
1452 5026 1588 5094 Quid
1609 5027 1784 5082 existis
1806 5026 1861 5082 in
1885 5026 2049 5083 deser-

462 5136 568 5180 tum
592 5126 758 5181 videre
778 5124 805 5178 .’
832 5138 895 5178 ac
924 5121 971 5178 si
997 5120 1239 5188 diceret,
1269 5118 1380 5176 Cur
1404 5118 1606 5175 relictis
1632 5116 1854 5174 urbibus
1871 5161 1886 5186 ,
1916 5119 2048 5175 acdi-

464 5216 691 5287 busque,
720 5217 772 5271 in
799 5216 1073 5272 desertum
1097 5211 1425 5269 convenistis
1450 5210 1676 5266 omnes?
1715 5218 1775 5266 ut
1795 5211 2048 5267 miserum

464 5308 749 5377 quemdam
776 5318 833 5365 et
855 5308 1024 5364 levem
1050 5306 1319 5362 hominem
1346 5303 1596 5360 videretis
1615 5303 1639 5358 ‘i
1658 5301 1764 5360 Sed
1786 5302 1838 5359 id
1863 5311 2050 5360 contra

463 5404 663 5455 rectam
695 5400 957 5455 rationem
998 5407 1164 5455 esset.
1211 5396 1393 5466 Neque
1423 5394 1564 5450 enim
1603 5394 1674 5450 ita
1711 5395 1951 5466 arguitur
1983 5408 2049 5450 ex

465 5492 555 5549 ilio
580 5499 727 5550 tanto
779 5489 957 5544 studio
978 5529 996 5555 ,
1036 5502 1144 5558 quo
1188 5486 1242 5543 in
1268 5486 1543 5543 desertum
1563 5487 1871 5540 accurristis
1906 5502 1921 5539 :
1951 5500 2053 5542 nec

465 5594 648 5641 tantus
673 5580 900 5654 populus
919 5621 936 5646 ,
964 5587 1043 5635 tot
1068 5578 1313 5635 civitates
1349 5592 1470 5633 cum
1500 5584 1653 5632 tanto
1677 5576 1859 5633 studio
1878 5573 1930 5632 in
1954 5574 2049 5632 de-

465 5684 669 5731 sertum
692 5681 749 5730 et
779 5670 847 5728 ad
874 5664 1163 5727 Jordanem
1191 5667 1398 5726 diﬁ‘usaz
1420 5674 1639 5737 essent,
1675 5666 1777 5726 nisi
1804 5680 2055 5740 magnum

2157 1249 2473 1318 quemdam,
2518 1252 2889 1311 admirandum
2927 1266 2983 1314 et
3025 1261 3516 1317 constantissimum
3566 1264 3727 1318 virum

2154 1356 2253 1397 vos
2279 1343 2489 1399 visuros
2517 1348 2856 1415 sperassrtis.
2884 1349 3067 1422 Neque
3095 1354 3236 1409 enim
3269 1354 3534 1407 calamum
3556 1356 3730 1410 existis

2155 1435 2329 1490 visum
2354 1477 2370 1502 ,
2402 1452 2432 1491 a
2458 1447 2619 1494 vento
2653 1442 2940 1508 agitatum;
2979 1458 3101 1499 nam
3150 1445 3295 1501 leves
3323 1444 3570 1501 homines
3590 1487 3606 1512 ,
3649 1462 3729 1516 qm

2155 1525 2260 1582 huc
2283 1527 2409 1583 illuc
2449 1529 2937 1599 circumferuntur,
2970 1544 3025 1590 et
3052 1535 3213 1591 modo
3256 1535 3405 1599 hzcc,
3449 1538 3611 1591 modo
3651 1540 3729 1592 illa

2155 1617 2362 1686 dicunt,
2413 1621 2465 1676 in
2513 1622 2764 1693 nullaque
2810 1639 2867 1679 re
2908 1626 3231 1694 consistunt,
3262 1628 3471 1683 calamo
3500 1638 3625 1683 sunt
3660 1631 3729 1684 si-

2154 1709 2328 1766 miles.
2359 1712 2438 1767 Ac
2463 1713 2732 1783 perpende
2763 1716 3033 1785 quomodo
3061 1719 3205 1773 omni
3251 1718 3469 1774 dimissa
3518 1720 3731 1783 malitia,

2152 1800 2223 1857 de
2252 1800 2353 1902 hac
2378 1803 2489 1857 sola
2520 1819 2662 1860 nunc
2680 1814 2820 1877 agat,
2840 1823 2961 1877 qua:
3010 1809 3159 1881 ipsos
3188 1808 3453 1877 subierat,
3512 1812 3732 1865 leviuitis

2153 1895 2493 1963 suspicione,
2524 1910 2684 1966 quam
2712 1912 2961 1954 amovere
2989 1909 3230 1955 conatur.
3267 1900 3373 1955 Sed
3411 1902 3540 1970 quid
3573 1902 3734 1956 existis

2152 1986 2360 2041 videre?
2388 1988 2640 2043 hominem
2663 1990 2897 2045 mollibus
2925 1993 3152 2047 vestitum
3172 1994 3200 2048 Ρ
3227 1994 3357 2049 Ecce
3393 1997 3483 2065 qui
3512 1997 3734 2051 mollibus

2154 2080 2431 2134 vestiuntur
2453 2121 2467 2144 ,
2515 2081 2564 2135 in
2590 2081 2820 2137 domibus
2864 2100 3038 2154 regunt
3060 2095 3198 2140 sunt.
3227 2086 3379 2153 Quod
3411 2103 3545 2143 vero
3573 2088 3732 2155 dicit,

2153 2178 2239 2227 est
2264 2170 2570 2241 bujusmodi
2602 2189 2616 2227 :
2644 2175 2688 2228 Α
2711 2173 2890 2245 seipso
2910 2176 2998 2231 ille
3025 2191 3131 2232 non
3164 2179 3415 2235 volubilis
3434 2190 3524 2236 est
3546 2198 3561 2234 :
3584 2180 3733 2251 idque

2153 2275 2251 2317 vos
2289 2261 2605 2319 declarastis
2646 2280 2713 2320 ex
2756 2276 2938 2323 vestro
2964 2282 3090 2339 erga
3135 2269 3285 2325 illum
3325 2271 3531 2327 studio.
3561 2271 3734 2342 Neque

2153 2352 2282 2409 illud
2302 2352 2406 2410 dici
2426 2355 2615 2424 possit,
2639 2356 2786 2412 illum
2803 2357 2927 2413 olim
2950 2371 3283 2417 constantem
3302 2365 3537 2433 primum
3559 2363 3732 2431 fuisse,

2152 2442 2250 2500 sed
2294 2460 2359 2500 ex
2406 2445 2613 2502 deliciis
2660 2456 2847 2517 postea
2896 2449 3110 2505 mollem
3154 2451 3401 2507 eﬂ'ectum
3431 2467 3578 2509 esse.
3609 2454 3733 2509 Nam

2152 2535 2294 2607 apud
2323 2535 2570 2593 homines
2591 2539 2807 2609 quidam
2837 2539 2915 2596 sic
2938 2551 3250 2609 nascuntur,
3279 2544 3367 2599 alii
3400 2545 3538 2601 tales
3560 2557 3733 2615 postea

2155 2627 2288 2683 ﬁunt
2312 2644 2327 2684 :
2359 2629 2591 2700 exempli
2619 2644 2800 2698 causa,
2823 2632 2959 2687 alius
2986 2644 3175 2688 natura
3202 2650 3295 2690 sua
3327 2637 3617 2692 iracundus
3636 2647 3731 2704 est,

2152 2719 2291 2775 alius
2333 2735 2399 2775 ex
2451 2720 2607 2792 longa
2651 2724 2966 2794 a‘gritudine
3012 2726 3065 2780 in
3111 2726 3250 2782 hunc
3296 2730 3458 2784 animi
3494 2731 3730 2786 morbum

2152 2812 2360 2871 incidit.
2382 2813 2471 2871 Sic
2496 2815 2585 2871 alii
2613 2815 2980 2876 inconstantes
3006 2830 3059 2875 et
3083 2821 3227 2877 leves
3256 2833 3445 2878 natura
3471 2839 3572 2881 sua
3594 2835 3730 2892 sunt,

2150 2904 2240 2959 alii
2278 2905 2422 2975 quod
2459 2904 2666 2962 deliciis
2701 2917 2758 2964 et
2794 2909 3051 2982 voluptati
3079 2912 3422 2979 indulserint,
3455 2916 3595 2972 tales
3618 2924 3733 2972 sunt

2149 2995 2344 3053 ell’ccti.
2370 2998 2440 3054 At
2462 2998 2718 3067 Joannes,
2748 3001 2938 3073 inquit,
2968 3017 3076 3059 non
3110 3017 3299 3062 natura
3326 3008 3448 3064 talis
3485 3018 3574 3065 est
3601 3027 3615 3065 :
3645 3022 3734 3066 ne-

2152 3103 2261 3159 que
2300 3089 2443 3145 enim
2484 3090 2747 3147 calamum
2796 3094 2983 3151 existis
3013 3096 3215 3164 videre,
3255 3113 3429 3170 neque
3476 3100 3732 3171 voluptati

2147 3178 2363 3239 deditus
2391 3195 2510 3237 eam
2538 3198 2697 3251 quam
2728 3183 2952 3241 habebat
2970 3187 3131 3241 animi
3151 3187 3331 3244 dotem
3353 3191 3560 3248 amisit.
3587 3192 3730 3259 Quod

2148 3270 2293 3328 enim
2317 3271 2575 3343 voluptati
2605 3289 2713 3329 non
2740 3275 2959 3338 serviat.
2994 3277 3044 3331 id
3072 3290 3300 3348 arguunt
3325 3281 3556 3337 vestitus
3579 3282 3692 3354 ejus
3714 3324 3728 3349 ,

2148 3363 2420 3420 desertum
2445 3406 2461 3431 ,
2488 3380 2696 3424 carcer.
2723 3367 2856 3424 Nam
2883 3368 2926 3424 si
2954 3371 3205 3427 mollibus
3232 3375 3416 3430 vestiri
3437 3377 3693 3433 voluisset
3713 3418 3727 3444 ,

2149 3470 2255 3511 non
2282 3456 2550 3513 desertum
2580 3458 2834 3516 coluisset
2858 3501 2874 3526 ,
2904 3476 3009 3516 non
3045 3476 3315 3520 carcerein
3340 3506 3355 3533 ,
3385 3467 3484 3522 sed
3514 3469 3726 3539 regiam.

2146 3546 2364 3603 Licebat
2393 3548 2536 3605 enim
2562 3548 2639 3605 illi
2662 3591 2679 3617 ,
2709 3550 2753 3605 si
2786 3552 3077 3617 tacuisset,
3108 3554 3305 3626 ingenti
3354 3557 3454 3612 frui
3508 3558 3729 3619 honore.

2148 3637 2360 3695 Etenim
2406 3654 2568 3710 quem
2616 3639 2856 3698 Herodes
2885 3643 2970 3698 vel
3000 3647 3404 3716 redarguentem
3447 3664 3510 3704 se
3539 3662 3594 3705 et
3620 3652 3729 3707 tin-

2149 3738 2295 3786 etum
2314 3732 2388 3787 ita
2420 3733 2947 3803 reverebatur,certe
2972 3736 3016 3791 si
3045 3738 3301 3793 tacuisset
3332 3749 3448 3793 erat
3466 3740 3718 3796 adulatno

2148 3836 2266 3879 rus.
2296 3823 2432 3879 Cum
2473 3841 2605 3897 ergo
2637 3827 2805 3898 gestis
2835 3829 2951 3884 suis
2973 3829 3250 3886 ﬁrmitatis
3292 3835 3717 3903 constantiaque

2147 3930 2259 3971 sua:
2286 3916 2710 3986 experimentum
2745 3917 2985 3987 dederit,
3015 3921 3282 3990 quomodo
3310 3922 3363 3977 in
3396 3924 3532 3978 tales
3558 3925 3726 3995 suspi-
3781 3964 3790 3973 .

2146 4008 2331 4065 ciones
2349 4009 2473 4079 jure
2500 4009 2698 4066 cadat?

2218 4098 2273 4154 2.
2296 4099 2522 4155 Joannes
2542 4099 2774 4171 Baptista
2797 4101 2910 4172 plus
2928 4120 3078 4174 quam
3101 4105 3345 4175 propheta
3366 4124 3396 4159 a
3411 4104 3616 4162 Christo
3636 4126 3725 4178 ap-

2149 4191 2386 4262 pellatus,
2403 4194 2455 4247 in
2474 4210 2575 4264 quo
2595 4195 2786 4249 caeteris
2808 4206 3005 4265 prtestet
3031 4200 3306 4265 prophetis.
3323 4198 3555 4255 Christus
3582 4219 3729 4270 neque

2147 4302 2262 4340 cum
2292 4285 2497 4341 Joanne
2536 4303 2695 4359 neque
2739 4304 2856 4343 cum
2879 4289 2981 4343 alio
3014 4290 3216 4344 homine
3243 4295 3533 4360 comparari
3553 4306 3725 4366 potest.

2145 4406 2221 4419 —
2244 4377 2531 4448 Postquam
2551 4393 2680 4450 ergo
2700 4388 2755 4435 et
2778 4395 2809 4434 a
2840 4380 2959 4435 loco
2978 4420 2992 4443 ,
3021 4394 3071 4437 et
3103 4399 3131 4434 ει
3164 4384 3401 4439 vestibus
3422 4427 3439 4453 ,
3465 4398 3519 4440 et
3545 4404 3574 4439 a
3600 4404 3727 4442 cnu-

2149 4483 2317 4528 cursu
2359 4472 2542 4543 populi
2588 4488 2767 4528 mores
2805 4473 2924 4544 ejus
2955 4474 3268 4546 descripsit,
3306 4476 3522 4531 induxit
3556 4487 3732 4547 postea

2151 4563 2493 4634 prophetam.
2519 4564 2658 4620 Cum
2687 4565 2919 4622 dixisset
2940 4566 3109 4633 enim,
3134 4568 3277 4635 Quid
3305 4570 3493 4624 existis
3527 4568 3733 4623 ridere?

2153 4650 2462 4723 Prophetam
2476 4652 2502 4706 ἵ
2515 4651 2682 4707 Etiam
2702 4652 2816 4707 dico
2839 4654 2995 4719 vobis,
3018 4664 3065 4708 et
3089 4655 3205 4725 plus
3227 4672 3377 4724 quam
3400 4660 3692 4727 prophetam
3708 4673 3728 4714 .°

2149 4745 2297 4801 addit
2327 4762 2340 4799 :
2374 4745 2463 4800 10.
2507 4743 2607 4799 llic
2634 4754 2705 4799 est
2732 4747 2863 4800 enim
2887 4785 2903 4811 ,
2946 4746 3008 4800 de
3044 4764 3145 4818 quo
3187 4749 3529 4819 scriptuntest
3558 4767 3578 4806 :
3608 4751 3730 4807 Eme

2151 4838 2292 4892 mitto
2320 4838 2552 4909 angelum
2578 4854 2740 4891 meum
2766 4848 2882 4892 ante
2908 4840 3092 4910 [aciem
3116 4848 3253 4894 tuam
3276 4880 3292 4907 ,
3317 4843 3402 4913 qui
3431 4844 3728 4914 praeparabit

2152 4929 2284 4982 viam
2304 4938 2441 4981 tuam
2456 4938 2575 4981 ante
2597 4936 2644 4981 te
2663 4924 2919 4994 (Malach.
2939 4928 2992 4984 3.
3015 4926 3087 5002 l).
3111 4928 3242 4985 Cum
3263 4933 3408 5000 prius
3426 4932 3727 4989 Judworum

2157 5018 2518 5075 testimonium
2539 5018 2874 5088 adduxisset,
2899 5028 3026 5077 tunc
3048 5022 3357 5092 prophetam
3378 5025 3551 5081 all‘ert.
3573 5027 3728 5096 Quin-

2154 5112 2261 5168 imo
2284 5110 2565 5167 Judaicum
2593 5110 2857 5167 calculum
2884 5111 3054 5182 primo
3084 5112 3247 5183 ponit,
3275 5115 3415 5186 quod
3445 5119 3726 5173 maximum

2152 5216 2238 5263 est
2275 5215 2643 5276 argumentum
2665 5245 2683 5274 ,
2727 5204 2941 5276 quando
2979 5205 3318 5264 inimicorum
3372 5210 3726 5265 testimonium

2154 5299 2414 5355 all'ertur:
2458 5297 2731 5365 secundo,
2769 5297 2993 5356 Joannis
3023 5300 3221 5368 vitam;
3250 5303 3440 5370 tertio,
3477 5304 3727 5375 judicium

2154 5408 2341 5456 suum;
2391 5400 2605 5463 quarto,
2675 5390 3031 5461 prophetam,
3079 5392 3314 5465 undique
3369 5396 3579 5453 illorum
3641 5412 3727 5453 ora

2156 5483 2429 5538 claudens.
2463 5481 2663 5538 Deinde
2685 5497 2751 5538 ne
2771 5482 3009 5538 dicerent
3039 5499 3055 5537 :
3083 5483 3221 5553 Quid
3242 5501 3371 5559 ergo
3398 5488 3444 5544 si
3472 5490 3593 5545 talis
3616 5506 3728 5542 cum

2155 5584 2301 5632 esset
2334 5575 2444 5643 jam
2474 5581 2711 5629 mutatus
2745 5573 2847 5628 sit?
2874 5583 3067 5630 caetera
3116 5575 3353 5646 adjecit,
3380 5580 3689 5635 vestimenta
3715 5619 3729 5641 .

2159 5681 2453 5737 carcerem,
2472 5675 2528 5723 et
2551 5674 2733 5739 postea
2758 5662 3113 5736 prophetiam.
3129 5667 3321 5724 Postea
3352 5684 3479 5726 vero
3501 5686 3623 5727 cum
3652 5669 3729 5724 di-
