3900 6194
240 271 340 326 421

240 387 406 442 sisset
431 385 576 448 illum
599 386 859 458 propheta
887 385 1144 458 majorem
1169 405 1322 460 esse,
1351 393 1584 448 ostendit
1619 395 1671 447 in
1719 410 1824 464 quo

235 477 309 530 sit
354 477 546 546 major.
599 478 658 532 In
708 493 815 548 quo
851 494 980 549 ergo
1023 481 1194 550 major
1219 485 1304 537 est
1326 483 1348 535 ?
1374 482 1528 548 Quod
1558 483 1629 538 sit
1659 499 1826 555 prope

232 583 358 624 cum
401 569 491 639 qui
535 569 770 626 advenit.
823 570 957 625 Nam
1001 572 1075 626 ait
1108 588 1121 624 :
1154 572 1356 627 Mittam
1391 575 1631 644 angelum
1659 589 1824 630 meum

233 670 353 716 ante
395 661 596 732 facient
622 672 802 728 tuam;
830 663 880 718 id
912 673 993 718 est
1015 704 1031 730 ,
1064 679 1228 734 prope
1265 675 1336 721 te.
1363 666 1823 735 Quemadmodum

231 756 378 810 enim
423 755 561 825 apud
601 770 787 826 reges,
819 758 907 825 qui
939 773 1104 827 prope
1132 774 1348 814 currum
1390 760 1670 828 incedunt,
1704 763 1822 818 aliis

230 851 493 920 dignitate
533 856 764 925 majores
793 865 918 912 sunt
948 875 960 908 :
993 859 1070 912 sic
1097 857 1332 913 Joannes
1358 873 1524 929 prope
1550 857 1819 914 Christum

227 942 602 1000 advenientem
645 947 894 1004 incedere
937 949 1197 1004 cernitur.
1224 948 1359 1004 Vide
1388 949 1654 1019 quomodo
1698 949 1822 1006 hinc

231 1031 349 1100 ejus
378 1035 753 1092 excellentiam
779 1036 1045 1103 declarat;
1075 1054 1246 1109 neque
1275 1038 1363 1093 hic
1391 1039 1613 1110 gradum
1641 1040 1816 1103 sistit,

229 1124 326 1178 sed
356 1141 507 1180 suam
535 1138 724 1197 postea
750 1128 903 1183 effert
934 1131 1252 1185 sententiam
1291 1129 1472 1186 dicens
1500 1124 1514 1185 ὲ
1544 1131 1630 1186 11.
1658 1130 1818 1186 Amen

229 1217 344 1271 dico
389 1219 527 1274 vobis
552 1262 566 1284 ,
618 1237 718 1276 non
756 1224 973 1277 surrexit
1013 1223 1144 1278 inter
1186 1231 1331 1278 natos
1356 1225 1624 1278 mulierum
1655 1211 1820 1295 major

224 1310 434 1367 Joanne
461 1313 710 1385 Baptista.
740 1315 799 1371 id
818 1325 920 1382 est,
949 1331 1054 1371 non
1084 1318 1290 1388 peperit
1318 1317 1507 1372 mulier
1535 1317 1624 1371 ille
1653 1318 1819 1387 majo-

227 1419 366 1458 rem.
400 1403 608 1460 Sullicit
631 1406 748 1461 hinc
785 1409 1076 1474 sententia;
1111 1407 1210 1463 sed
1242 1408 1286 1462 si
1310 1409 1388 1462 vis
1416 1422 1482 1462 ex
1509 1408 1666 1463 rebus
1689 1408 1816 1478 ipsis

226 1495 472 1553 ediscere
494 1539 508 1563 ,
553 1499 830 1556 considera
862 1500 1001 1554 illius
1029 1516 1266 1556 mensam
1289 1543 1303 1565 ,
1345 1503 1540 1556 victum
1566 1542 1581 1569 ,
1625 1501 1815 1557 mentis

223 1588 633 1646 sublimitatem.
665 1591 795 1646 Nam
824 1593 904 1647 sic
928 1591 1162 1658 vivebat,
1190 1607 1254 1648 ac
1278 1593 1323 1647 si
1355 1594 1407 1647 in
1436 1593 1567 1647 ciete
1594 1592 1810 1659 luisset,

223 1691 388 1749 atque
417 1683 746 1741 naturalibus
773 1683 1018 1752 superior
1044 1684 1447 1738 necessitatibus
1468 1725 1482 1750 ,
1513 1682 1812 1738 mirabilem

224 1774 511 1842 quamdam
563 1776 815 1846 carpebat
856 1778 995 1832 viam
1020 1819 1035 1844 ,
1082 1778 1136 1831 in
1166 1777 1376 1848 hymnis
1405 1787 1459 1832 et
1485 1776 1814 1832 orationibus

223 1873 394 1920 totum
435 1876 642 1939 tempus
687 1869 983 1939 transigens
1009 1911 1026 1936 ,
1059 1883 1178 1923 cum
1217 1869 1518 1924 mortalium
1560 1871 1808 1938 nemine,

220 1957 318 2012 sed
343 1974 466 2015 eum
496 1960 614 2015 sole
636 1961 746 2016 Deo
765 1960 1025 2030 colloquia
1047 1960 1296 2015 miscens.
1320 1959 1593 2015 Neminem
1616 1961 1812 2031 quippe

219 2067 546 2108 eenscrvoru
553 2068 604 2107 ιη
623 2061 860 2118 noverat,
879 2067 982 2106 non
997 2066 1054 2108 se
1069 2052 1499 2122 conspiciendum
1519 2052 1807 2124 praebebat,

221 2159 328 2198 non
357 2144 496 2199 lacte
524 2143 800 2210 alebatur,
833 2158 940 2199 non
969 2144 1143 2212 lecto,
1175 2159 1280 2198 non
1314 2152 1487 2211 tecto,
1521 2158 1626 2212 non
1663 2144 1807 2208 lore,

219 2249 326 2289 non
374 2235 480 2288 alia
525 2235 773 2306 quapiam
820 2234 1052 2290 humana
1093 2250 1151 2290 re
1188 2233 1492 2300 fruebatur;
1533 2241 1590 2290 et
1631 2242 1807 2288 tamen

217 2339 535 2382 mansuetus
573 2337 689 2384 erat
731 2327 888 2382 simul
926 2337 1087 2398 atque
1123 2327 1433 2384 vehemens.
1472 2325 1612 2382 Audi
1651 2326 1809 2398 igitur

215 2437 339 2474 cum
380 2429 580 2492 quanta
614 2421 978 2477 moderatione
1020 2420 1308 2490 discipulos
1335 2419 1656 2490 alloquetur,
1682 2434 1805 2474 cum

212 2523 412 2582 quanta
442 2515 488 2568 vi
518 2513 751 2579 Judazos,
782 2528 901 2570 cum
929 2521 1127 2583 quanta
1155 2512 1399 2568 libertate
1425 2525 1626 2581 regem.
1651 2510 1805 2565 Ideo-

212 2621 320 2675 que
344 2605 555 2662 dicebat
586 2605 830 2660 Christus
848 2646 862 2670 ,
895 2604 1016 2658 Non
1041 2605 1260 2660 surrexit
1297 2605 1426 2658 inter
1449 2611 1592 2658 natos
1619 2603 1797 2657 mulie-

213 2714 326 2751 rum
371 2697 538 2768 major
559 2695 761 2752 Joanne
778 2695 1030 2768 Baptista.
1063 2696 1167 2752 Sed
1193 2712 1262 2752 ne
1290 2695 1505 2751 laudum
1539 2696 1799 2765 magnitu-

212 2792 284 2847 do
311 2792 510 2862 aliquid
544 2791 742 2847 erroris
773 2799 1017 2861 pareret,
1048 2805 1182 2846 neve
1210 2788 1379 2844 Judaei
1417 2789 1565 2845 illum
1592 2788 1802 2844 Christo

212 2884 565 2954 pm'l'errcnt,
614 2884 735 2939 vide
775 2883 1042 2954 quomodo
1088 2883 1189 2938 hoc
1234 2883 1623 2938 accommodet.
1670 2882 1799 2936 Nam

211 2979 352 3034 sicut
379 2993 445 3032 ex
486 2977 678 3048 quibus
706 2976 950 3047 discipuli
980 2975 1361 3041 firmabantur,
1412 2975 1582 3030 turba:
1631 2974 1799 3029 detri~

213 3078 455 3123 mentum
483 3067 850 3137 accipiebant,
879 3067 1050 3122 levem
1076 3066 1226 3120 illum
1264 3080 1385 3121 esse
1416 3073 1661 3136 putantes
1688 3083 1699 3118 :
1723 3065 1815 3120 sic.

209 3173 276 3214 ex
303 3160 496 3229 quibus
525 3159 692 3214 turbae
715 3157 1152 3225 emendabantur,
1175 3157 1347 3226 majus
1368 3156 1618 3212 damnum
1649 3171 1802 3211 acce-

209 3251 392 3316 debat,
423 3267 547 3306 cum
567 3266 631 3307 ex
658 3250 815 3306 dictis
843 3249 1098 3319 majorem
1120 3249 1186 3306 de
1212 3249 1304 3304 illo
1323 3264 1482 3327 quam
1502 3248 1569 3304 de
1587 3247 1802 3303 Christo

207 3345 496 3403 sumebant
535 3345 861 3415 opinionem.
895 3343 1024 3398 lllud
1055 3358 1183 3413 ergo
1209 3384 1225 3410 ,
1265 3343 1461 3397 nullam
1491 3341 1800 3410 relinquens

209 3437 591 3508 suspicionem,
645 3435 863 3506 corrigit
903 3435 987 3489 bis
1039 3435 1214 3490 verbis
1257 3451 1273 3491 :
1320 3435 1419 3501 Qui
1443 3443 1610 3487 autem
1635 3433 1800 3486 minor

209 3540 281 3585 est
306 3531 360 3584 in
385 3545 544 3600 regno
569 3530 828 3593 caelorum,
854 3530 1018 3599 major
1037 3537 1108 3584 est
1136 3529 1247 3582 illo.
1282 3525 1473 3590 Minor,
1505 3525 1797 3580 secundum

207 3632 462 3689 a:tatem.,
508 3631 564 3678 et
605 3622 896 3679 secundum
942 3622 1227 3676 multorum
1277 3620 1580 3688 Opinionem
1619 3635 1632 3672 :
1676 3633 1798 3672 nam

207 3717 457 3772 dicebant
514 3717 688 3786 ipsum
743 3714 961 3770 edacem
1029 3729 1149 3768 esse
1197 3721 1252 3767 et
1325 3711 1433 3766 vini
1501 3720 1799 3781 potatorem

213 3807 429 3878 (Matth.
455 3808 510 3862 11
523 3847 537 3861 .
557 3807 666 3875 19);
683 3817 758 3872 et,
779 3804 964 3859 Nonne
983 3806 1064 3859 hic
1088 3803 1219 3876 fabri
1240 3804 1376 3874 ﬁlius
1392 3812 1460 3858 est
1479 3802 1688 3873 (Matth.
1709 3803 1796 3857 15.

206 3899 335 3956 55)?
365 3907 528 3968 atque
571 3897 764 3967 ubique
795 3897 968 3965 ipsum
1001 3894 1382 3965 despiciebant.
1419 3893 1556 3962 Quid
1600 3893 1759 3964 igitur
1780 3933 1796 3959 ,

208 3991 453 4060 inquies,
482 3996 823 4058 comparatus
863 4003 983 4043 cum
1011 3987 1217 4043 Joanne
1248 3987 1417 4055 major
1441 3984 1594 4041 erat?
1620 3985 1795 4040 Absit.

208 4083 395 4151 Neque
445 4082 586 4136 enim
635 4081 868 4137 Joannes
911 4079 1124 4149 quando
1167 4078 1334 4140 dicit,
1385 4077 1594 4130 Fortior
1621 4082 1702 4130 me
1727 4085 1800 4130 est

211 4174 429 4244 (Matth.
461 4175 514 4230 5.
561 4173 686 4243 11),
715 4173 766 4228 id
793 4171 1151 4242 comparando
1175 4171 1342 4234 dicit;
1372 4184 1544 4239 neque
1575 4169 1796 4236 Paulus,

207 4281 329 4320 eum
359 4269 597 4337 Moysem
645 4266 724 4320 sic
753 4273 1014 4320 memorat
1037 4305 1052 4327 ,
1084 4262 1334 4331 Ampliori
1369 4261 1499 4315 enim
1533 4261 1698 4332 gloria
1718 4261 1798 4315 hic

205 4375 362 4429 quam
384 4357 585 4428 Moyses
605 4357 842 4428 dignatus
859 4365 928 4410 est
955 4353 1137 4426 (Hebr.
1162 4355 1214 4410 5.
1246 4354 1322 4423 5),
1354 4353 1467 4407 inec
1493 4363 1798 4422 comparate

207 4451 354 4506 dicit.
393 4450 460 4504 Et
485 4452 596 4519 ipse
625 4465 744 4504 eum
775 4450 875 4514 ait,
911 4447 1038 4502 Ecce
1074 4449 1189 4518 plus
1235 4463 1388 4515 quam
1427 4445 1674 4502 Salomon
1716 4447 1796 4499 hic

207 4545 425 4616 (Matth.
461 4543 549 4598 η.
581 4543 701 4614 24),
725 4543 840 4598 haec
868 4557 972 4597 non
1000 4541 1362 4610 comparando
1387 4541 1534 4596 dicit.
1568 4539 1722 4607 Quod
1749 4540 1793 4594 si

205 4637 572 4704 concedamus
621 4636 770 4690 illum
812 4636 926 4691 haec
952 4650 1050 4704 per
1076 4634 1528 4704 comparationem
1558 4633 1791 4696 dixisse,

206 4743 295 4785 res
346 4731 420 4783 ita
476 4726 542 4782 ad
589 4726 917 4781 audientium
966 4726 1328 4780 inﬁrmitatem
1393 4724 1790 4780 accommodata

205 4818 391 4874 fuerit.
449 4818 504 4873 ln
555 4833 744 4888 magna
798 4818 941 4872 enim
1006 4817 1398 4872 existimatione
1461 4816 1791 4878 habebatur,

205 4911 467 4981 illumque
502 4925 689 4966 carcer
717 4910 1058 4981 insigniorem
1108 4908 1453 4972 reddiderat,
1493 4924 1698 4966 necnon
1729 4909 1791 4962 lio

205 5015 392 5061 Dertas
436 5006 487 5058 in
537 5003 812 5074 arguendo
840 5019 964 5073 rege
989 5043 1005 5068 ,
1033 5013 1192 5073 atque
1223 5003 1272 5057 id
1299 5002 1528 5057 libenter
1554 5017 1581 5055 a
1613 5002 1795 5054 multis

203 5102 284 5156 sic
333 5100 716 5170 accipiebatur.
766 5098 978 5152 Etenim
1033 5097 1195 5152 Vetus
1245 5112 1455 5167 quoque
1519 5095 1792 5165 Scriptura

207 5194 344 5249 solet
385 5193 678 5248 errantium
726 5191 936 5244 animos
982 5189 1274 5244 emendare
1301 5231 1315 5254 ,
1344 5187 1704 5257 comparando
1731 5202 1790 5241 ca

213 5301 325 5353 tua:
356 5283 658 5354 comparari
682 5297 788 5337 non
812 5289 1037 5352 possunt
1056 5298 1068 5346 ;
1089 5292 1146 5335 ut
1172 5281 1383 5349 quando
1410 5280 1604 5334 dicitur
1630 5297 1642 5332 :
1675 5277 1793 5332 Non

211 5389 277 5431 est
304 5378 489 5433 similis
534 5375 606 5429 tui
645 5375 698 5429 in
737 5375 856 5438 diis,
902 5373 1120 5428 Domine
1145 5373 1314 5445 (Psal.
1344 5374 1434 5429 85.
1463 5374 1554 5439 8),
1585 5381 1640 5428 et
1668 5390 1792 5428 rur-

205 5487 322 5526 sum
343 5511 360 5537 ,
409 5467 536 5524 Non
576 5478 649 5522 est
687 5468 808 5522 deus
833 5468 961 5521 sicut
999 5466 1134 5521 Deus
1159 5476 1325 5520 noster
1352 5464 1524 5536 (Psal.
1555 5465 1642 5521 76.
1676 5465 1787 5537 14).

209 5563 410 5618 Volunt
447 5569 629 5615 autem
669 5558 881 5630 quidam
914 5558 966 5613 id
1005 5558 1072 5613 de
1112 5557 1369 5626 apostolis
1393 5556 1596 5611 dixisse
1632 5555 1791 5612 Chri-

205 5666 347 5714 stum
413 5651 505 5706 alii
544 5650 612 5705 de
647 5649 886 5721 angelis;
927 5648 1020 5703 sed
1089 5649 1247 5704 male.
1296 5647 1428 5704 Nam
1476 5663 1596 5702 cum
1623 5649 1789 5704 semel

205 5749 420 5819 quidam
451 5763 484 5804 a
506 5748 728 5804 veritate
757 5744 1072 5812 ahet‘ratint,
1096 5741 1267 5800 solent
1296 5742 1345 5796 in
1379 5741 1572 5798 multos
1595 5741 1783 5799 deduci

1111 274 1197 386 ΞΝ
1233 272 1642 331 ΜΑΤΤΗίΕυΜ
1682 274 1914 331 1103111..
1948 276 2207 336 XXXVII.
2251 285 2318 338 al.
2364 279 2646 343 XXXVIII.

3410 296 3516 355 4‘29

1935 405 2167 450 errores.
2199 397 2313 466 Qua
2343 401 2484 455 enim
2513 407 2890 473 consequentia
2923 407 2972 461 id
3000 407 3079 462 vel
3113 411 3178 466 de
3215 415 3472 480 apostolis
3495 459 3511 483 ,

1929 486 2012 540 vel
2042 487 2109 542 de
2131 489 2335 561 angelis
2363 492 2629 549 dixisset?
2652 496 2899 568 Alioquin
2922 516 3068 567 vero,
3097 505 3140 557 si
3165 505 3231 560 de
3255 509 3513 576 apostolis

1928 575 2181 646 dixisset,
2229 584 2355 653 quid
2400 587 2613 642 vetabat
2661 591 2944 659 quominus
2989 575 3330 653 nominaret?
3379 601 3511 656 Cum

1926 677 2103 724 autem
2147 671 2216 727 de
2262 675 2438 744 seipse
2469 676 2634 744 dicit,
2661 679 2782 749 jure
2818 697 3098 749 personam
3128 687 3268 742 celat
3297 689 3365 744 ob
3393 705 3511 746 eam

1927 775 2046 829 qua:
2069 763 2342 821 obtinebat
2381 769 2684 838 opinionem
2712 789 2726 838 ;
2769 787 2831 828 ac
2867 791 2932 828 nc
2962 777 3236 832 videretur
3261 796 3514 852 magnum

1926 852 2195 922 quidpiam
2219 856 2286 912 de
2313 873 2370 912 se
2399 861 2576 917 dicere
2609 880 2622 918 :
2653 863 2705 919 id
2735 866 2874 935 quod
2905 882 3047 938 smpe
3073 869 3342 927 observat.
3374 873 3510 941 Quid

1925 953 2104 998 autem
2137 946 2265 1001 illud
2293 960 2396 1018 est,
2429 950 2494 1005 In
2524 970 2677 1025 regno
2702 957 2986 1012 caelorum?
3015 960 3071 1015 In
3103 962 3501 1033 Spiritualibus,

1923 1045 1978 1092 et
2018 1039 2070 1093 in
2113 1042 2414 1100 caelestibus
2461 1049 2727 1104 omnibus.
2769 1052 2900 1106 Cum
2947 1063 3125 1110 autem
3174 1057 3338 1124 dicit,
3389 1057 3517 1114 Non

1924 1125 2142 1191 surrexit
2173 1130 2312 1185 inter
2344 1147 2492 1193 natos
2530 1143 2795 1196 mulierum
2833 1146 2998 1216 major
3048 1152 3248 1203 Joanne
3268 1192 3284 1217 ,
3316 1151 3510 1207 distin-

1922 1222 2118 1289 guebat
2143 1239 2201 1279 se
2225 1241 2253 1279 a
2280 1227 2504 1296 Joanne,
2529 1241 2582 1286 et
2609 1249 2665 1288 se
2693 1235 3039 1292 subtrahebat
3058 1243 3440 1309 comparationi
3466 1246 3504 1297 ³.

1993 1313 2045 1368 5.
2085 1315 2216 1371 Nam
2247 1319 2293 1373 si
2321 1321 2433 1390 ipse
2460 1323 2599 1379 inter
2627 1334 2778 1382 natos
2807 1329 3088 1386 mulierum
3119 1344 3266 1402 erat,
3311 1346 3364 1391 at
3404 1354 3507 1394 non

1921 1405 2059 1462 sicut
2086 1409 2319 1468 Joannes
2349 1433 2361 1468 :
2393 1432 2564 1488 neque
2594 1421 2734 1477 enim
2779 1422 2940 1480 homo
2981 1436 3182 1482 tantum
3221 1440 3363 1495 erat,
3409 1447 3508 1488 nec

1920 1498 2056 1553 sicut
2099 1499 2260 1558 homo
2298 1505 2471 1562 editus
2511 1510 2710 1574 fuerat.
2761 1515 2855 1569 sed
2898 1519 3156 1585 stupende
3195 1516 3422 1590 quedam
3455 1534 3507 1578 et

1920 1591 2147 1684 mirabili
2176 1608 2348 1665 partu.
2385 1600 2469 1654 12.
2512 1602 2557 1656 Α
2595 1603 2768 1658 diebus
2794 1617 2956 1661 autem
2984 1607 3199 1666 Joannis
3226 1611 3503 1684 Baptistat,

1919 1680 2117 1753 inquit,
2151 1703 2305 1759 usque
2337 1707 2503 1759 nunc,
2548 1711 2758 1766 regnum
2796 1699 3034 1753 caelorum
3067 1703 3167 1755 vim
3207 1706 3416 1775 patitur,
3458 1716 3505 1761 et

1918 1775 2121 1868 violenti
2146 1781 2350 1850 rapiunt
2369 1783 2518 1842 illud.
2542 1786 2609 1840 Et
2628 1803 2732 1857 quo
2760 1801 2940 1858 pacto,
2973 1792 3176 1862 inquies
3195 1837 3210 1863 ,
3237 1796 3348 1852 haec
3370 1814 3505 1868 prte-

1917 1864 2228 1924 cedentibus
2251 1872 2558 1930 cohaerent?
2586 1876 2794 1948 Optime
2816 1891 2961 1938 certe
2988 1894 3040 1938 et
3065 1885 3347 1943 admodum
3370 1864 3504 1944 con-

1917 1969 2202 2028 sequenter
2226 1981 2239 2017 :
2262 1967 2457 2021 etenim
2482 1968 2604 2024 hinc
2627 1970 2743 2027 illos
2766 1973 2832 2027 ad
2852 1976 3176 2032 credendum
3197 1981 3246 2034 in
3274 1996 3330 2035 se
3351 1997 3502 2036 com-

1916 2050 2065 2119 pellit
2092 2062 2146 2107 et
2173 2054 2389 2122 incitat,
2423 2059 2687 2131 simulque
2728 2064 2815 2119 illa
2859 2081 2979 2136 quae
3020 2083 3180 2138 supra
3211 2071 3348 2126 dicta
3379 2083 3502 2128 sunt

1914 2153 1944 2194 a
1972 2140 2178 2200 Joanne
2205 2150 2536 2219 comprobat.
2566 2151 2697 2208 Nam
2725 2155 2768 2209 si
2805 2172 2970 2227 usque
3000 2159 3065 2212 ad
3095 2159 3352 2218 Joannem
3381 2180 3467 2218 em
3486 2198 3500 2219 ς

1914 2232 2001 2287 nia
2030 2238 2294 2308 completa
2321 2252 2463 2307 sunt,
2495 2244 2609 2315 Ege
2634 2261 2750 2301 sum
2778 2251 2868 2318 qui
2898 2253 3090 2307 venio:
3123 2270 3243 2310 nam
3273 2258 3346 2311 ait
3372 2277 3382 2311 :
3411 2259 3498 2313 15.

1917 2324 2103 2381 Omnes
2133 2332 2394 2400 prophetia
2421 2345 2468 2387 et
2507 2337 2590 2390 lea:
2615 2353 2771 2409 usque
2798 2342 2866 2394 ad
2892 2341 3142 2397 Joannem
3169 2349 3501 2418 praphctave-

1910 2427 2046 2471 runt.
2066 2418 2180 2474 Non
2200 2423 2340 2477 enim
2359 2437 2657 2484 cessassent
2674 2433 2967 2501 prophetm,
2983 2435 3082 2489 nisi
3100 2451 3198 2506 ego
3214 2441 3497 2496 venissem.

1909 2506 2050 2564 Nihil
2081 2526 2208 2582 ergo
2237 2515 2370 2569 ultra
2402 2523 2741 2590 exspectetis,
2775 2537 2872 2578 nec
2900 2525 3058 2580 alium
3103 2531 3326 2597 speretis
3365 2547 3496 2587 ven-

1911 2607 2106 2657 turum.
2132 2603 2283 2670 Quod
2304 2622 2402 2677 ego
2430 2610 2528 2664 sim
2559 2611 2726 2680 palam
2758 2625 2837 2668 est
2865 2631 2932 2672 ex
2963 2631 3026 2671 eo
3056 2619 3192 2688 quod
3221 2621 3496 2691 propheta:

1908 2696 2186 2764 cesserint,
2207 2699 2419 2769 etquod
2445 2703 2596 2757 multi
2618 2704 2852 2775 quotidie
2876 2707 3035 2763 [idem
3059 2711 3109 2763 in
3134 2727 3219 2766 me
3241 2714 3448 2782 rapiant
3475 2735 3488 2770 :

1907 2785 1979 2840 ita
2009 2788 2203 2858 quippe
2229 2793 2372 2848 clara
2403 2804 2484 2849 est
2513 2806 2564 2850 et
2594 2798 2897 2867 manifesta,
2931 2810 2986 2856 ut
3026 2819 3141 2858 eam
3174 2807 3321 2861 multi
3348 2809 3495 2863 abri-

1909 2879 2073 2968 piant.
2105 2882 2172 2937 Et
2200 2885 2347 2954 quis,
2376 2903 2578 2956 quaeso,
2615 2890 2824 2959 rapuit?
2854 2893 3121 2965 Quotquot
3160 2913 3280 2952 cum
3321 2901 3496 2956 studio

1906 2986 2266 3032 accesserunt.
2321 2980 2478 3035 Aliud
2523 2983 2714 3038 deinde
2762 2985 3010 3040 indicium
3063 2990 3208 3058 ponit
3252 2990 3434 3049 dicens
3477 3015 3490 3050 :

1907 3066 1994 3121 14.
2027 3067 2089 3122 Si
2117 3071 2266 3126 uultis
2292 3074 2540 3144 recipere,
2570 3075 2678 3145 ipse
2703 3087 2775 3131 est
2799 3078 2978 3133 Helias
2996 3121 3010 3145 ,
3037 3082 3124 3149 qui
3143 3095 3377 3141 venturus
3400 3099 3492 3143 est.

1906 3158 2108 3216 Mittam
2157 3166 2316 3226 enim,
2360 3167 2560 3237 inquit,
2613 3167 2748 3222 vobis
2793 3170 2997 3227 Heliam
3044 3174 3361 3244 Thesbitem,
3407 3184 3494 3251 qui

1905 3261 2160 3306 convertat
2186 3253 2338 3308 calda
2370 3259 2528 3322 patris
2562 3259 2612 3312 in
2653 3261 2787 3330 ﬁlios
2826 3263 2994 3334 (Mal.
3026 3267 3078 3319 4.
3124 3267 3212 3338 5).
3250 3269 3342 3323 llic
3372 3282 3453 3326 est
3476 3314 3492 3336 ,

1905 3343 2010 3409 ait,
2042 3343 2217 3399 Helias
2237 3387 2252 3412 ,
2284 3347 2328 3399 si
2354 3349 2637 3404 attendatis
2666 3352 2959 3423 diligenter.
2999 3354 3137 3410 Nam
3166 3359 3377 3426 mittam,
3413 3363 3494 3416 in-

1904 3435 2055 3503 quit,
2087 3437 2321 3508 angelum
2351 3456 2513 3494 meum
2542 3452 2659 3496 ante
2697 3445 2875 3513 faciem
2915 3455 3051 3500 tuam
3085 3447 3262 3519 (Ibid.
3299 3452 3351 3506 5.
3405 3454 3490 3524 1).

1906 3525 2070 3583 Recte
2111 3529 2276 3594 dixit,
2324 3530 2383 3585 Si
2423 3533 2570 3586 vultis
2611 3535 2856 3603 recipere,
2900 3538 3186 3594 ostendens
3222 3542 3488 3598 neminem

1906 3621 2170 3676 violenter
2197 3623 2333 3693 cogi.
2365 3623 2494 3678 Non
2521 3613 2908 3696 eego,iinquit.
2963 3628 3074 3684 lloc
3114 3639 3288 3685 autem
3324 3632 3490 3698 dixit,

1904 3721 2106 3781 gratam
2130 3723 2315 3783 petens
2343 3717 2701 3784 voluntatem,
2731 3728 2783 3772 et
2820 3720 3107 3775 ostendens
3142 3722 3280 3778 hunc
3307 3724 3450 3778 illum
3472 3768 3488 3790 ,

1904 3814 1958 3859 et
1987 3805 2131 3860 illum
2162 3805 2302 3862 hunc
2331 3822 2469 3863 esse.
2514 3808 2686 3863 Ambo
2713 3811 2851 3864 enim
2882 3827 3042 3865 unum
3073 3827 3354 3883 suscepere
3386 3819 3490 3870 mi-

1903 3898 2179 3954 nisterium
2203 3941 2215 3961 ,
2248 3909 2304 3954 et
2327 3915 2684 3970 praecursores
2711 3904 2868 3956 ambo
2895 3903 3125 3959 fuerunt.
3160 3906 3494 3978 Quapropter

1904 4006 2009 4045 non
2047 3991 2356 4060 simpliciter
2384 3991 2547 4054 dixit,
2583 3991 2682 4046 llic
2711 4003 2782 4046 est
2824 3991 3033 4062 Helias,
3075 3996 3200 4062 sed,
3246 3997 3309 4052 Si
3344 4000 3492 4053 vultis

1903 4082 2122 4152 recipere
2141 4123 2155 4145 ,
2187 4084 2268 4136 hic
2292 4092 2398 4148 est;
2419 4084 2470 4138 id
2495 4092 2608 4149 est,
2641 4085 2696 4140 Si
2729 4085 2892 4154 proba
2920 4097 3098 4141 mente
3126 4090 3288 4156 gestis
3314 4099 3490 4144 atten-

1903 4173 2057 4228 datis.
2104 4174 2286 4244 Neque
2334 4175 2420 4229 liic
2457 4179 2635 4242 stetit,
2678 4177 2770 4231 sed
2818 4178 3105 4233 ostendens
3145 4180 3490 4250 intelligentia

1902 4281 2022 4321 esse
2050 4282 2218 4336 opus,
2266 4267 2387 4322 huic
2417 4268 2589 4334 dicto,
2637 4267 2735 4321 llic
2773 4279 2844 4322 εει
2877 4269 3088 4334 Helias,
3127 4273 3215 4342 qui
3258 4285 3491 4329 venturus

1903 4369 2001 4424 est,
2031 4359 2258 4428 adjecit,
2292 4360 2376 4414 15.
2409 4359 2510 4426 Qui
2534 4360 2678 4412 habet
2705 4375 2852 4414 aures
2875 4362 3147 4428 audiendi,
3171 4365 3365 4417 audiat.
3389 4365 3493 4420 Tot

1902 4452 2178 4521 avnigmata
2221 4452 2483 4519 ponebat,
2530 4461 2587 4504 ut
2630 4451 2694 4504 ad
2747 4452 3176 4522 interrogandum
3224 4456 3485 4512 incitaret.

1901 4543 2053 4610 Quod
2095 4542 2138 4597 si
2171 4559 2238 4598 ne
2267 4543 2344 4596 sic
2383 4543 2594 4612 quidem
2627 4543 2978 4613 evigilabant,
3023 4546 3188 4599 multo
3228 4547 3401 4602 minus
3445 4550 3489 4602 si

1901 4637 2044 4692 clara
2075 4646 2129 4690 et
2157 4633 2435 4689 manifesta
2465 4633 2708 4689 fuissent.
2744 4633 2925 4702 Neque
2955 4634 3004 4688 id
3035 4635 3135 4689 dici
3165 4637 3350 4706 possit,
3383 4654 3490 4693 non

1901 4745 2062 4783 ausos
2089 4727 2249 4782 fuisse
2280 4727 2604 4796 interrogare
2628 4767 2641 4793 ,
2675 4727 2755 4780 vel
2790 4725 2931 4780 illum
2965 4726 3123 4782 fuisse
3163 4728 3309 4783 aditu
3347 4728 3490 4783 diffi-

1903 4821 2078 4874 cilem.
2111 4818 2240 4872 Nam
2268 4819 2357 4887 qui
2390 4818 2533 4871 illum
2563 4818 2628 4872 de
2660 4817 2854 4871 nullius
2883 4820 3036 4887 pretii
3069 4819 3226 4874 rebus
3257 4821 3489 4875 interro-

1900 4921 2152 4982 gaverant
2202 4920 2664 4977 tentaverantque,
2716 4910 2819 4963 etsi
2869 4911 3172 4964 sexcenties
3227 4911 3488 4979 repulsam

1904 5009 2178 5069 tulissent,
2227 5019 2399 5074 neque
2428 5011 2734 5068 cessarent,
2777 5002 3044 5071 quomodo
3085 5016 3189 5054 non
3235 5001 3383 5055 illum
3423 5003 3492 5057 de

1903 5097 2217 5154 necessariis
2259 5099 2706 5164 interregassent,
2741 5094 2784 5146 si
2815 5093 3028 5161 quidem
3067 5092 3306 5146 ediscere
3339 5095 3490 5162 cupi-
3567 5122 3570 5124 η

1900 5192 2140 5247 vissent?
2178 5191 2231 5246 Si
2266 5189 2333 5244 de
2366 5187 2620 5256 legalibus
2652 5184 3080 5253 interrogabant,
3119 5183 3260 5252 quod
3295 5200 3490 5254 pra-ce.
3572 5175 3576 5179 Α

1902 5297 2045 5357 ptum
2100 5286 2326 5355 primum
2373 5290 2547 5346 esset,
2595 5288 2649 5334 el.
2696 5279 2762 5332 de
2805 5277 3098 5341 similibus,
3143 5292 3263 5330 cum
3313 5287 3489 5334 tamen

1901 5380 2042 5434 nulla
2074 5386 2287 5449 urgeret
2315 5375 2634 5440 necessitas,
2664 5370 2932 5442 quomodo
2961 5385 3080 5424 cum
3111 5369 3232 5424 talia
3263 5371 3488 5438 diceret,

1901 5471 1967 5525 de
2012 5469 2204 5539 quibus
2251 5466 2583 5536 respondere
2632 5463 2850 5519 omnino
2893 5460 3161 5525 debebat,
3220 5477 3324 5517 non
3376 5464 3494 5533 ejus

1899 5578 2131 5626 mentem
2172 5560 2575 5634 explorassent?
2619 5572 2738 5613 cum
2787 5555 3016 5609 maxime
3059 5554 3258 5610 adhoc
3287 5553 3490 5610 hortari

1962 5686 1976 5717 ί
2017 5682 2099 5731 alii
2119 5679 2318 5731 habent,
2341 5680 2385 5724 ct
2424 5687 2472 5723 se
2497 5669 2798 5721 subtrahebat
2822 5664 3180 5730 comparationi,
3209 5677 3421 5728 quamrss
3443 5671 3493 5717 et

1900 5751 2002 5814 ipse
2022 5759 2084 5796 ea:
2105 5739 2306 5793 muliere
2325 5743 2446 5788 esset
2466 5742 2621 5787 natus.
