3900 6194
392 230 506 286 425

397 352 453 399 ct
483 340 695 397 trahere
723 330 1031 390 videretur?
1056 329 1188 385 Nam
1215 343 1337 385 cum
1365 327 1611 395 dicebat,
1650 325 1865 381 Violenti
1892 340 1980 378 ra-

401 438 547 507 piunt
574 430 706 487 illud
723 472 740 498 ,
773 427 825 483 id
853 425 1063 483 illorum
1088 422 1351 479 excitabat.
1376 421 1645 485 animum;
1670 427 1726 473 et
1748 431 1869 473 cum
1898 415 1982 470 di-

398 534 546 583 ceret
565 563 580 590 ,
612 522 712 589 Qui
739 520 884 575 habet
923 531 1069 571 aures
1092 513 1367 581 audiendi,
1396 512 1570 567 audiat
1592 551 1607 577 ,
1638 510 1864 579 idipsum
1905 507 1983 561 la-

398 617 590 673 ciebat.
636 614 724 669 16.
764 610 859 668 Cui
894 617 1059 663 autem
1095 605 1382 662 assimilabo
1409 602 1777 674 generationem
1813 598 1987 654 hanc?

402 708 589 777 inquit.
621 703 818 759 Similis
847 711 918 757 est
946 698 1115 771 pueris
1142 694 1423 752 sedentibus
1463 694 1514 747 in
1554 694 1694 765 foro,
1728 699 1776 744 et
1809 690 1984 743 dican-

400 800 530 854 tibus
549 838 565 865 ,
596 799 685 853 17.
717 795 859 850 Tibia
886 792 1151 847 cecinimus
1179 787 1314 843 vobis
1337 828 1353 853 ,
1396 794 1443 840 et
1479 801 1582 839 non
1610 782 1831 838 saltastis
1848 797 1867 846 ,'
1902 781 1983 837 la-

399 891 606 949 mentati
643 905 814 946 sumus
844 885 1012 949 vobis,
1041 892 1086 936 et
1112 897 1212 935 non
1237 877 1522 951 planxistis.

472 982 659 1038 Christi
696 988 741 1036 et
781 977 999 1033 Joannis
1038 974 1173 1030 idem
1200 987 1379 1043 scopas
1409 977 1610 1024 erat.--
1630 967 1757 1023 Haac
1801 978 1986 1021 rursus

401 1075 646 1133 videntur
669 1088 697 1127 a
724 1066 1149 1143 praecedentibus
1178 1079 1282 1120 non
1313 1061 1565 1134 pendere,
1588 1060 1684 1116 sed
1705 1058 1772 1114 ad
1799 1073 1983 1114 eorum

400 1169 621 1225 omnino
668 1166 859 1221 seriem
903 1160 1171 1233 pertinent
1213 1173 1226 1211 :
1268 1156 1464 1213 etenim
1514 1153 1581 1208 ad
1625 1150 1867 1207 eamdem
1910 1150 1986 1205 rei

399 1273 663 1316 summam
693 1263 971 1326 spectant,
1002 1258 1060 1306 ut
1084 1247 1395 1305 ostendatur
1417 1245 1677 1303 Joannem
1708 1243 1807 1314 ipsi
1849 1257 1983 1299 con-

400 1366 530 1409 sona
552 1348 757 1413 iecisse,
781 1342 985 1402 etiamsi
1007 1357 1124 1413 quae
1149 1339 1348 1395 ﬁebant
1364 1336 1629 1394 contraria
1648 1335 1985 1390 viderentur:

398 1440 541 1513 quod
566 1441 725 1496 etiam
750 1436 817 1493 de
841 1434 1253 1505 interrogatione
1277 1430 1475 1486 dictum
1496 1436 1578 1484 est
1605 1445 1619 1482 :
1649 1424 1988 1495 ostenditque

398 1532 534 1589 nihil
554 1528 970 1602 praetermissum
993 1526 1154 1581 fuisse
1174 1539 1358 1580 eorum
1375 1537 1493 1593 quas
1511 1519 1579 1575 ad
1600 1519 1824 1576 salutem
1847 1518 1991 1588 ipso-

399 1642 515 1682 rum
536 1621 780 1680 coul'erre
798 1628 1036 1692 possent;
1055 1616 1196 1690 quod
1212 1615 1280 1673 de
1295 1616 1446 1671 vinea
1461 1613 1672 1670 dicebat
1689 1611 1950 1683 propheta
1970 1625 1986 1666 :

401 1716 540 1785 Quid
567 1716 734 1771 adhuc
752 1713 939 1786 faciam
957 1711 1115 1767 vincte
1141 1709 1279 1777 huic,
1309 1706 1444 1780 quod
1471 1722 1573 1761 non
1602 1706 1804 1775 fecerim
1834 1702 1987 1777 (Isai.

398 1807 552 1887 5.3!)?
568 1807 658 1863 Cui
676 1805 829 1870 enim,
847 1804 940 1869 ait,
956 1799 1245 1858 assimilabo
1260 1800 1624 1873 generationem
1647 1798 1777 1851 lianc
1792 1797 1817 1852 ?
1833 1796 1991 1855 Sinti-

403 1901 465 1956 lis
480 1908 552 1954 est
573 1898 740 1970 pueris
752 1895 1034 1952 sedentibus
1051 1894 1105 1947 in
1121 1894 1254 1963 foro,
1269 1902 1314 1947 et
1331 1891 1627 1957 dicentibus,
1648 1888 1794 1943 Tibia
1815 1888 1992 1943 cecinio

400 2007 512 2045 mus
527 1990 681 2056 vobis,
689 1999 734 2042 et
747 2004 845 2043 non
859 1986 1079 2043 saltastis
1093 2001 1111 2040 :
1126 1984 1381 2039 lamentati
1395 1999 1589 2049 sumus,
1607 1990 1653 2035 et
1670 1998 1770 2036 non
1782 1980 1990 2053 planxi-

399 2082 508 2137 stis.
542 2080 629 2137 18.
675 2078 823 2134 Venit
863 2078 995 2133 enim
1040 2075 1264 2131 Joannes
1293 2091 1450 2146 neque
1475 2074 1811 2137 manducans.
1835 2088 1992 2143 neque

400 2174 591 2243 bibens,
614 2182 659 2228 et
681 2173 855 2226 dicunt
871 2168 1219 2226 :Daemonium
1240 2168 1403 2248 habet.
1434 2167 1520 2224 19.
1545 2165 1692 2222 Venit
1710 2165 1757 2220 F
1760 2166 1878 2221 ilius
1897 2166 1991 2221 ho-

399 2265 551 2320 minis
596 2263 910 2319 manducans
948 2272 996 2318 et
1034 2261 1202 2316 bibens
1226 2298 1244 2327 ,
1288 2270 1334 2314 et
1372 2260 1547 2314 dicunt
1593 2274 1613 2314 :
1660 2255 1793 2315 Ecce
1840 2257 1991 2312 homo

399 2371 559 2413 voraa:
582 2365 630 2411 et
653 2354 755 2410 vini
785 2363 1005 2425 potator,
1038 2352 1419 2425 publicanorum
1446 2360 1492 2406 et
1520 2359 1838 2421 peccatorum
1861 2349 1991 2403 anti-

398 2467 509 2507 cus.
539 2448 652 2506 Hoc
678 2457 782 2515 est,
805 2447 1081 2503 Contraria
1112 2460 1211 2516 ego
1229 2455 1283 2501 et
1308 2444 1541 2501 Joannes
1563 2443 1646 2499 via
1669 2442 1987 2508 incedimus,

402 2551 458 2598 et
486 2540 714 2613 idipsum
742 2539 994 2607 facimus,
1021 2552 1084 2593 ac
1109 2538 1154 2593 si
1183 2546 1485 2602 venatores,
1512 2535 1677 2592 feram
1703 2544 1862 2605 captu
1884 2533 1990 2590 dii—

403 2633 597 2690 tlcilem
618 2632 861 2688 videntes
879 2673 895 2699 ,
922 2645 1042 2702 qua:
1068 2644 1162 2700 per
1184 2628 1295 2685 vias
1314 2627 1447 2685 duas
1465 2628 1531 2682 ad
1561 2642 1743 2685 casses
1771 2626 1992 2684 tendere

398 2724 598 2796 possit,
629 2733 907 2793 utramque
941 2721 1083 2777 viam
1111 2720 1299 2792 singuli
1328 2727 1624 2790 occupent,
1654 2727 1710 2775 et
1734 2718 1869 2774 alter
1897 2733 1994 2789 per

398 2814 721 2872 contrariam
764 2813 919 2869 alteri
962 2812 1102 2867 viam
1151 2810 1420 2882 impellat,
1470 2820 1530 2866 ut
1573 2811 1626 2865 in
1674 2810 1993 2866 alterutrum

401 2906 621 2963 omnino
645 2904 875 2962 decidat.
906 2903 1133 2973 Respice
1170 2903 1311 2957 enim
1352 2902 1654 2957 universum
1692 2917 1861 2973 genus
1891 2900 1994 2956 bu-

401 3015 618 3058 manum
638 3040 653 3066 ,
681 2997 953 3071 quomodo
976 2996 1237 3067 jejunium
1266 2995 1438 3052 soleat
1464 2994 1745 3063 admirari,
1783 3008 1993 3051 necnon

403 3092 565 3149 vitam
608 3074 854 3163 asperam
884 3099 937 3146 et
966 3087 1411 3160 pbilosophicam.
1447 3086 1574 3143 Ideo
1601 3086 1680 3142 sic
1708 3086 1994 3142 constituta

403 3201 493 3242 res
537 3184 663 3251 iuit,
706 3194 765 3238 ut
798 3182 1031 3239 Joannes
1069 3197 1099 3237 a
1144 3181 1313 3254 prima
1342 3191 1499 3237 aetate
1528 3180 1633 3236 hoc
1668 3181 1791 3236 vita:
1825 3196 1996 3253 genus

402 3279 662 3345 duceret,
705 3287 764 3334 ut
807 3294 925 3347 quae
953 3277 1186 3344 diceret,
1218 3275 1343 3332 hinc
1379 3273 1482 3331 ﬁde
1507 3274 1665 3346 digna
1700 3283 1902 3331 essent.
1929 3274 1998 3331 Et

404 3388 504 3443 qua
542 3371 610 3427 de
638 3385 797 3427 causa
819 3411 835 3436 ,
864 3369 1106 3440 inquies,
1132 3367 1377 3424 Christus
1399 3381 1502 3422 non
1528 3365 1769 3423 eamdem
1798 3367 1996 3438 ingres-

403 3485 493 3526 sus
536 3468 673 3523 viam
718 3465 837 3522 est?
882 3464 993 3521 lmo
1018 3478 1146 3519 vero
1185 3465 1456 3534 ingressus
1483 3471 1600 3528 est,
1641 3461 1854 3532 quando
1898 3476 1995 3531 per

403 3559 745 3631 quadraginta
774 3557 889 3614 dies
912 3556 1170 3627 jejunavit
1193 3596 1207 3622 ,
1251 3564 1305 3611 et
1329 3554 1527 3611 docens
1553 3554 1844 3620 circuibat,
1884 3568 1991 3611 non

407 3653 612 3709 habens
643 3653 731 3708 ubi
763 3661 917 3722 caput
950 3649 1234 3706 reclinaret
1262 3666 1275 3703 :
1306 3657 1557 3703 caeterum
1590 3647 1679 3704 ille
1704 3647 1811 3702 alio
1838 3646 1999 3703 modo

413 3747 515 3800 hoc
545 3744 701 3809 fecit,
730 3752 788 3797 ut
817 3742 940 3797 inde
983 3741 1187 3796 lucrum
1229 3738 1343 3793 ﬁeri
1377 3737 1697 3808 provideret.
1738 3736 1869 3792 Nam
1914 3737 1997 3792 id~

410 3840 578 3904 ipsum
606 3844 754 3899 erat,
797 3832 936 3902 quod
966 3831 1208 3886 eamdem
1250 3836 1454 3884 teneret
1490 3828 1664 3893 viam;
1698 3828 1806 3883 imo
1843 3828 2001 3900 longe

410 3925 582 3995 majus
606 3933 752 3992 erat,
779 3922 921 3994 quod
947 3923 1025 3989 is,
1054 3922 1144 3992 qui
1185 3921 1274 3976 illa
1305 3920 1387 3975 via
1417 3919 1723 3986 incederet,
1755 3922 1999 3977 testimo-

411 4021 501 4080 nio
524 4036 622 4077 suo
646 4021 818 4092 ipsum
846 4020 1161 4076 celebraret.
1182 4018 1430 4089 Alioquin
1458 4032 1585 4075 vero
1611 4018 1844 4074 Joannes
1868 4018 1999 4073 nihil

407 4114 550 4170 aliud
578 4129 735 4185 quam
765 4113 885 4167 vitae
908 4111 1250 4182 asperitatem
1276 4109 1581 4168 exhibebat.
1612 4110 1825 4166 Nullum
1854 4111 1999 4167 enim

408 4205 618 4276 signum
647 4203 773 4260 fecit
814 4222 828 4259 :
871 4202 1117 4259 Christus
1144 4217 1271 4257 vero
1296 4211 1351 4257 et
1385 4201 1658 4273 signorum
1687 4210 1742 4258 et
1767 4202 1999 4257 miracu-

407 4298 582 4353 lorum
617 4294 980 4351 testimonium
1006 4292 1189 4349 habuit
1215 4292 1409 4363 (Joan.
1441 4292 1531 4350 10.
1561 4291 1691 4365 41).
1737 4292 1997 4349 Joonncm

407 4404 535 4459 ergo
565 4387 873 4458 relinquens
898 4402 928 4440 a
965 4385 1169 4455 jejunio
1206 4384 1503 4451 celebrari,
1548 4385 1637 4439 ille
1677 4384 1998 4440 contrariam

408 4479 547 4533 viam
591 4479 797 4545 tenuit,
845 4476 912 4532 ad
959 4491 1170 4533 mensas
1207 4475 1510 4547 ingrediens
1557 4476 1956 4548 publicanorum
1980 4518 1996 4543 ,

411 4569 739 4626 manducans
768 4577 823 4624 et
848 4568 1056 4623 bibens.

480 4662 535 4717 4.
580 4659 972 4729 lnterrogemus
1000 4659 1180 4729 itaque
1208 4657 1422 4714 Judazos
1468 4676 1483 4711 :
1522 4657 1738 4713 Bonane
1783 4673 1870 4713 res
1917 4669 2001 4713 est

405 4752 667 4825 jejunium
690 4792 706 4816 ,
747 4760 804 4806 et
845 4748 1191 4804 admiranda?
1219 4748 1360 4819 Ergo
1397 4747 1630 4818 oportuit
1660 4747 1849 4803 Joanni
1879 4763 1999 4803 cre-

410 4851 575 4915 dere,
602 4858 658 4905 et
682 4848 828 4903 illum
859 4846 1137 4901 admittere
1160 4889 1178 4914 ,
1210 4846 1431 4917 ejusque
1459 4845 1617 4901 dictis
1657 4858 1865 4915 parere.
1912 4844 2001 4899 Sic

409 4944 552 4999 enim
584 4942 670 4997 illa
710 4941 870 4996 verba
912 4954 1007 4993 vos
1045 4938 1110 4994 ad
1151 4938 1331 4995 Jesum
1371 4937 1665 4994 adductura
1702 4947 1872 4993 erant.
1916 4936 1998 4991 An

408 5049 637 5091 onerosa
664 5044 713 5090 et
744 5033 878 5089 dura
909 5047 995 5088 res
1023 5040 1106 5087 est
1143 5030 1444 5102 jejunium?
1474 5030 1614 5103 Ergo
1635 5029 1759 5087 Jesu
1784 5030 2000 5086 Christo

408 5125 889 5199 obtemperantium
920 5133 1066 5190 erat,
1097 5125 1301 5195 ipsique
1324 5123 1575 5192 credere,
1616 5124 1708 5196 qui
1734 5127 1998 5179 contraria

413 5216 692 5273 incedebat
722 5217 823 5272 via.
853 5215 955 5271 Per
983 5224 1261 5285 utramque
1288 5216 1305 5246 ¹
1332 5215 1470 5270 viam
1498 5215 1551 5270 in
1581 5229 1802 5285 regnum
1831 5214 1998 5268 intra-

413 5306 515 5362 turi
542 5306 725 5362 eratis.
757 5306 826 5360 At
855 5306 927 5359 illi
958 5306 1106 5376 quasi
1140 5306 1246 5360 fera
1277 5304 1528 5360 immanis
1552 5313 1835 5375 utrumque
1862 5304 1999 5359 male

409 5395 759 5467 accipiebant.
803 5395 953 5450 Nulla
990 5411 1116 5466 ergo
1142 5396 1295 5465 culpa
1322 5405 1405 5450 est
1431 5410 1617 5451 eorum
1659 5395 1854 5465 quibus
1893 5410 1995 5449 non

410 5487 673 5544 creditum
697 5494 809 5552 est,
833 5486 928 5542 sed
952 5501 1138 5542 eorum
1165 5495 1364 5542 tantum
1385 5486 1475 5557 qui
1502 5502 1607 5541 non
1635 5485 1992 5542 crediderunt.

410 5580 577 5638 Nemo
597 5578 739 5635 enim
758 5578 1023 5634 contraria
1043 5578 1196 5634 simul
1220 5578 1501 5649 vituperet,
1520 5586 1578 5636 ut
1600 5593 1773 5649 neque
1795 5578 1991 5634 laudet.

469 5695 489 5727 ⁸
523 5691 735 5756 Quidam,
760 5704 847 5755 per
871 5688 1168 5742 alterutram.

1127 217 1184 275 S.
1221 214 1496 273 JOANNIS
1529 206 2000 270 CHRYSOSTOMI
2038 204 2358 267 ARCHIEP.
2397 206 2927 269 GONSTANTINOP.

3580 205 3679 270 δὲ]

2096 322 2253 379 Verbi
2277 324 2446 395 gratia
2462 364 2479 391 ,
2506 324 2596 395 qui
2621 300 2797 380 virum
2824 324 3051 383 hilarem
3077 338 3142 382 ac
3168 325 3456 382 remist
3483 337 3684 397 appros

2090 412 2181 468 bat
2198 453 2215 479 ,
2241 429 2489 471 severum
2513 415 2600 471 vel
2623 414 2910 472 barbarum
2944 430 3053 472 non
3081 416 3392 487 approbabit
3418 434 3436 472 :
3464 418 3561 488 qui
3598 431 3687 473 se-

2092 519 2272 560 verum
2299 504 2511 573 laudat,
2545 505 2726 563 laetum
2757 522 2864 563 non
2892 506 3148 565 laudabit.
3178 506 3298 564 Non
3326 516 3510 579 potest
3543 509 3688 565 enim

2088 604 2147 651 et
2169 594 2286 652 hazc
2312 604 2369 652 et
2396 596 2487 652 illa
2526 596 2685 653 simul
2712 598 2996 669 approbari
3023 599 3309 655 sententia.
3340 598 3583 670 Ideoque
3617 601 3692 655 ait

2090 688 2215 757 ille,
2261 689 2406 745 Tibia
2441 691 2711 747 cecinimus
2735 691 2892 761 vobis,
2930 701 2978 747 et
3014 707 3120 748 non
3146 692 3401 758 saltastis;
3432 693 3543 748 hoc
3570 701 3654 747 est
3674 734 3688 759 ,

2089 783 2391 839 Remissam
2416 784 2631 841 exhibui
2666 786 2864 853 vitam,
2893 794 2951 842 et
2991 800 3101 841 non
3136 785 3588 856 obtemperastis;
3615 796 3690 853 et,

2091 871 2378 928 Lamentati
2416 889 2625 942 sumus,
2660 887 2711 931 et
2747 892 2850 931 non
2879 876 3190 947 planxistis;
3226 877 3278 931 id
3303 887 3422 944 est,
3454 876 3693 933 Joannes

2091 978 2332 1021 severam
2359 975 2649 1037 etgravem
2674 969 2834 1023 vitam
2861 969 3138 1040 amplexus
3161 977 3266 1035 est,
3296 978 3350 1025 et
3375 983 3487 1025 non
3518 977 3693 1025 atten-

2090 1057 2265 1115 distis.
2295 1059 2410 1116 Non
2440 1060 2606 1127 dixit,
2632 1061 2748 1133 Ego
2775 1062 2920 1117 illam
2945 1102 2962 1130 ,
2991 1062 3083 1118 ille
3122 1062 3260 1118 banc
3286 1062 3454 1118 vitam
3486 1062 3642 1117 duxit
3675 1080 3689 1116 :

2091 1152 2187 1211 sed
2212 1154 2334 1224 quia
2360 1156 2637 1226 utriusque
2656 1172 2759 1210 una
2784 1166 2899 1212 erat
2926 1157 3211 1226 sententia,
3234 1158 3335 1213 etsi
3357 1156 3541 1213 studia
3561 1172 3692 1213 con-

2095 1245 2288 1311 traria,
2318 1246 2440 1302 ideo
2488 1247 2791 1303 communia
2839 1258 2986 1319 gesta
3036 1249 3164 1307 dicit
3203 1262 3345 1309 esse.
3373 1248 3511 1307 Nam
3554 1248 3694 1323 quod

2092 1337 2414 1392 contrariam
2444 1338 2600 1394 iniret
2625 1339 2763 1393 viam
2784 1379 2801 1405 ,
2842 1354 2907 1395 ex
2948 1341 3153 1411 majore
3175 1342 3466 1399 concordia
3496 1342 3695 1400 factum

2094 1437 2210 1495 est,
2238 1444 2357 1500 qua:
2381 1429 2629 1485 eumdem
2658 1431 2934 1501 spectabat
2958 1430 3140 1487 linem.
3179 1431 3351 1501 Quam
3383 1448 3518 1505 ergo
3542 1433 3695 1489 dein-

2094 1538 2222 1593 ceps
2248 1521 2617 1579 defensionem
2648 1523 2920 1579 habeatis?
2951 1524 3074 1580 Ideo
3100 1523 3375 1595 subjunxit
3407 1544 3421 1579 :
3455 1525 3525 1580 Et
3540 1526 3697 1596 justi-

2094 1615 2248 1685 ﬁoata
2270 1623 2343 1669 est
2370 1614 2620 1685 sapientia
2647 1630 2679 1668 a
2705 1615 2828 1684 ﬁliis
2864 1616 3005 1681 suis;
3052 1615 3152 1671 hoc
3178 1622 3263 1672 est
3283 1656 3300 1684 ,
3325 1600 3560 1671 Etiamsi
3600 1632 3697 1672 vos

2093 1722 2201 1765 non
2225 1707 2741 1779 obtemperaveritis,
2760 1716 2816 1764 at
2833 1724 2920 1764 me
2940 1709 3077 1763 ultra
3103 1709 3379 1766 criminari
3406 1725 3519 1766 non
3542 1719 3693 1782 pote-

2094 1802 2231 1858 ritis.
2258 1800 2411 1869 Quod
2440 1800 2509 1857 de
2539 1801 2697 1857 Patre
2720 1800 2849 1857 dicit
2875 1801 3133 1873 praphcta
3165 1820 3180 1857 :
3216 1803 3286 1858 Ut
3312 1805 3617 1875 iustiﬁceris
3642 1806 3694 1859 in

2092 1894 2403 1952 sermonibus
2428 1896 2526 1950 tuis
2542 1894 2714 1968 (Psal.
2743 1895 2830 1952 50.
2865 1896 2941 1965 6).
2970 1897 3109 1952 Deus
3129 1896 3271 1952 enim
3298 1898 3537 1966 etiamsi,
3565 1898 3693 1954 dum

2094 1989 2264 2043 nostri
2288 2002 2469 2044 curam
2498 1989 2669 2059 gerit,
2710 1988 2842 2044 nihil
2871 1990 3115 2060 perﬁciat
3134 2028 3150 2056 ,
3180 2003 3275 2045 sua
3308 1999 3493 2047 tamen
3517 1994 3695 2048 omnia

2094 2080 2311 2150 implet,
2340 2082 2413 2135 ita
2440 2089 2589 2136 utne
2617 2080 2832 2151 quidem
2860 2081 3102 2137 umbram
3130 2081 3488 2140 dubitationis
3516 2084 3693 2155 impuo

2094 2172 2343 2230 dentibus
2370 2172 2733 2243 improbisque
2761 2172 3046 2244 relinquat.
3070 2170 3130 2229 Si
3158 2188 3288 2230 vero
3323 2176 3579 2245 exempla
3606 2176 3694 2231 illa

2094 2264 2286 2337 quibus
2302 2265 2470 2321 utitur
2488 2266 2610 2321 vilia
2626 2267 2735 2321 sint
2749 2274 2804 2321 et
2821 2266 3192 2337 incarnposita,
3217 2282 3283 2322 ne
3298 2267 3512 2323 mireris
3532 2283 3548 2334 ;
3570 2284 3687 2323 nam

2094 2359 2160 2415 ad
2190 2359 2494 2416 auditorum
2525 2359 2889 2416 infirmitatem
2919 2374 3041 2417 sese
3064 2358 3296 2430 aptabat.
3330 2360 3614 2432 Siquidem
3642 2370 3696 2416 et

2098 2450 2347 2508 Ezechiel
2380 2452 2546 2506 multa
2574 2451 2730 2508 ali‘ert
2754 2453 3002 2523 exempla
3031 2452 3137 2508 illis
3164 2462 3487 2524 opportuna,
3512 2462 3569 2508 et
3604 2453 3693 2507 Dei

2096 2541 2378 2614 majestate
2406 2542 2621 2613 indigna
2651 2542 2877 2615 (Eseeh.
2914 2543 2953 2598 4
2986 2553 3039 2599 et
3076 2544 3207 2615 16).
3256 2544 3452 2600 Verum
3497 2553 3554 2600 et
3598 2544 3696 2599 hoc

2096 2637 2257 2693 etiam
2282 2637 2498 2709 dignum
2526 2644 2611 2693 est
2636 2637 2801 2708 ipsius
2829 2636 3180 2707 providentia.
3211 2638 3505 2695 Considera
3538 2651 3695 2709 porro

2097 2730 2216 2785 illos
2240 2729 2401 2784 etiam
2435 2728 2655 2784 aliunde
2695 2729 2749 2784 in
2784 2730 3083 2785 contrarias
3104 2730 3437 2785 circumferri
3470 2740 3692 2785 senteno

2098 2820 2221 2876 tias.
2247 2819 2382 2876 Nam
2400 2836 2521 2877 cum
2540 2820 2800 2877 Joannem
2826 2821 3088 2878 dixissent
3102 2823 3431 2878 daemonium
3473 2823 3689 2889 habere,

2098 2929 2206 2969 non
2236 2913 2325 2969 hic
2350 2921 2650 2982 steterunt,
2682 2914 2779 2971 sed
2806 2914 2908 2970 hoc
2932 2915 3107 2985 ipsum
3134 2914 3203 2970 de
3228 2915 3444 2970 Christo
3484 2925 3694 2971 contra-

2099 3006 2181 3063 rio
2210 3006 2371 3062 modo
2394 3006 2606 3063 vivente
2633 3005 2884 3063 dixerunt
2923 3023 2938 3062 :
2979 3009 3056 3064 sic
3078 3022 3294 3079 semper
3318 3010 3371 3063 in
3399 3007 3694 3064 sententias

2099 3112 2282 3153 secum
2308 3106 2603 3168 pugnantes
2644 3095 3042 3153 deferebantur.
3092 3098 3261 3154 Lucas
3298 3112 3431 3155 vero
3463 3112 3585 3153 cum
3616 3097 3695 3153 bis

2099 3189 2263 3246 aliam
2286 3204 2503 3262 quoque
2540 3189 2801 3261 majorem
2840 3190 2995 3247 allert
3031 3204 3217 3247 eorum
3264 3192 3693 3257 accusationem,

2100 3281 2329 3340 dicens:
2374 3279 2646 3337 Publicani
2688 3284 2821 3338 enim
2857 3284 3263 3355 justifiesverunt
3308 3285 3503 3351 Deum,
3536 3286 3695 3340 susci-

2105 3374 2297 3445 pientes
2322 3372 2578 3445 baptisma
2619 3375 2837 3430 Joannis
2867 3376 2886 3446 (
2908 3374 3031 3430 Luc.
3063 3377 3114 3430 7.
3143 3375 3214 3431 2-9
3234 3376 3274 3449 ).
3303 3376 3457 3432 Tunc
3482 3377 3691 3431 domum

2102 3465 2404 3521 civitatibus
2440 3466 2760 3536 exprobrat,
2805 3480 2925 3521 cum
2951 3467 3236 3537 iustificata
3267 3466 3363 3522 fuit
3388 3468 3648 3538 sapientia
3674 3508 3689 3533 ,

2101 3557 2319 3627 quando
2335 3556 2511 3612 omnia
2533 3557 2751 3627 impleta
2778 3557 2941 3613 fuisse
2960 3557 3366 3614 demonstravit.
3394 3560 3529 3627 Quia
3554 3558 3692 3613 enim

2102 3648 2155 3704 id
2186 3665 2291 3704 non
2332 3648 2598 3721 persuasit
2636 3649 2772 3717 illis,
2817 3651 3044 3705 miseros
3074 3652 3193 3706 illos
3233 3652 3521 3722 praedicat;
3559 3649 3691 3722 quod

2104 3742 2258 3813 pejus
2275 3751 2362 3798 est
2378 3757 2539 3813 quam
2557 3744 2600 3797 si
2619 3745 3079 3813 perterrefaceret.
3104 3742 3313 3799 Etenim
3328 3756 3384 3799 at
3403 3744 3691 3801 doctrinam

2103 3834 2347 3891 adhibuit
2382 3844 2441 3891 et
2478 3834 2759 3890 miracula.
2787 3835 2923 3905 Quia
2952 3850 3080 3893 vero
3109 3836 3163 3891 in
3189 3836 3375 3892 eadem
3409 3835 3692 3892 increduli-

2106 3935 2214 3982 tate
2237 3936 2583 3991 manserunt,
2610 3926 2828 3982 demum
2854 3929 3160 3998 exprobrat.
3205 3927 3296 3984 20.
3340 3927 3488 3983 Tunc
3531 3929 3690 3989 enim,

2103 4016 2213 4084 ait,
2238 4015 2392 4072 Iesus
2421 4018 2568 4088 coepit
2596 4017 2903 4089 exprobrare
2930 4018 3235 4085 civitatibus,
3262 4020 3316 4072 in
3346 4020 3526 4089 quibus
3553 4019 3692 4087 facta

2107 4114 2307 4183 fuerant
2350 4111 2584 4183 plurima:
2620 4110 2827 4165 virtutes
2856 4112 3002 4183 ejus,
3044 4112 3165 4173 quia
3211 4112 3557 4180 pamitentiam
3596 4125 3691 4162 non

2103 4212 2309 4273 egerant
2330 4243 2346 4267 ,
2378 4203 2551 4257 dicens
2583 4218 2602 4257 :
2626 4202 2718 4257 21.
2762 4202 2846 4258 Va:
2874 4204 2965 4258 tibi
2993 4203 3285 4269 Cborasin;
3316 4219 3387 4258 rce
3411 4205 3500 4259 tibi
3541 4200 3689 4258 Belli-

2103 4295 2272 4349 saida.
2317 4293 2518 4349 Deinde
2566 4302 2625 4349 ut
2665 4292 2843 4351 discas
2883 4310 2979 4350 eos
3008 4308 3113 4350 non
3158 4304 3345 4350 natura
3375 4295 3510 4351 tales
3534 4308 3687 4359 esse,

2105 4402 2300 4443 nomen
2332 4386 2480 4442 urbis
2522 4388 2664 4442 illius
2700 4386 2889 4458 ponit,
2934 4388 3077 4444 unde
3114 4389 3349 4459 quinque
3390 4388 3689 4460 prodierant

2103 4479 2350 4550 apostoli.
2373 4477 2505 4533 Nam
2531 4479 2807 4549 Philippus
2832 4488 2887 4535 et
2914 4480 3023 4535 duo
3046 4480 3133 4534 illa
3162 4482 3572 4553 coryphaeorum
3600 4495 3688 4552 pa-

2105 4573 2183 4625 ria
2214 4571 2288 4642 (α)
2320 4571 2443 4627 inde
2468 4580 2639 4627 eratut.
2674 4572 2807 4636 Quia
2848 4572 2893 4626 si
2926 4572 2982 4625 in
3027 4570 3162 4643 Tyro
3201 4583 3249 4627 et
3295 4572 3491 4629 Sidone
3517 4616 3531 4639 ,
3580 4574 3685 4638 ait,

2107 4664 2254 4733 facta:
2284 4663 2495 4734 fuissent
2523 4665 2749 4726 virtutes,
2781 4679 2894 4729 qua:
2911 4664 2964 4717 in
2987 4664 3123 4718 vobis
3150 4664 3300 4734 facta
3325 4677 3464 4732 sunt,
3494 4666 3610 4721 olim
3636 4665 3685 4717 in

2104 4771 2250 4808 sacco
2284 4765 2332 4808 et
2362 4755 2528 4808 cinere
2556 4756 2899 4824 penitentiam
2925 4756 3161 4825 egissent.
3206 4756 3300 4812 22.
3342 4755 3686 4812 Vermntamen

2106 4845 2217 4897 dico
2243 4845 2401 4911 vobis,
2431 4842 2568 4915 Tyro
2597 4856 2643 4899 et
2673 4844 2859 4901 Sidoni
2884 4847 3141 4901 remissius
3169 4848 3264 4901 erit
3289 4848 3343 4901 in
3371 4849 3456 4902 die
3487 4847 3682 4920 judicii,

2104 4951 2255 5005 quant
2279 4935 2435 4990 vobis.
2463 4936 2553 4991 25.
2578 4935 2647 4990 Et
2674 4946 2727 4990 tu
2747 4936 3064 5007 Capernaum
3080 4980 3095 5006 ,
3124 4955 3237 5009 quae
3255 4954 3412 5011 usque
3438 4941 3505 4995 ad
3521 4941 3683 4996 celum

2105 5028 2326 5082 excitata
2356 5042 2441 5092 es,
2483 5043 2641 5098 usque
2676 5028 2745 5081 ad
2781 5028 3037 5099 infernum
3066 5030 3336 5087 descendes
3367 5050 3387 5088 :
3427 5033 3543 5103 quia
3572 5031 3682 5087 siin

2107 5118 2345 5173 Sodomis
2372 5120 2521 5188 facta
2550 5118 2760 5189 fuissent
2786 5120 3014 5185 virtutes,
3043 5136 3156 5191 qua
3181 5121 3332 5191 factm
3354 5133 3473 5177 sunt
3512 5124 3565 5177 in
3602 5131 3680 5187 te,

2105 5211 2405 5264 mansissent
2434 5210 2606 5281 utique
2633 5209 2700 5263 ad
2728 5210 2860 5264 hanc
2888 5210 3041 5265 diem.
3072 5210 3163 5267 21.
3204 5210 3553 5270 Verumtamen
3578 5214 3678 5265 dico

2105 5302 2242 5355 vobis
2266 5342 2280 5365 ,
2320 5302 2440 5373 quia
2481 5313 2628 5356 terrm
2656 5302 2995 5357 Sodomorum
3030 5305 3287 5360 remissius
3310 5306 3404 5360 erit
3429 5308 3480 5360 in
3508 5307 3584 5359 die
3600 5305 3677 5376 ju-

2106 5392 2227 5445 dicii
2249 5434 2263 5456 ,
2294 5408 2446 5461 (luam
2476 5392 2582 5446 tibi.
2611 5392 2726 5447 Non
2756 5393 2871 5448 sine
2890 5407 3051 5448 causa
3078 5394 3310 5449 Sodoma
3337 5396 3570 5466 apponit.
3595 5392 3676 5447 scd

2106 5495 2163 5539 ut
2187 5494 2377 5556 augeat
2394 5486 2809 5542 accusationem.
2842 5485 3090 5557 Magnum
3113 5488 3310 5559 quippe
3336 5490 3576 5560 nequitiae
3597 5500 3674 5540 aro

2172 5627 2243 5693 (η)
2279 5626 2387 5676 Duo
2409 5627 2771 5690 coryphteorum
2792 5630 2924 5692 paria
2944 5636 3076 5691 sunt,
3100 5635 3273 5681 Petrus
3292 5638 3341 5682 et
3367 5632 3587 5693 Andreas,
3607 5636 3675 5678 Jaa

2107 5690 2257 5740 cobus
2278 5698 2329 5739 ct
2348 5698 2573 5740 Joannes.
