3900 6194
306 303 408 357 ηδ

296 424 611 487 gumentum
643 420 744 479 est,
769 427 886 467 cum
910 426 1014 465 non
1039 410 1198 465 modo
1221 410 1589 479 prmsentibus,
1614 410 1706 464 sed
1729 408 1888 464 etiam

298 511 363 564 iis
384 508 474 578 qui
497 508 622 562 olim
646 505 859 561 fuerunt
877 503 1151 560 sceleratis
1172 503 1465 558 deteriores
1484 516 1602 556 esse
1624 502 1885 556 videntur.

296 601 387 655 Sic
411 608 466 655 et
493 599 618 654 alibi
649 600 790 669 ipsos
825 597 1147 652 condemnat
1183 596 1580 665 comparatione
1607 595 1740 649 facta
1767 610 1888 649 cum

258 750 264 759 ,
299 692 552 746 Ninivitis
575 700 628 746 et
661 706 781 746 cum
821 691 1003 759 regina
1032 688 1212 743 Austri
1248 688 1456 760 (Matth.
1494 689 1584 743 12‘.
1617 688 1707 742 41.
1738 686 1837 758 42)
1871 705 1883 742 :

298 799 481 837 verum
514 783 621 839 illic
659 783 723 837 iis
761 783 848 852 qui
891 791 1037 837 recte
1078 781 1351 845 fecerunt,
1401 781 1491 837 hic
1531 795 1661 836 vero
1696 781 1758 834 iis
1798 781 1887 850 qui

244 842 275 943 ξ
297 873 438 928 male
459 881 683 943 egerunt
707 842 852 943 ipsos
876 882 1171 942 comparat,
1198 872 1341 942 quod
1369 873 1522 942 longe
1547 872 1760 940 gravius
1784 880 1883 927 est.

248 920 259 937 -.
297 920 437 928 --σ--υ
462 920 681 943 -ον---η
708 920 851 943 -τνς-
881 920 1171 942 -ν--τ---η
1202 920 1341 942 -ι-ν-
1369 920 1521 942 -ν-σον
1547 920 1639 940 ιγ-
1679 920 1759 926 ---
1788 920 1882 927 ----

248 920 271 991 ’ἰ
298 964 453 1019 llunc
472 979 683 1033 quoque
710 963 993 1018 damnandi
1021 962 1235 1018 modum
1256 963 1401 1018 novit
1423 962 1695 1027 Ezechiel;
1724 976 1887 1032 quare

296 1056 431 1108 dixit
454 1054 802 1126 Jerosolyma:
831 1071 846 1108 :
886 1053 1194 1118 Justiﬁcasti
1220 1070 1416 1109 sorores
1437 1064 1549 1107 tuas
1578 1054 1629 1107 in
1657 1052 1886 1107 omnibus

296 1149 511 1217 peccatis
534 1150 633 1201 tuis
664 1146 886 1217 (Ezech.
932 1146 1016 1201 16.
1065 1147 1123 1201 51
1158 1148 1192 1215 ).
1238 1147 1327 1201 Sic
1370 1146 1568 1217 ubique
1612 1146 1663 1200 in
1706 1144 1884 1201 Veteri

294 1240 641 1295 Testamento
670 1240 721 1293 in
754 1239 835 1293 his
863 1240 1070 1306 versari,
1091 1241 1244 1293 solet.
1277 1238 1458 1309 Neque
1490 1239 1573 1293 hic
1610 1238 1768 1293 finem
1805 1238 1885 1293 di-

293 1331 449 1386 cendi
478 1330 624 1397 facit,
656 1330 750 1385 sed
784 1331 1030 1384 timorem
1057 1338 1213 1399 auget
1236 1329 1420 1384 dicens
1443 1368 1458 1394 ,
1487 1329 1727 1399 graviora
1757 1343 1883 1398 pas-

292 1437 451 1477 suros
478 1422 598 1476 illos
623 1437 740 1477 esse
758 1462 775 1488 ,
801 1435 962 1492 quam
986 1420 1289 1477 Sodomitas
1314 1430 1368 1476 et
1392 1420 1606 1492 Tyrios.
1634 1420 1709 1475 ita
1738 1421 1884 1491 ipsos

293 1515 530 1586 undique
558 1514 823 1581 concitat,
856 1524 1055 1569 etcum
1098 1515 1327 1570 miseros
1352 1514 1639 1585 praedicat,
1670 1524 1724 1571 et
1760 1530 1882 1570 cum

293 1604 687 1677 perterrefacit.

369 1698 423 1752 5.
453 1695 793 1766 Hospitalitas
817 1696 1214 1751 commendatur.
1247 1695 1433 1751 Contra
1457 1698 1738 1751 meretricia
1762 1714 1883 1752 can-

292 1790 415 1842 tica.
457 1818 531 1829 —-
570 1787 697 1843 Hmc
722 1803 937 1859 quoque
966 1802 1065 1843 nos
1094 1788 1389 1843 audiamus.
1422 1789 1605 1859 Neque
1630 1790 1770 1844 enim
1798 1790 1881 1844 in-

291 1878 531 1934 credulis
575 1886 775 1933 tantum
801 1921 817 1945 ,
854 1878 949 1934 sed
989 1880 1147 1934 etiam
1180 1879 1333 1934 nobis
1362 1880 1571 1949 gravius
1609 1882 1882 1936 constituit

289 1970 610 2039 supplicium
631 2011 646 2035 ,
679 1986 836 2040 quam
867 1968 1155 2025 Sodomitis
1180 2012 1194 2035 ,
1226 1970 1326 2024 nisi
1358 1970 1665 2041 peregrinos
1692 1971 1756 2025 ad
1784 1987 1881 2027 nos

291 2063 569 2118 venientes
600 2062 925 2133 excipiamus
950 2107 963 2127 ,
991 2079 1109 2116 cum
1139 2063 1295 2119 etiam
1325 2063 1597 2133 pulverem
1625 2073 1880 2119 excutere

286 2155 542 2226 jusserit;
591 2171 655 2211 ac
690 2156 810 2226 jure
839 2157 1046 2211 merito.
1094 2156 1170 2209 llli
1211 2171 1476 2225 namque,
1508 2157 1608 2211 etsi
1650 2158 1882 2227 graviter

290 2256 583 2318 peccarunt
606 2290 621 2315 ,
653 2258 707 2303 at
734 2257 857 2302 ante
887 2250 1058 2319 legem
1085 2260 1137 2303 et
1164 2250 1388 2319 gratiam
1414 2249 1545 2318 lapsi
1577 2258 1736 2314 sunt;
1782 2265 1880 2304 nos

290 2355 420 2394 vero
449 2340 533 2410 qui
575 2347 694 2409 post
730 2349 925 2393 tantam
975 2340 1126 2394 nobis
1156 2340 1443 2394 exhibitam
1474 2354 1656 2394 curam
1695 2355 1881 2410 pecca-

291 2447 411 2483 mus
433 2472 447 2494 ,
477 2446 577 2500 qua
608 2430 807 2485 erimus
850 2429 1003 2485 venia
1034 2430 1177 2499 digni
1205 2473 1219 2497 ,
1249 2431 1339 2501 qui
1377 2441 1579 2485 tantum
1609 2431 1876 2501 hospitum

289 2522 469 2576 odium
503 2520 816 2576 exhibemus
843 2563 858 2588 ,
901 2521 1189 2592 cgenisque
1224 2534 1405 2591 portas
1426 2563 1439 2585 ,
1468 2532 1519 2577 et
1544 2532 1667 2577 ante
1700 2533 1880 2592 portas

286 2630 447 2668 aures
489 2614 828 2669 claudimus?
874 2630 972 2669 nec
1011 2616 1170 2671 modo
1210 2615 1527 2685 pauperibus
1552 2658 1566 2681 ,
1597 2615 1691 2671 sed
1719 2615 1878 2670 etiam

287 2706 417 2775 ipsis
445 2708 737 2775 apostolis?
766 2705 889 2762 ldco
915 2707 1054 2761 enim
1082 2709 1428 2778 pauperibus,
1455 2709 1577 2777 quia
1603 2709 1875 2777 apostolis.

285 2802 420 2855 Cum
444 2802 586 2855 enim
619 2801 811 2872 legitur
840 2801 1034 2854 Paulus
1054 2843 1067 2866 ,
1096 2816 1194 2855 nec
1227 2810 1279 2856 tu
1307 2800 1568 2866 attendis;
1596 2813 1714 2855 cum
1744 2816 1879 2869 prae-

285 2893 429 2947 dicat
455 2893 725 2960 Joannes,
757 2902 810 2947 et
853 2903 906 2947 tu
952 2908 1061 2947 non
1092 2892 1244 2947 audis
1274 2910 1286 2946 :
1314 2892 1648 2961 quandonam
1683 2908 1879 2962 paupe-

256 2969 397 3039 ‘rem
428 2987 677 3055 recipies,
706 2987 794 3056 qui
820 2986 1123 3056 apostolum
1154 3001 1258 3040 non
1287 2986 1511 3054 recipis?
1536 2983 1604 3040 Ut
1630 2986 1806 3055 itaque
1825 2994 1879 3039 ct

285 3079 368 3132 his
397 3079 562 3145 ardes,
594 3088 649 3135 et
676 3079 780 3133 illis
807 3093 964 3135 aures
993 3087 1249 3148 perpetuo
1276 3088 1475 3147 apertas
1501 3079 1627 3143 sint,
1661 3078 1875 3132 sordem

284 3186 498 3226 omnem
544 3170 611 3224 ab
651 3171 869 3225 auribus
910 3173 1101 3224 animae
1142 3184 1514 3241 expurgemus.
1557 3169 1704 3225 Sicut
1732 3170 1874 3224 enim

283 3263 471 3319 sordes
496 3272 549 3318 et
575 3264 733 3317 limus
755 3279 908 3317 aures
934 3264 1197 3331 corporis,
1222 3263 1298 3316 sic
1324 3261 1622 3319 meretricia
1648 3262 1873 3328 cantica,

282 3358 571 3414 smculares
609 3357 941 3412 narrationes
960 3397 974 3418 ,
1002 3355 1202 3422 debita,
1234 3370 1510 3410 sermones
1540 3354 1607 3410 de
1637 3369 1795 3410 usura
1822 3362 1878 3409 et

281 3460 467 3505 mutuo
491 3492 515 3516 ,_
548 3450 714 3521 magis
740 3464 899 3518 quam
932 3448 1131 3517 quaevis
1159 3448 1343 3502 sordes
1373 3462 1531 3501 aures
1559 3447 1749 3500 animm
1775 3446 1873 3501 ob-

282 3549 498 3604 turant;
534 3542 639 3595 imo
670 3556 774 3595 non
806 3540 1059 3595 obturant
1088 3540 1267 3605 modo,
1299 3538 1392 3592 sed
1424 3538 1725 3592 immundas
1755 3538 1876 3592 red—

280 3632 433 3686 dunt.
468 3632 597 3687 Nam
629 3632 717 3702 qui
768 3632 867 3686 ista
906 3639 1156 3695 narrant,
1191 3630 1372 3683 fimum
1405 3630 1456 3683 in
1488 3643 1643 3683 aures
1671 3636 1875 3683 vestras

282 3725 547 3794 injiciunt.
590 3724 667 3778 Ac
687 3723 826 3793 quod
848 3722 1102 3777 barbarus
1121 3721 1209 3776 ille
1225 3721 1647 3776 comminabatur
1661 3718 1875 3775 dicens:

282 3817 565 3871 Contcdetis
589 3826 777 3870 stercus
816 3824 1049 3879 vestrum,
1081 3824 1183 3869 etc.
1218 3813 1237 3885 (
1268 3812 1394 3866 Isai.
1424 3811 1510 3867 ⁵56.
1540 3811 1644 3881 12)
1677 3829 1689 3866 :
1716 3811 1793 3866 sic
1822 3819 1876 3865 et

282 3911 368 3963 isti
398 3925 504 3964 non
532 3909 716 3973 verbo,
748 3908 842 3962 Sed
868 3907 1118 3977 operibus
1146 3921 1210 3961 eo
1235 3920 1330 3959 vos
1354 3904 1639 3967 deducunt,
1671 3912 1729 3957 ut
1758 3902 1874 3956 lucc

280 4000 625 4065 sustineatis;
658 4000 765 4053 imo
790 4006 841 4053 et
875 3999 1028 4067 longe
1054 3997 1283 4066 gravius.
1315 3995 1521 4050 Etenim
1552 3994 1641 4048 illa
1667 3993 1872 4048 cantica

282 4092 365 4146 his
407 4092 567 4160 longe
609 4088 830 4145 fmdiora
862 4096 988 4142 sunt
1030 4106 1043 4141 :
1088 4087 1333 4157 quodque
1361 4087 1594 4141 deterius
1619 4092 1730 4149 est,
1767 4098 1874 4139 non

282 4182 443 4237 modo
467 4181 583 4235 haec
612 4180 834 4234 moleste
868 4193 971 4232 non
1005 4178 1181 4243 fertis,
1212 4177 1307 4231 sed
1333 4177 1491 4231 etiam
1520 4174 1722 4240 ridetis,
1752 4189 1871 4229 cum

282 4283 557 4345 oporteret
582 4273 848 4329 exsecrari
881 4285 942 4326 ac
976 4269 1176 4340 fugere.
1208 4269 1358 4337 Quod
1392 4269 1435 4323 si
1458 4268 1572 4323 haec
1600 4266 1875 4321 abomina-

282 4366 408 4423 bilia
436 4381 551 4420 non.
570 4373 713 4428 sunt,
743 4361 1004 4418 descende
1037 4363 1086 4415 i‘n
1115 4361 1461 4425 orchestram,
1496 4359 1703 4413 imitare
1733 4356 1873 4426 quod

282 4458 500 4523 laudas;
548 4457 656 4513 imo
681 4456 764 4510 adi
796 4471 914 4509 eum
938 4455 1026 4524 qui
1055 4454 1194 4508 hunc
1222 4453 1384 4507 risum
1412 4452 1625 4507 excitat.
1676 4451 1871 4506 Verum

283 4551 334 4606 id
365 4563 653 4619 numquam
680 4546 853 4602 facere
880 4548 1042 4601 ausis.
1074 4546 1179 4601 Cur
1203 4561 1330 4615 ergo
1357 4545 1431 4599 illi
1460 4553 1659 4599 tantum
1689 4542 1874 4598 tribuis

286 4646 543 4695 honorem
567 4640 591 4693 ἲ
614 4639 773 4708 Atqui
804 4638 1111 4693 Graecorum
1146 4636 1288 4707 leges
1314 4635 1612 4704 descriptae,
1646 4635 1762 4689 illos
1789 4634 1873 4689 in-

282 4734 454 4787 fames
482 4731 667 4786 haberi
697 4730 882 4784 volunt
914 4748 926 4783 :
955 4737 1010 4783 tu
1050 4742 1179 4784 vero
1221 4728 1339 4783 illos
1370 4743 1490 4782 cum
1523 4734 1630 4781 tota
1660 4726 1873 4781 civitate

280 4825 477 4893 recipis
498 4864 513 4889 ,
560 4823 711 4893 quasi
739 4821 939 4891 legatos
966 4822 981 4851 ¹
1013 4830 1064 4874 et
1091 4819 1256 4874 duces
1275 4861 1288 4884 ,
1322 4832 1612 4887 omnesque
1640 4832 1831 4873 evocas
1854 4859 1869 4883 ,

284 4928 341 4970 ut
388 4917 571 4968 fimum
615 4915 667 4968 in
707 4913 924 4967 auribus
966 4911 1246 4981 accipiant.
1310 4911 1388 4965 Ac
1430 4922 1616 4964 servus
1659 4908 1871 4978 quidem

284 5021 424 5074 tuus,
455 5010 499 5063 si
532 5007 657 5078 quid
687 5016 838 5075 turpe
857 5047 871 5070 ,
904 5015 955 5059 te
984 5004 1262 5068 audiente,
1293 5003 1556 5074 loquatur,
1587 5002 1730 5056 mille
1756 5001 1872 5071 pla-

281 5116 376 5171 gas
403 5101 632 5169 accipit;
662 5107 715 5152 ct
740 5100 782 5152 si
818 5098 954 5151 filius
974 5139 987 5161 ,
1017 5097 1059 5150 si
1091 5111 1242 5162 uxor,
1269 5095 1314 5149 si
1345 5094 1584 5165 quisquis
1607 5094 1744 5148 alius
1773 5092 1873 5147 hoc

284 5195 479 5258 faciat,
509 5206 622 5246 rem
663 5190 805 5244 illam
837 5203 994 5243 vocas
1023 5187 1397 5242 contumeliam
1430 5203 1441 5237 :
1470 5186 1514 5240 si
1547 5199 1672 5239 vero
1702 5182 1874 5237 homi-

282 5300 379 5341 nes
411 5283 734 5338 verherones
767 5290 815 5335 et
856 5280 1045 5350 ahjecti
1088 5288 1137 5333 te
1162 5287 1392 5345 vocent,
1426 5286 1481 5330 ut
1514 5276 1681 5343 turpia
1713 5274 1871 5329 verba

283 5377 490 5443 audias,
525 5390 631 5429 non
663 5372 822 5427 modo
851 5388 955 5426 non
985 5371 1295 5441 indignaris,
1326 5369 1419 5424 sed
1445 5370 1603 5423 etiam
1633 5366 1829 5437 gaudes
1853 5409 1868 5433 ,

286 5468 488 5521 laudas.
520 5464 723 5535 Ecquid
750 5464 875 5519 huic
901 5464 1180 5518 dementia:
1204 5478 1299 5530 par
1321 5460 1548 5515 fuerit”?
1571 5458 1676 5512 Sed
1701 5457 1872 5528 turpia

287 5556 656 5629 hujuscemodi
701 5571 807 5611 nun
851 5556 1119 5625 loqueris?
1164 5552 1364 5622 quuid
1407 5552 1528 5605 hinc
1557 5550 1689 5603 lucri
1709 5551 1732 5602 ’ἒ
1761 5549 1871 5603 lmo

349 5696 363 5725 ι
400 5692 617 5755 Quidam,
640 5689 778 5755 quasi
801 5688 1114 5755 consiliarios:
1228 5748 1238 5755 ,
1385 5746 1412 5755 Α,
1528 5747 1535 5753 ,
1627 5747 1644 5755 -
1733 5745 1741 5754 .

346 5755 370 5785 ⁸
401 5745 621 5809 Sozmulli
641 5745 827 5803 habent
852 5766 862 5802 :
890 5750 1071 5814 Ecquid
1092 5749 1181 5800 hac
1206 5746 1442 5799 dementia
1457 5747 1593 5810 pejus
1614 5745 1759 5806 fuerit
1782 5745 1806 5795 Ρ

1123 295 1188 350 IN
1228 295 1632 352 MATTil/EUM
1672 294 1899 351 HOMIL.
1940 293 2207 350 XXXVII.
2248 300 2318 352 al.
2362 298 2649 355 XXXVIII.

3479 314 3590 368 5‘26

1990 398 2126 462 vero
2147 408 2285 467 unde
2306 409 2504 481 liqueat
2526 421 2576 467 te
2598 427 2702 468 non
2724 416 2903 485 loqui?
2925 417 2979 473 Si
3002 419 3142 474 enim
3166 420 3278 478 haec
3298 440 3584 496 numquam

1995 496 2301 566 proferres,
2338 516 2441 556 non
2483 502 2689 559 rideres
2730 506 2953 561 audiens
2976 549 2992 575 ,
3025 526 3197 581 neque
3237 523 3384 570 tanto
3409 518 3585 571 studio

1994 604 2241 645 curreres
2267 591 2334 646 ad
2364 607 2547 648 vocem
2577 611 2696 665 quae
2724 606 2774 650 te
2799 597 3064 655 dedecore
3087 602 3269 658 afficit.
3319 607 3411 661 Die
3440 609 3580 663 enim

1996 680 2124 735 mihi
2152 722 2166 746 ,
2193 682 2465 752 gaudesne
2493 686 2714 741 audiens
2754 687 3153 759 blasphemiae?
3181 708 3355 749 annon
3383 698 3579 751 exhoro

1994 773 2179 839 reseis,
2204 781 2259 828 et
2281 790 2438 830 aures
2461 776 2739 833 obstruis?
2770 781 2880 850 Ego
2905 791 3051 838 certe
3072 784 3123 837 id
3146 794 3292 853 puto.
3315 786 3424 841 Cur
3446 787 3582 843 hoc?

1991 860 2122 928 Quia
2163 870 2219 919 tu
2259 880 2543 936 numquam
2581 869 2940 939 blasphemas.
2986 873 3215 943 ldipsum
3248 876 3406 932 facito
3438 880 3580 935 circa

1992 956 2163 1025 turpia
2192 956 2286 1011 illa
2317 960 2499 1014 verba.
2548 962 2616 1016 Et
2643 963 2687 1017 si
2712 963 2789 1017 vis
2818 965 2974 1020 nobis
3001 965 3143 1022 clare
3172 966 3575 1037 demonstrare»,

1991 1055 2045 1101 te
2067 1062 2169 1102 non
2193 1051 2428 1120 gaudere
2449 1053 2573 1107 dum
2598 1056 2767 1127 turpia
2788 1056 3054 1121 dicuntur,
3078 1076 3146 1115 ne
3165 1062 3347 1116 auditu
3365 1064 3577 1132 quidem

1992 1137 2079 1192 illa
2105 1140 2262 1195 feras.
2298 1144 2643 1208 Quandonam
2672 1149 2871 1216 probus
2896 1150 2975 1203 vir
2998 1166 3118 1207 esse
3147 1154 3364 1221 poteris,
3398 1156 3451 1210 in
3481 1156 3579 1212 hu-

1985 1230 2226 1298 jusmodi'
2247 1237 2486 1305 turpibus
2514 1240 2791 1295 audiendis
2812 1243 3109 1299 enutritus?
3132 1248 3468 1315 quandonam
3490 1266 3579 1305 ca-

1990 1325 2186 1381 SIitatis
2216 1328 2439 1384 sudores
2478 1330 2618 1385 ferre
2660 1333 2859 1401 poteris
2882 1375 2896 1399 ,
2926 1335 3005 1389 sic
3043 1338 3292 1405 paulatim
3328 1339 3576 1397 diffluens

1988 1430 2052 1471 ex
2096 1417 2205 1473 risu
2230 1462 2244 1487 ,
2277 1422 2518 1477 cantibus
2541 1464 2556 1489 ,
2590 1433 2643 1477 et
2692 1426 2867 1480 verbis
2894 1426 3200 1484 obscoenis?
3239 1431 3373 1487 Nam
3416 1435 3459 1488 si
3488 1436 3574 1489 vix

1987 1509 2163 1563 anima
2188 1550 2201 1573 ,
2235 1527 2353 1580 qua:
2377 1512 2445 1567 ab
2474 1513 2831 1571 hisomuibus
2853 1532 2915 1572 se
2945 1534 3128 1586 puram
3155 1534 3369 1587 servat,
3402 1533 3576 1592 potest

1989 1613 2108 1655 esse
2134 1600 2355 1657 honesta
2385 1614 2436 1658 et
2467 1615 2631 1671 casta,
2659 1615 2857 1676 quanto
2879 1609 3053 1663 minus
3080 1612 3273 1679 poterit
3300 1628 3421 1683 quae
3461 1614 3575 1670 lucc

1986 1692 2170 1747 audire
2194 1694 2368 1748 solet?
2396 1699 2476 1748 An
2504 1697 2737 1762 nescitis,
2771 1713 2867 1753 nos
2886 1699 2953 1753 ad
2986 1702 3272 1770 nequitiam
3297 1705 3575 1773 proniores

1986 1786 2144 1841 esse?
2166 1786 2302 1842 Cum
2327 1796 2503 1843 autem
2533 1789 2647 1845 haec
2674 1791 2727 1844 in
2754 1800 2924 1846 artem
2947 1802 2999 1847 et
3022 1799 3155 1863 opus
3176 1807 3570 1860 convertamus,

1985 1878 2255 1946 quomodo
2297 1879 2565 1935 fornacem
2614 1882 2758 1935 illam
2802 1882 3035 1953 effugere
3081 1887 3412 1953 poterimus?
3456 1889 3571 1943 Non

1985 1969 2175 2024 audisti
2198 1970 2322 2040 quid
2347 1971 2475 2026 dicit
2496 1972 2710 2041 Paulus,
2744 1972 2972 2029 Gaudete
2994 1976 3044 2029 in
3070 1974 3285 2033 Domino
3313 1977 3568 2049 (Philipp.

1985 2061 2038 2113 4.
2066 2061 2099 2115 4
2119 2061 2178 2131 )?
2201 2061 2316 2116 Non
2344 2062 2497 2132 dixit,
2532 2063 2588 2118 ln
2617 2064 2849 2121 diabolo.
2936 2124 2941 2127 μ

2058 2153 2106 2207 6.
2147 2152 2481 2209 Tlteatrorunt
2508 2159 2798 2228 spectacula
2831 2175 2982 2231 quam
3010 2161 3255 2216 damnosa
3291 2173 3342 2217 et
3381 2165 3567 2235 turpia.

1984 2243 2298 2310 —-—Quando
2325 2247 2484 2316 igitur
2506 2248 2691 2303 audire
2721 2250 2937 2304 Paulum
2979 2252 3213 2321 poteris?
3257 2252 3482 2319 Quando
3520 2257 3571 2309 in

1984 2349 2197 2389 sensum
2240 2338 2423 2392 venire
2475 2347 2813 2408 peccatorum
2840 2380 2854 2407 ,
2896 2342 2983 2411 qui
3033 2358 3100 2396 ex
3141 2346 3443 2412 spectaculo
3481 2346 3573 2401 illo

1984 2425 2163 2492 ebrius
2189 2444 2403 2498 semper
2426 2430 2530 2484 es?
2577 2430 2726 2497 Quod
2756 2432 2896 2487 enim
2927 2433 3030 2487 huc
3059 2437 3301 2503 veneris,
3340 2452 3448 2492 non
3475 2440 3573 2491 mi-

1983 2534 2102 2572 rum
2145 2536 2243 2575 nec
2287 2537 2535 2591 magnum
2574 2533 2689 2588 est;
2739 2525 2846 2579 imo
2883 2526 3060 2594 potius
3089 2527 3285 2582 mirum
3311 2538 3411 2583 est.
3457 2529 3571 2585 lluc

1983 2611 2124 2664 enim
2160 2619 2213 2666 et
2253 2613 2489 2681 segniter
2527 2623 2581 2668 et
2619 2615 2980 2684 perfunctorie
3013 2619 3197 2684 venis;
3237 2619 3364 2677 illuc
3390 2630 3567 2677 autem

1982 2717 2177 2773 magno
2215 2704 2393 2760 studio
2421 2715 2476 2760 et
2512 2707 2690 2761 animo
2721 2710 2973 2763 accurris.
3007 2710 3167 2780 quue
3194 2713 3363 2781 palam
3395 2723 3477 2769 est
3504 2731 3567 2771 ex

1982 2792 2047 2847 iis
2075 2809 2195 2864 qua:
2223 2794 2439 2850 domum
2461 2797 2631 2853 refers
2652 2840 2667 2863 ,
2695 2815 2814 2853 cum
2844 2800 2968 2855 inde
2992 2802 3220 2857 recedis.
3249 2805 3456 2859 Etenim
3484 2806 3567 2861 lu-

1982 2892 2091 2937 tum
2122 2884 2275 2939 vobis
2313 2886 2422 2941 illic
2463 2886 2693 2943 infusum
2726 2905 2822 2958 per
2852 2891 3014 2945 verba
3040 2933 3054 2957 ,
3084 2893 3287 2949 cantica
3314 2937 3329 2961 ,
3358 2896 3521 2950 risum
3552 2940 3566 2960 ,

1982 2977 2172 3046 singuli
2194 2978 2411 3033 domum
2432 2982 2745 3049 reportatis;
2770 2983 2874 3036 imo
2900 2999 3003 3038 non
3032 2985 3084 3039 in
3104 2985 3319 3041 domum
3344 2996 3566 3053 tantum,

1981 3068 2075 3123 sed
2102 3070 2155 3123 in
2185 3080 2417 3126 mentem
2449 3082 2682 3128 vestram
2709 3074 2958 3130 inducitis
2987 3094 3000 3130 :
3029 3086 3083 3131 et
3108 3077 3177 3132 ab
3202 3079 3267 3132 iis
3295 3094 3414 3148 qua:
3437 3079 3569 3137 abo-

1956 3162 2273 3217 rminatione
2316 3162 2475 3234 digna
2520 3179 2624 3219 non
2667 3174 2829 3233 sunt,
2874 3169 3168 3235 averteris;
3216 3169 3567 3226 abominanda

1979 3268 2109 3307 vero
2135 3267 2240 3307 non
2273 3253 2396 3308 odio
2423 3254 2605 3322 habes,
2639 3257 2747 3311 imo
2767 3256 2964 3329 diligis.
2997 3258 3141 3314 Multi
3163 3269 3309 3316 certe
3337 3276 3367 3315 a
3396 3264 3570 3332 sepul-

1979 3344 2083 3397 cris
2124 3342 2405 3399 redeuntes
2443 3359 2564 3400 sese
2601 3346 2859 3413 abluunt;
2889 3363 2919 3401 a
2950 3348 3172 3406 theatris
3205 3365 3332 3406 vero
3369 3355 3566 3408 reversi

1981 3450 2086 3489 non
2109 3443 2347 3504 gemunt,
2369 3451 2474 3493 non
2497 3438 2847 3509 lacrymarum
2871 3439 3044 3497 fontes
3065 3441 3372 3511 effundunt;
3392 3460 3569 3516 quam-

1979 3543 2139 3598 quam
2185 3536 2430 3584 mortuus
2475 3545 2581 3584 non
2626 3531 2695 3585 sit
2737 3530 3084 3588 immundus:
3124 3544 3399 3605 peccatum
3440 3552 3568 3593 vero

1980 3631 2181 3680 tantam
2212 3622 2477 3677 maculam
2504 3632 2782 3693 aspergat,
2809 3633 2867 3679 ut
2895 3640 2963 3681 ne
2990 3626 3140 3682 mille
3167 3624 3381 3698 quidem
3409 3610 3568 3687 fonti¥

1980 3710 2079 3767 bus
2108 3714 2276 3783 possit
2296 3713 2463 3779 ablui,
2491 3714 2586 3769 sed
2613 3715 2742 3770 solis
2770 3715 3021 3786 lacrymis
3042 3725 3097 3772 et
3120 3718 3564 3777 confessionibus.

1978 3802 2082 3860 Sed
2113 3820 2271 3859 nemo
2298 3807 2558 3860 maculam
2586 3805 2951 3876 hujuscemodi
2978 3810 3156 3865 sentit.
3185 3810 3316 3878 Quia
3343 3813 3485 3867 enim
3504 3826 3567 3869 ea

1979 3911 2097 3965 quae
2130 3896 2361 3952 timenda
2390 3906 2570 3953 essent
2594 3914 2701 3952 non
2736 3898 2985 3954 timemus
3009 3940 3023 3965 ,
3052 3915 3114 3955 ea
3139 3942 3156 3970 ,
3188 3917 3305 3971 qua:
3336 3902 3567 3959 timenda

1980 4005 2085 4045 non
2112 3998 2274 4057 sunt,
2304 3990 2610 4046 metuimus.
2645 3991 2775 4059 Quis
2800 4000 2978 4048 autem
3012 3993 3099 4047 ille
3129 3995 3420 4064 strepitus?
3448 3996 3567 4067 quis

1978 4083 2260 4151 tumultus,
2287 4082 2375 4153 qui
2402 4084 2623 4138 satanici
2655 4084 2921 4139 clamores
2968 4092 3023 4140 et
3051 4084 3296 4141 diabolici
3323 4085 3570 4144 habitus?

1979 4175 2128 4229 Alius
2148 4174 2359 4244 juvenis
2380 4190 2502 4230 cum
2530 4175 2634 4241 sit,
2668 4191 2874 4231 comam
2904 4184 3046 4230 retro
3069 4175 3341 4231 reductam
3368 4177 3529 4239 habet
3550 4220 3565 4244 ,

1979 4273 2034 4319 et
2077 4274 2319 4319 naturam
2358 4266 2527 4335 ipsam
2564 4267 2838 4321 effeminat
2873 4276 3088 4335 aspectu
3112 4307 3129 4332 ,
3160 4267 3339 4323 habitu
3364 4308 3379 4332 ,
3409 4269 3570 4324 vesti-

1979 4344 2175 4411 mentis
2193 4398 2208 4422 ,
2238 4357 2454 4411 demum
2482 4358 2727 4412 omnibus
2746 4398 2760 4422 ,
2792 4357 3126 4427 formamque
3152 4366 3352 4414 tenerae
3380 4359 3569 4428 puellae

1980 4449 2212 4505 affectat.
2260 4451 2409 4504 Alius
2443 4465 2570 4505 vero
2597 4450 2858 4520 quispiam
2894 4465 3059 4505 senex
3083 4492 3098 4514 ,
3125 4465 3163 4506 θ
3184 4450 3453 4505 contrario
3483 4465 3572 4506 ca-

1980 4542 2120 4613 pillis
2150 4543 2401 4597 novacula
2430 4542 2657 4609 abrasis,
2687 4541 2904 4597 renibus
2936 4541 3256 4606 succinctus,
3286 4551 3565 4612 postquam

1981 4634 2236 4705 pudorem
2280 4645 2402 4689 ante
2445 4635 2667 4705 capillos
2705 4634 2951 4699 succidit,
2984 4643 3089 4689 stat
3118 4634 3182 4689 ad
3223 4634 3402 4704 alapas
3429 4637 3575 4713 acci,

1981 4728 2202 4798 piendas
2241 4736 2295 4784 et
2344 4727 2409 4782 ad
2452 4728 2628 4783 omnia
2667 4727 2887 4783 dicenda
2938 4726 3285 4797 faciendaquc
3329 4720 3572 4813 paratus;

1980 4819 2226 4875 Mulieres
2268 4829 2443 4874 autem
2488 4819 2633 4874 nudo
2673 4819 2883 4888 capite,
2925 4819 3071 4873 omni
3118 4819 3285 4873 misso
3324 4817 3523 4873 rubore
3562 4817 3579 4885 ς

1980 4920 2121 4967 stant
2144 4913 2393 4982 populum
2416 4911 2773 4982 alloqucntes,-
2792 4919 2994 4965 tantum
3017 4910 3262 4965 videlicet
3284 4908 3565 4977 impuden-

1984 5005 2070 5058 tiae
2099 5004 2333 5059 studium
2365 5003 2621 5058 habentes
2641 5043 2657 5069 ,
2685 5017 3004 5071 omnemque
3034 4999 3374 5070 petulantiam
3403 5008 3457 5054 et
3479 5000 3563 5053 la-

1981 5094 2203 5149 sciviam
2228 5095 2278 5148 in
2304 5094 2604 5148 auditorum
2632 5093 2837 5147 animos
2861 5090 3213 5146 infundentes.
3245 5088 3376 5144 lllud
3399 5106 3560 5144 unum

1981 5186 2213 5241 studium
2243 5184 2460 5249 habent,
2492 5193 2547 5238 ut
2575 5185 2870 5239 castitatem
2898 5195 3111 5237 omnem
3141 5181 3392 5236 radicitus
3421 5183 3566 5237 evel-

1981 5279 2113 5345 lant,
2145 5289 2387 5334 naturam
2414 5277 2719 5345 deturpent,
2752 5275 2873 5329 mali
2900 5274 3157 5329 daemonis
3186 5276 3568 5344 concupiscen~

1981 5373 2107 5426 tiam
2156 5368 2430 5440 expleant.
2485 5368 2615 5422 Nam
2667 5368 2754 5421 hic
2794 5367 2955 5419 verba
3004 5366 3253 5425 obscmna
3283 5408 3298 5429 .
3355 5366 3567 5424 habitus

1978 5463 2185 5518 ridiculi
2212 5505 2226 5530 ,
2269 5472 2483 5517 tonsura
2524 5461 2751 5527 similis,
2795 5461 3033 5514 incessus
3057 5500 3071 5523 ,
3114 5469 3336 5515 vesntus
3360 5503 3373 5527 ,
3422 5477 3520 5515 vox
3548 5502 3564 5525 ,

1980 5554 2342 5608 membrorum
2370 5553 2639 5617 mollities,
2670 5552 2944 5607 oculorum
2977 5553 3323 5619 inversioncs,
3353 5552 3562 5615 fistulzc,

1980 5644 2139 5710 tibim,
2168 5645 2405 5699 dramata
2426 5686 2442 5710 ,
2474 5653 2805 5713 argumenta,
2839 5644 3121 5714 omniaque
3149 5645 3361 5699 demum
3388 5654 3565 5702 extre-

1980 5752 2079 5791 mae
2112 5736 2338 5792 lasciviae
2364 5737 2513 5807 plena
2546 5747 2685 5792 sunt.
2718 5734 3063 5805 Quandonam
3086 5778 3100 5800 ,
3132 5753 3340 5806 qumso,
3375 5737 3565 5804 rcsipi~
