3900 6194
411 238 515 294 427

406 370 562 423 sees,
586 370 710 411 cum
741 364 943 411 tantum
977 354 1067 411 tibi
1095 354 1457 411 fornicationis
1479 355 1726 425 poculum
1756 352 1999 408 infundat

407 447 652 507 diabolus
670 486 684 513 ,
710 455 892 516 totque
919 447 1343 516 intemperantia:
1366 448 1562 502 calices
1586 445 1840 500 misceat?
1865 443 1997 499 Nam

406 540 517 593 illic
562 538 981 605 fornicationes,
1025 538 1322 604 adulteria,
1366 540 1618 594 mulieres
1661 538 1991 607 prostitutae,

409 632 512 687 viri
540 631 818 705 muliebria
848 631 1115 700 patientes
1134 671 1149 696 ,
1178 630 1405 700 iuvenes
1432 630 1623 685 molles
1647 667 1661 693 ,
1694 628 1869 682 omnia
1896 627 1997 680 ini-

403 726 607 795 qnitate
656 708 813 793 plena
838 764 856 789 ,
895 724 1218 793 portentosis
1262 722 1422 777 rebus
1459 735 1523 778 ac
1561 719 1833 790 prodigiis.
1876 718 1992 773 Non

404 832 534 886 ergo
559 816 627 871 de
658 816 961 885 huiusmodi
1002 815 1161 870 rebus
1196 815 1374 870 ridere
1410 814 1657 869 sedentes
1681 820 1989 881 oporteret,

402 909 499 964 sed
528 910 811 980 lacrymari
836 919 891 964 et
920 908 1289 977 ingemiscere.
1318 907 1454 976 Quid
1483 907 1676 977 igitur?
1703 920 1771 962 an
1798 905 1993 962 orche-

402 1012 568 1058 stram
594 1002 923 1065 claudemus,
951 1002 1177 1071 inquies,
1203 1008 1258 1055 et
1278 1000 1431 1068 jussu
1453 1008 1547 1054 tuo
1570 999 1748 1053 omnia
1774 996 1995 1052 subver-

402 1094 622 1151 teutur?
666 1093 817 1149 Nunc
842 1101 990 1148 certe
1018 1092 1195 1147 omnia
1226 1092 1481 1147 subversa
1520 1090 1663 1144 sunt.
1712 1088 1989 1145 Undenam

401 1187 439 1242 ii
481 1187 572 1256 qni
614 1186 811 1256 nuptiis
841 1185 1061 1241 insidias
1101 1184 1329 1254 parant?
1361 1197 1536 1238 nonne
1565 1182 1632 1237 ab
1660 1181 1760 1237 hac
1788 1180 1991 1235 scena?

402 1279 555 1335 Unde
597 1280 631 1334 li
662 1278 754 1349 qui
791 1279 1052 1333 thalamos
1092 1276 1386 1332 etl‘odiunt?
1416 1289 1596 1330 nonne
1622 1272 1691 1328 ab
1714 1272 1989 1328 orchestra

398 1374 531 1433 illa?
565 1387 745 1428 nonne
788 1372 912 1426 hinc
946 1370 1045 1425 viri
1084 1369 1338 1424 uxoribus
1374 1377 1498 1422 sunt
1527 1365 1781 1421 molesti?
1813 1378 1990 1419 nonne

399 1465 525 1519 hinc
550 1480 579 1518 a
608 1462 739 1518 viris
764 1477 960 1517 uxores
988 1458 1399 1531 despiciuntur?
1427 1473 1603 1513 nonne
1633 1457 1757 1511 hinc
1792 1454 1986 1510 moechi

396 1555 659 1627 plurimi?
689 1554 873 1624 Itaque
910 1553 1005 1627 qui
1046 1552 1225 1607 omnia
1266 1550 1561 1614 subvertit,
1604 1548 1649 1602 is
1691 1546 1889 1615 estqui
1920 1544 1987 1599 ad

397 1647 666 1703 theatrum
695 1646 902 1716 pergit,
932 1644 1129 1715 quique
1152 1656 1367 1712 gravem
1398 1638 1731 1712 tyrannidem
1764 1635 1983 1691 inducit.

396 1740 763 1811 Nequaquam,
794 1738 1023 1808 inquies,
1050 1735 1144 1792 sed
1172 1736 1222 1791 id
1250 1737 1392 1791 bono
1420 1734 1595 1804 legum
1623 1731 1810 1787 ordine
1835 1730 1985 1784 insti-

397 1842 568 1888 tutum
593 1840 695 1889 est.
722 1830 855 1886 Nam
876 1829 1127 1884 mulieres
1147 1828 1412 1897 abripere,
1438 1838 1631 1895 pueros
1648 1819 1986 1878 contumeliis

396 1925 651 1983 adhibere
669 1965 685 1991 ,
717 1924 907 1980 domos
935 1931 1177 1979 evertere
1196 1962 1213 1987 ,
1246 1920 1362 1975 haec
1389 1922 1455 1975 ad
1484 1918 1604 1973 illos
1629 1926 1871 1987 spectant
1895 1914 1985 1985 qui

395 2033 547 2073 arces
588 2025 869 2085 occupant.
920 2014 988 2068 Et
1030 2014 1149 2083 quis
1190 2010 1469 2075 mtechus,
1500 2010 1747 2078 inquies,
1786 2023 1850 2062 ex
1902 2006 1986 2060 his

395 2108 715 2180 spectaculis
758 2106 926 2161 factus
967 2104 1092 2160 est?
1140 2103 1253 2158 lmo
1289 2103 1407 2172 quis
1451 2116 1555 2156 non
1598 2098 1881 2156 moechus?
1927 2098 1985 2155 Si

394 2202 583 2261 liceret
621 2198 934 2253 nominatim
968 2194 1160 2251 efferre
1182 2235 1197 2259 ,
1227 2193 1408 2249 dicere
1454 2192 1652 2263 possim
1684 2200 1815 2261 quot
1840 2190 1984 2245 viros

396 2291 512 2346 haec
543 2290 612 2345 ab
637 2289 889 2344 uxoribus
921 2286 1305 2358 sequestrarint
1327 2327 1343 2353 ,
1370 2295 1425 2341 et
1448 2294 1579 2355 quot
1604 2284 1843 2353 captivos
1871 2296 1985 2338 me—

392 2382 617 2437 retrices
647 2380 752 2435 illae
780 2379 1052 2449 ceperint,
1080 2392 1307 2448 quorum
1337 2377 1467 2432 alios
1495 2392 1527 2432 a
1556 2376 1817 2447 coniugali
1844 2376 1982 2431 lecto

391 2474 747 2537 abduxerunt,
769 2470 903 2525 alios
925 2485 993 2524 ne
1015 2482 1210 2524 uxores
1230 2468 1488 2525 ducerent
1508 2467 1819 2522 effecerunt.
1843 2466 1978 2535 Quid

390 2567 593 2639 igitur?
635 2581 818 2638 quaeso
845 2582 858 2619 :
891 2566 1104 2637 legesne
1129 2579 1317 2620 omnes
1342 2563 1687 2620 evertemus?
1729 2562 1980 2629 Quinimo

392 2660 614 2719 theatris
629 2659 831 2713 eversis
849 2659 1025 2727 legum
1044 2656 1494 2728 transgressiones
1510 2655 1822 2710 evertimus.
1844 2654 1978 2710 Nam

389 2751 479 2822 qui
516 2751 761 2804 civitates
800 2749 1143 2819 pessumdant
1166 2788 1181 2814 ,
1218 2763 1286 2803 ex
1326 2748 1517 2803 borum
1549 2762 1775 2803 numero
1803 2757 1929 2804 sunt
1960 2766 1974 2803 :

389 2844 519 2903 hinc
543 2845 833 2900 seditiones
859 2851 914 2899 et
938 2843 1386 2913 perturbationes.
1427 2843 1559 2898 Nam
1587 2844 1675 2913 qui
1708 2843 1760 2898 in
1786 2844 1872 2899 his
1896 2844 1977 2898 lu-

387 2935 472 2994 dis
513 2935 757 3001 aluntur,
789 2936 986 3005 quique
1028 2950 1214 2990 vocem
1259 2936 1459 2990 ventris
1496 2950 1653 2990 causa
1698 2936 1973 3001 vendunt,

386 3040 614 3098 quorum
631 3041 766 3096 opus
782 3025 1121 3096 ofﬁciumque
1136 3033 1219 3081 est
1236 3026 1486 3092 clamare,
1505 3037 1556 3081 et
1572 3026 1780 3096 quidvis
1795 3027 1976 3082 absur-

384 3119 515 3179 dum
544 3118 751 3185 facere;
784 3118 837 3172 hi
868 3119 1097 3174 maxime
1133 3127 1259 3175 sunt
1290 3120 1379 3189 qui
1409 3119 1631 3189 populos
1657 3120 1928 3175 concitant
1953 3162 1971 3188 ,

382 3211 476 3281 qui
501 3211 756 3265 tumultus
778 3210 829 3263 in
854 3210 1070 3264 urbibus
1095 3208 1313 3268 faciunt.
1334 3210 1595 3265 Iuventus
1616 3211 1757 3265 enim
1776 3211 1968 3280 otiosa,

382 3304 437 3363 in
466 3302 614 3357 hisce
638 3302 794 3363 malis
822 3301 1066 3368 educata,
1097 3301 1207 3355 fera
1232 3302 1417 3371 quavis
1442 3303 1618 3356 acrior
1644 3301 1896 3357 efﬁcitur.

452 3396 507 3448 7.
549 3393 827 3449 Undenam
851 3434 867 3457 ,
898 3404 1080 3460 quaso
1104 3433 1119 3459 ,
1145 3393 1601 3463 praestigiatores?
1634 3408 1814 3469 nonne
1845 3393 1970 3450 inde

381 3485 820 3561 proﬁciscuntur,
849 3492 908 3539 ut
935 3484 1187 3554 populum
1216 3493 1492 3540 vacantem
1521 3494 1722 3541 temere
1751 3484 1966 3540 inflam—

376 3586 548 3643 ment,
583 3574 740 3646 idque
766 3575 960 3630 faciant
989 3583 1048 3629 ut
1072 3591 1141 3630 ex
1171 3575 1481 3631 tumultibus
1508 3577 1789 3632 saltatores
1812 3576 1966 3633 bonis

376 3670 642 3735 fruantur,
672 3677 729 3722 et
766 3666 1080 3722 meretrices
1112 3665 1353 3721 honestis
1392 3667 1704 3723 mulieribus
1732 3668 1963 3739 impedi-

375 3769 561 3820 mento
590 3759 735 3815 sint?
764 3758 820 3814 In
864 3768 1070 3813 tantum
1096 3760 1239 3814 enim
1278 3759 1523 3815 maleﬁcii
1562 3775 1732 3830 genus
1773 3776 1964 3831 perve-

375 3854 547 3918 niunt,
568 3861 625 3907 ut
646 3860 975 3907 mortuorum
995 3866 1116 3907 ossa
1135 3866 1352 3907 movere
1372 3868 1478 3907 non
1492 3852 1754 3909 dubitent.
1774 3854 1961 3911 Nonne

376 3958 492 4005 tunc
517 3944 641 4001 inde
672 3945 791 3999 ideo
811 3945 1076 4011 oriuntur,
1098 3944 1239 4015 quod
1265 3945 1331 3999 ad
1356 3945 1501 4000 illum
1519 3945 1716 4001 diaboli
1735 3947 1959 4003 chorum

372 4046 616 4107 sumptus
633 4038 940 4092 innumeros
960 4050 1275 4091 consumere
1294 4039 1587 4108 cogantur?
1605 4039 1842 4094 Lascivia
1865 4056 1958 4094 auo

372 4134 481 4183 tem
513 4126 671 4193 unde,
700 4140 909 4208 necnon
940 4126 1076 4181 mala
1102 4128 1419 4182 innumera?
1445 4127 1629 4184 Viden’
1653 4138 1704 4185 te
1726 4143 1847 4186 esse
1864 4132 1955 4201 qui

368 4220 529 4275 vitam
557 4219 840 4274 lmmanam
870 4220 1068 4275 evertis
1086 4258 1103 4285 ,
1128 4218 1255 4275 dum
1280 4220 1345 4274 ad
1373 4220 1487 4277 haec
1512 4222 1814 4292 pertrahis?
1844 4224 1956 4295 Ego

367 4325 498 4367 vero
522 4324 637 4365 rem
663 4310 1044 4365 destruendam
1075 4324 1297 4367 censeo.
1319 4312 1587 4369 Tollamus
1611 4328 1740 4385 ergo
1762 4316 1954 4372 orche-

366 4408 552 4467 stram,
582 4400 805 4471 inquies.
830 4401 1044 4457 Utinam
1066 4402 1181 4458 tolli
1203 4413 1417 4473 posset;
1443 4405 1548 4460 imo
1576 4421 1727 4475 vero,
1760 4408 1805 4462 si
1831 4409 1950 4464 vul-

365 4493 435 4547 tis
458 4535 473 4560 ,
506 4494 645 4563 quod
676 4493 742 4547 ad
773 4502 1007 4548 nostram
1037 4504 1243 4565 partem
1271 4498 1460 4553 attinet
1479 4541 1495 4565 ,
1528 4499 1636 4568 iam
1665 4501 1870 4557 sublata
1895 4512 1950 4558 et

363 4584 619 4640 subversa
646 4590 747 4638 est.
779 4585 1027 4641 Attamen
1056 4601 1164 4641 non
1192 4587 1292 4641 hoc
1316 4588 1498 4657 iubeo.
1530 4589 1769 4648 Stantem
1802 4592 1947 4649 illam

361 4689 467 4729 non
512 4674 898 4743 frequentatam
942 4675 1188 4743 reddite,
1230 4693 1350 4747 quae
1395 4679 1565 4749 maior
1603 4680 1720 4737 laus
1761 4693 1942 4753 esset,

359 4778 516 4836 quam
535 4763 769 4828 diruere.
792 4765 846 4821 Si
869 4780 972 4822 non
990 4766 1144 4834 alios,
1164 4768 1420 4825 barbaros
1436 4771 1620 4828 saltem
1640 4773 1941 4842 imitamini,

1193 240 1248 295 S.
1289 238 1566 295 JOANNIS
1601 233 2077 294 CIIRYSOSTOMI
2119 235 2438 299 ARCIIIEP.
2478 241 3018 301 CONSTANTINOP.

3577 252 3667 308 £28

2106 353 2195 423 qui
2226 353 2526 424 huiusmodi
2553 356 2841 426 spectaculi
2864 353 3190 425 turpitudine
3214 367 3418 414 carent.
3441 360 3562 429 Qum
3580 379 3668 421 no-

2103 443 2186 498 bis
2216 444 2372 514 igitur
2394 445 2647 514 deinceps
2674 448 2947 501 excusatio
2978 447 3079 504 erit
3101 489 3117 506 .
3144 463 3265 503 cum
3303 465 3402 506 nos
3439 453 3670 511 czelomm

2101 535 2280 600 cives,
2328 534 2751 591 Cherubinorum
2790 536 2957 592 choro
2997 537 3286 610 adscripti,
3329 543 3625 612 angelorum
3653 554 3672 578 δ

2101 637 2380 683 consortes
2400 670 2415 694 ,
2438 628 2681 686 barbaris
2711 629 2809 687 hac
2840 632 2892 686 in
2922 648 2978 688 re
3007 633 3215 704 peiores
3241 635 3410 691 simus
3429 678 3444 702 ,
3472 653 3584 692 cum
3613 640 3671 694 li-

2099 727 2221 775 ceat
2248 730 2530 775 sexcentos
2556 720 2688 776 alias
2717 720 2800 776 his
2827 724 3057 792 majores
3082 725 3378 794 voluptates
3410 728 3671 795 reperire?

2099 810 2154 867 Si
2182 812 2262 867 vis
2285 812 2427 866 enim
2458 813 2692 868 animum
2724 830 2970 871 recreare
2996 857 3009 879 ,
3039 816 3172 872 vade
3207 816 3273 873 ad
3309 819 3542 888 pomaria
3565 862 3581 886 ,
3612 822 3673 876 ad

2098 904 2339 971 ﬂuvium,
2364 904 2431 960 ad
2457 916 2677 975 stagna:
2704 906 2888 962 hortos
2914 909 3299 979 cnntemplare,
3330 911 3539 967 cicadas
3563 913 3673 968 andi

2096 1006 2385 1063 canentes;
2424 1010 2718 1071 martyrum
2749 1002 2991 1071 sepulcra
3021 1001 3295 1073 frequenta
3326 1045 3339 1067 ,
3374 1004 3461 1057 uhi
3491 1020 3673 1076 corpo-

2096 1089 2171 1143 ris
2196 1089 2444 1144 valetudo
2465 1130 2481 1156 ,
2526 1091 2719 1147 anima:
2757 1093 2990 1162 utilitas,
3038 1093 3274 1165 nihilque
3301 1094 3517 1162 damni,
3546 1097 3674 1153 nulla

2097 1191 2216 1252 post
2246 1182 2440 1237 factum
2470 1185 2803 1253 poenitentia,
2834 1196 2891 1240 ut
2921 1196 3040 1257 post
3070 1187 3158 1242 illa
3189 1190 3513 1257 spectacula.
3539 1188 3672 1245 Uxo-

2094 1287 2209 1328 rem
2237 1273 2402 1329 habes
2421 1284 2474 1330 et
2494 1274 2631 1330 ﬁlios
2653 1292 2667 1329 ε
2690 1292 2809 1347 qua:
2836 1277 3078 1347 voluptas
3104 1278 3223 1333 huic
3256 1294 3351 1348 par
3370 1280 3496 1335 est?
3517 1278 3677 1336 Habes

2093 1365 2309 1420 domum
2338 1376 2393 1421 et
2420 1367 2621 1423 amicos
2651 1386 2664 1421 :
2698 1369 2811 1424 haec
2834 1369 3091 1439 iucunda,
3117 1378 3309 1425 etcum
3336 1375 3674 1441 temperantia

2093 1472 2341 1528 magnum
2382 1458 2587 1513 lucrum
2632 1460 2858 1528 pariunt.
2913 1459 3049 1530 Quid
3090 1462 3265 1528 enim,
3296 1478 3479 1533 quaeso
3509 1504 3524 1528 ,
3566 1464 3677 1519 ﬁliis

2088 1549 2413 1619 iucundius?
2438 1550 2563 1619 quid
2600 1566 2766 1606 uxore
2793 1551 2999 1607 dulcius
3036 1552 3136 1617 iis,
3165 1553 3255 1623 qui
3285 1555 3565 1609 continere
3589 1571 3677 1610 vo-

2093 1640 2246 1695 lunt?
2267 1640 2461 1697 Fertur
2486 1641 2835 1698 barbarorum
2858 1643 3056 1699 dictum
3086 1645 3415 1716 phil050phia
3445 1648 3675 1718 plenum.

2092 1731 2223 1786 Nam
2249 1732 2317 1787 de
2348 1732 2568 1788 theatris
2595 1734 2699 1788 illis
2726 1735 2941 1806 iniquis,
2967 1746 3020 1790 et
3045 1735 3113 1791 de
3143 1739 3442 1807 importuna
3477 1740 3568 1794 illa
3593 1756 3678 1797 vo-

2090 1824 2292 1890 luptate
2328 1822 2608 1881 audientes
2647 1826 2897 1881 dicebant
2932 1846 2945 1882 :
2980 1827 3209 1882 Romani
3252 1844 3313 1883 ac
3357 1830 3402 1885 si
3449 1828 3591 1885 filios
3628 1842 3676 1887 et

2092 1930 2285 1970 uxores
2314 1931 2419 1970 non
2464 1916 2755 1984 haberent,
2800 1916 2894 1973 has
2933 1921 3305 1989 excogitavere
3334 1920 3675 1990 voluptates:

2088 2007 2281 2076 quibus
2308 2007 2614 2072 ostendunt,
2645 2008 2774 2062 nihil
2802 2008 3010 2065 dulcius
3036 2025 3157 2065 esse
3188 2009 3310 2066 ﬁliis
3339 2018 3393 2066 et
3418 2028 3607 2079 uxore,
3634 2014 3677 2068 si

2088 2100 2206 2169 quis
2233 2100 2456 2155 honeste
2481 2101 2658 2156 vivere
2685 2101 2827 2155 velit.
2856 2100 2993 2169 Quid
3024 2117 3153 2172 ergo
3178 2102 3223 2157 si
3252 2104 3535 2159 ostendam
3557 2147 3571 2169 ,
3598 2107 3677 2160 in-

2087 2192 2258 2262 quies,
2285 2193 2415 2247 nihil
2437 2193 2614 2248 damni
2636 2208 2704 2248 ex
2736 2192 2837 2248 hac
2864 2193 3157 2269 frequentia
3186 2198 3502 2275 emergere?
3524 2198 3679 2254 Certe

2088 2283 2172 2339 vel
2200 2281 2301 2339 hoc
2328 2283 2500 2353 ipsum
2527 2283 2780 2341 damnum
2798 2295 2901 2352 est,
2925 2286 3040 2342 sine
3064 2303 3225 2343 causa
3245 2302 3309 2343 ac
3324 2295 3529 2344 temere
3551 2297 3679 2343 tem-

2086 2391 2185 2446 pus
2226 2372 2495 2433 insumere
2518 2418 2533 2443 ,
2579 2385 2634 2433 et
2672 2378 2790 2434 aliis
2828 2376 3148 2434 oil'endiculo
3177 2394 3317 2435 esse.
3360 2378 3495 2433 Nam
3542 2379 3587 2434 si
3626 2389 3675 2434 tu

2084 2470 2337 2526 damnum
2367 2487 2474 2527 non
2503 2470 2744 2542 patiaris,
2777 2470 2937 2526 alium
2968 2471 3127 2541 huius
3154 2472 3444 2543 spectaculi
3471 2472 3677 2527 studio-

2082 2563 2279 2618 siorem
2304 2562 2503 2619 reddis.
2526 2562 2804 2631 Quomodo
2825 2571 3002 2618 autem
3024 2562 3275 2617 damnum
3297 2579 3399 2617 non
3430 2565 3674 2633 patiaris,

2082 2654 2171 2722 qui
2199 2653 2403 2724 prmbes
2434 2652 2518 2707 his
2543 2653 2863 2723 spectaculis
2891 2653 3272 2710 occasionem?
3301 2652 3434 2708 Nam
3464 2655 3673 2724 praesti-

2081 2745 2273 2814 giator,
2307 2754 2589 2814 corruptus
2621 2760 2785 2814 puer,
2816 2743 3102 2799 fornicaria
3133 2744 3344 2810 mulier,
3375 2759 3676 2815 omnesque

2083 2834 2160 2889 illi
2186 2834 2432 2890 diabolici
2463 2835 2610 2890 chori
2641 2835 2695 2890 in
2723 2843 2882 2905 caput
2910 2843 3055 2889 tuum
3085 2850 3300 2891 causam
3340 2837 3675 2906 Spectaculo-

2081 2942 2197 2987 rum
2221 2937 2490 2997 regerunt.
2510 2927 2968 2996 Quemadmodum
2987 2928 3126 2983 enim
3150 2928 3195 2984 si
3217 2937 3550 2998 spectatores
3569 2946 3675 2986 non

2079 3030 2259 3074 essent
2283 3060 2298 3086 ,
2330 3035 2428 3075 nec
2456 3030 2638 3076 essent
2678 3022 2767 3092 qui
2799 3020 2954 3077 ludos
2977 3021 3282 3092 huiusmodi
3309 3023 3670 3079 exhiberem:

2078 3113 2156 3168 sic
2194 3113 2321 3183 quia
2358 3122 2689 3183 spectatores
2728 3123 2894 3181 sunt,
2938 3124 2993 3170 et
3038 3114 3137 3185 ipsi
3180 3123 3452 3186 gestorum
3494 3118 3673 3188 ignem

2076 3208 2396 3277 partiuntur.
2415 3208 2597 3277 Itaque
2614 3207 2737 3261 licet
2760 3208 2875 3262 sine
2892 3208 3150 3263 castitatis
3172 3209 3453 3278 dispendio
3471 3209 3525 3264 id
3545 3224 3671 3281 age-

2074 3312 2183 3363 res,
2214 3297 2265 3352 id
2290 3297 2430 3368 quod
2457 3305 2602 3353 certe
2631 3297 2748 3353 ﬁeri
2778 3298 2995 3369 nequit,
3028 3299 3251 3354 aliorum
3281 3306 3455 3355 tamen
3485 3300 3674 3370 perni-

2073 3389 2173 3444 ciei
2201 3403 2391 3459 graves
2419 3388 2570 3444 dabis
2598 3403 2784 3459 poenas
2804 3431 2820 3454 ,
2847 3390 2963 3446 sive
2993 3392 3344 3460 spectantium
3366 3433 3380 3456 ,
3406 3392 3523 3448 sive
3547 3409 3673 3462 spe-

2070 3480 2278 3536 ctacula
2330 3478 2622 3534 edentium.
2666 3480 2842 3551 Atque
2884 3481 2953 3535 ad
2997 3483 3296 3537 castitatem
3345 3483 3669 3539 servandam

2070 3573 2242 3644 maius
2270 3573 2476 3649 lucrum
2511 3574 2729 3630 fecisses
2750 3616 2766 3643 ,
2802 3576 2848 3631 si
2889 3576 2983 3631 illo
3012 3592 3116 3632 non
3148 3578 3406 3633 venisses.
3435 3577 3490 3635 Si
3520 3580 3667 3635 enim

2068 3675 2249 3723 castus
2279 3682 2422 3723 nunc
2450 3680 2511 3723 es
2535 3707 2550 3732 ,
2580 3668 2748 3723 multo
2772 3669 2971 3725 castior
2994 3683 3143 3725 esses
3169 3669 3211 3724 si
3238 3672 3545 3740 Spectacula
3575 3672 3666 3728 illa

2070 3762 2311 3817 vitasses.
2336 3761 2413 3817 Ne
2433 3761 2611 3832 itaque
2631 3762 2887 3819 inutiliter
2906 3764 3312 3833 contendamus,
3340 3783 3514 3838 neque
3538 3770 3664 3825 iuu-

2067 3855 2189 3911 tiles
2211 3854 2551 3911 defensiones
2577 3857 2961 3927 excogitemus.
2990 3858 3106 3914 Una
3137 3859 3377 3915 defensio
3406 3871 3461 3915 et
3489 3878 3663 3918 excu-

2065 3948 2200 4003 satio
2225 3957 2329 4014 est,
2356 3947 2401 4003 si
2433 3947 2695 4018 fugiamus
2724 3948 2994 4004 fornacem
3027 3950 3424 4020 Babylonicam,
3455 3954 3502 4008 si
3537 3971 3663 4023 pro-

2064 4040 2149 4094 cul
2186 4040 2254 4095 ab
2289 4039 2538 4112 Egyptia
2574 4042 2859 4097 meretrice
2903 4042 3158 4113 degamus
3180 4085 3195 4109 ,
3226 4044 3436 4099 etiamsi
3480 4046 3662 4102 nudos

2062 4138 2309 4201 oporteat
2339 4130 2409 4186 ab
2438 4130 2529 4187 illa
2557 4131 2814 4202 effugere.
2856 4132 2931 4188 Ita
2961 4134 3102 4189 enim
3133 4144 3187 4190 et
3216 4136 3380 4189 multa
3411 4138 3660 4192 fruenutr

2060 4225 2353 4294 voluptate,
2381 4225 2704 4280 conscientia
2737 4241 2836 4282 nos
2861 4241 2966 4281 non
2996 4238 3299 4295 accusante,
3327 4240 3655 4299 praesentem

2060 4318 2219 4371 vitam
2258 4326 2404 4373 caste
2442 4332 2659 4388 agemus
2682 4358 2698 4383 ,
2739 4317 3019 4389 futuraque
3057 4319 3193 4375 bona
3234 4335 3652 4392 consequemur,

2056 4408 2227 4478 gratia
2255 4418 2310 4463 et
2338 4408 2663 4479 benignitate
2692 4409 2900 4464 Domini
2939 4412 3103 4465 nostri
3142 4411 3269 4467 Jesu
3293 4410 3527 4482 Christi,
3561 4417 3652 4470 cui

2053 4500 2223 4570 gloria
2252 4508 2306 4555 et
2331 4499 2636 4570 imperium,
2664 4515 2807 4557 nunc
2830 4511 2886 4557 et
2904 4517 3138 4572 semper,
3161 4516 3213 4558 ct
3238 4503 3290 4558 in
3320 4506 3518 4561 saecula
3546 4521 3653 4563 sae-

2052 4592 2314 4648 culorum.
2346 4592 2534 4647 Amen.

2114 4730 2131 4760 ί
2167 4725 2384 4794 Nonnulli
2405 4727 2618 4794 habent,
2640 4726 3058 4794 archmpgetorum,
3079 4741 3184 4790 pro,
3207 4728 3511 4794 αυεϐα-ειη.
3535 4739 3644 4783 Mox

2051 4789 2216 4851 Iidem,
2235 4788 2456 4841 barbaris
2478 4788 2571 4841 hac
2590 4790 2644 4841 in
2662 4803 2716 4839 re
2735 4788 2923 4854 pejores

361 4921 3600 4948 Μ

1388 5001 1731 5066 HOMILIA
1770 5006 2128 5072 XXXVIII.
2171 5008 2258 5071 al.
2299 5006 2607 5072 XXXIX.

352 5136 481 5194 Car.
511 5140 598 5194 Η.
621 5156 673 5198 v.
699 5140 793 5196 25.
823 5140 890 5195 ιη
914 5143 1004 5197 ilio
1028 5151 1250 5212 tempore
1271 5146 1579 5215 respondens
1596 5147 1747 5204 Iesus
1770 5152 1897 5206 dixit
1914 5169 1933 5207 :

423 5229 678 5297 Conﬁteor
705 5231 811 5296 tibi,
839 5231 1011 5300 Pater,
1036 5232 1251 5289 Domine
1269 5237 1382 5290 creti
1401 5244 1447 5290 et
1469 5246 1640 5306 terrm,
1669 5242 1789 5308 quia
1814 5243 1933 5298 abs-

421 5321 636 5376 condisti
660 5326 767 5378 hac
786 5341 819 5378 a
843 5326 1149 5396 sapientibus
1175 5338 1222 5382 et
1254 5329 1600 5397 prudentibus,
1631 5342 1679 5386 et
1703 5336 1933 5391 γενείωιὶ

2040 5168 2163 5208 eum
2201 5168 2450 5224 magnum
2485 5153 2891 5228 mirabilemque
2918 5171 3038 5213 esse
3059 5199 3074 5223 ,
3098 5158 3214 5228 eius
3241 5158 3385 5216 dicta
3409 5171 3467 5218 et
3491 5161 3635 5219 facta

2041 5243 2148 5300 ﬁde
2176 5244 2336 5314 digna
2365 5258 2485 5300 esse
2512 5246 2791 5316 probavit,
2820 5262 2918 5321 per
2945 5264 3064 5319 quae
3095 5250 3211 5306 illos
3235 5250 3299 5305 ad
3331 5251 3414 5307 sui
3440 5255 3631 5325 cogni—

2040 5335 2236 5395 tionem
2253 5337 2490 5394 attraxit.
2512 5337 2780 5407 Secundo,
2805 5341 2946 5411 quod
2972 5340 3185 5410 dixerit,
3216 5342 3445 5415 Regnum
3470 5348 3628 5401 creto-

418 5426 477 5465 ea
511 5412 753 5481 parvulis.
795 5414 887 5471 26.
929 5416 1017 5470 Ita
1039 5459 1055 5485 ,
1094 5417 1271 5487 Pater,
1305 5422 1426 5490 quia
1460 5422 1532 5476 sic
1558 5425 1654 5494 fuit
1689 5426 1930 5495 placitum
2035 5444 2150 5485 rum
2174 5428 2275 5483 vim
2309 5430 2523 5500 patitur,
2554 5440 2600 5486 et
2628 5432 2832 5487 violenti
2864 5435 3070 5503 rapiunt
3108 5436 3237 5489 illud
3263 5412 3490 5508 (Matth.
3535 5440 3625 5494 ll.

414 5513 533 5556 ante
554 5512 622 5557 te.

415 5596 466 5648 ‘I.
486 5593 621 5651 Vide
648 5604 779 5665 quot
805 5599 1122 5669 quantisque
1146 5602 1321 5658 modis
1348 5604 1466 5659 il'os
1492 5605 1558 5661 ad
1580 5606 1735 5663 ﬁdem
1759 5609 1926 5665 dedu-

340 5692 446 5751 cat,
475 5684 692 5757 Primo,
727 5702 819 5760 per
842 5688 1062 5747 Joannis
1091 5690 1292 5750 laudes.
1318 5694 1452 5757 Nam
1480 5711 1601 5753 cum
1632 5701 1924 5763 ostenderit

2038 5519 2159 5590 12).
2193 5519 2306 5575 Hoc
2346 5523 2488 5577 enim
2528 5524 2797 5579 incitantis
2824 5533 2878 5579 et
2912 5526 3232 5594 impellentis
3270 5536 3372 5582 est.
3404 5527 3623 5596 Tertio,

2034 5612 2174 5682 quod
2200 5612 2647 5671 demonstraverit
2678 5616 3051 5687 prophetarum
3085 5618 3225 5673 dicta
3261 5619 3440 5674 omnia
3471 5635 3621 5675 com-

2032 5704 2171 5776 picta
2196 5722 2335 5765 esse.
2365 5707 2497 5767 Nam
2528 5707 2653 5769 hiut:
2690 5710 2993 5773 declaratur
3020 5712 3193 5784 ipsum
3219 5710 3416 5767 abillis
3453 5712 3620 5773 fuisse
