3900 6194
265 351 366 405 429

265 461 696 531 praenuntiatum.
717 458 935 524 Quarto,
953 454 1094 524 quod
1112 452 1404 508 ostenderit
1423 449 1597 505 omnia
1611 446 1678 499 ab
1695 461 1752 500 se
1769 443 1848 497 fa-

262 568 342 609 cta
368 568 486 608 esse
502 567 620 623 qua:
643 552 753 605 lieri
771 547 1067 618 Oportebat,
1086 545 1297 615 quando
1317 550 1374 597 et
1393 555 1673 611 puerorum
1699 552 1850 607 para-

263 644 439 699 bolam
461 643 796 696 memoravit.
813 639 1029 708 Quinto,
1047 653 1164 690 cuin
1184 633 1470 688 incredulis
1487 629 1846 700 exprobravit,

263 737 557 790 terroribus
569 744 726 803 atque
743 733 900 786 minis
916 728 1126 784 additis.
1145 727 1326 788 Sexto,
1345 740 1462 779 cum
1484 739 1576 794 pro
1591 720 1848 776 credenti-

263 826 364 880 bus
383 825 580 895 gratias
600 825 726 894 agit.
751 821 878 877 Nam
897 820 1046 883 illud,
1065 816 1438 884 Confiteortibi,
1466 814 1549 867 1110
1563 811 1842 880 significat,

261 917 474 972 Gratias
498 931 598 985 ago
628 915 718 967 tibi
741 931 754 969 :
779 912 988 968 Gratias
1018 925 1137 980 ago,
1162 909 1350 977 inquit,
1384 907 1515 974 Quia
1545 901 1849 957 abscondisti

263 1011 413 1064 [iteca
429 1007 735 1078 sapientibus
757 1017 800 1060 et
819 1003 1163 1076 prudentibus.
1183 999 1318 1067 Quid
1343 998 1538 1068 igitur?
1555 1012 1618 1050 an
1642 994 1708 1048 de
1728 1009 1846 1061 per-

262 1101 403 1156 nicie
430 1099 619 1170 gaudet
642 1139 657 1164 ,
688 1106 740 1151 et
765 1095 903 1167 quod
935 1095 1008 1149 illi
1037 1094 1151 1148 haec
1181 1089 1460 1146 noverint?
1487 1088 1730 1142 Minime:
1754 1083 1849 1140 sed

262 1194 380 1248 11100
400 1201 484 1248 est
506 1191 692 1245 salutis
718 1192 802 1242 via
829 1189 1049 1256 Optima,
1079 1196 1134 1240 ut
1160 1186 1246 1256 qui
1277 1192 1553 1253 respuunt,
1582 1190 1637 1236 et
1666 1180 1849 1233 nolunt

262 1302 325 1341 ea
342 1301 461 1356 qua“:
475 1284 720 1338 dicuntur
736 1283 1022 1350 suscipere,
1042 1280 1184 1333 nullo
1200 1287 1351 1348 pacto
1364 1286 1639 1346 cogantur,
1656 1281 1710 1326 ut
1725 1274 1846 1345 quia

262 1376 436 1431 vocati
460 1391 566 1430 non
594 1375 844 1428 meliores
867 1373 986 1426 facti
1027 1381 1168 1433 sntit,
1193 1371 1285 1425 sed
1309 1371 1606 1425 reciderunt
1637 1378 1689 1424 ct
1716 1382 1847 1422 con-

264 1475 618 1537 tempserunt,
635 1464 775 1534 quod
793 1480 850 1518 se
867 1464 1092 1533 rejectos
1109 1463 1344 1527 videant,
1365 1463 1413 1514 in
1435 1461 1620 1514 borum
1642 1458 1849 1513 deside-

262 1559 402 1612 rium
421 1556 772 1611 adducantur.
795 1553 867 1609 lta
886 1555 1025 1608 enim
1054 1555 1110 1621 ii,
1134 1554 1222 1625 qui
1249 1554 1482 1606 animum
1510 1551 1846 1615 adhiberent,

263 1649 615 1703 studiosiores
646 1646 803 1700 futuri
834 1656 1005 1701 erant.
1037 1644 1167 1700 Nam
1196 1645 1334 1714 quod
1360 1660 1420 1698 ea
1447 1644 1576 1713 ipsis
1599 1643 1845 1697 revelen-

265 1750 374 1804 tor,
397 1740 449 1794 id
473 1740 596 1809 jure
619 1739 865 1810 gaudium
901 1737 1068 1807 pariat
1094 1756 1107 1792 :
1135 1736 1275 1807 quod
1306 1751 1433 1790 vero
1459 1733 1850 1789 abscondantur

265 1831 390 1897 illis,
423 1846 526 1883 non
550 1829 763 1900 gaudio,
793 1829 886 1882 sed
915 1829 1164 1900 lacrymis
1194 1827 1409 1896 digmnu
1437 1833 1537 1880 est.
1564 1824 1695 1878 Illud
1723 1838 1849 1877 vero

264 1923 413 1986 facit,
439 1922 562 1977 dum
591 1922 915 1992 lacrymatur
944 1920 1203 1974 miserans
1227 1919 1518 1973 civitatem.
1553 1916 1666 1972 Non
1692 1915 1849 1986 igitur

264 2013 386 2067 ideo
417 2011 648 2082 gaudet,
677 2011 768 2065 scd
807 2009 946 2080 quod
988 2025 1049 2062 ea
1080 2024 1197 2078 qute
1227 2009 1493 2076 sapientes
1538 2023 1642 2060 non
1678 2021 1846 2059 nove-

263 2113 410 2168 runt,
441 2103 537 2173 ipsi
568 2101 836 2165 noverint,
865 2109 923 2154 ut
949 2115 1068 2153 cum
1100 2099 1226 2152 dicit
1257 2099 1448 2152 Paulus
1476 2114 1489 2150 ε
1521 2095 1724 2149 Gratius
1752 2113 1848 2166 ago

264 2193 378 2247 Deo
402 2235 418 2260 ,
447 2193 683 2262 quoniam
714 2191 879 2260 fuistis
907 2190 1033 2243 servi
1067 2190 1256 2259 peccati
1281 2231 1296 2255 ,
1329 2188 1563 2242 obedistis
1593 2198 1759 2240 autem
1789 2203 1850 2240 ex

263 2284 419 2339 corde
448 2285 497 2337 in
527 2300 679 2353 quam
706 2281 878 2335 traditi
906 2281 1021 2334 estis
1053 2284 1270 2350 formam
1297 2278 1538 2332 doctrinae
1565 2276 1583 2348 (
1607 2275 1758 2330 Rom.
1791 2276 1844 2331 6.

265 2377 333 2430 17
353 2374 394 2443 ).
421 2373 537 2428 Νο11
566 2389 692 2444 ergo
723 2373 916 2427 Paulus
942 2380 1221 2441 propterea
1253 2370 1468 2440 gaudet,
1500 2369 1640 2438 quod
1670 2376 1849 2423 essent

265 2467 407 2521 servi
438 2465 677 2536 peccati,
715 2463 808 2518 sed
848 2462 987 2533 quod
1025 2463 1157 2516 tales
1187 2477 1306 2514 cum
1339 2469 1555 2526 essent,
1595 2468 1672 2513 tot
1711 2459 1848 2513 bona

266 2556 482 2611 tandem
519 2556 625 2610 sint
661 2555 995 2623 consequuti.
1042 2553 1322 2623 Sapientes
1360 2563 1534 2606 autem
1581 2551 1664 2604 1110
1696 2563 1842 2605 vocat

265 2648 471 2700 seribas
496 2654 550 2699 et
581 2644 895 2698 Pharisa‘os.
928 2643 1053 2697 11;00
1085 2659 1243 2712 porro
1271 2642 1430 2708 dicit,
1466 2651 1522 2695 ut
1557 2641 1849 2709 discipulos

265 2737 558 2791 alacriores
577 2736 784 2799 reddat,
817 2744 869 2788 et
891 2735 1162 2800 ostendat,
1185 2733 1380 2804 quanta
1404 2731 1717 2801 consequuti
1744 2733 1850 2784 sint

266 2829 585 2899 piscatores,
612 2841 642 2878 a
669 2825 859 2895 quibus
887 2825 959 2878 illi
986 2839 1175 2878 omnes
1200 2823 1531 2879 exciderunt.
1562 2822 1694 2875 Cum
1721 2836 1850 2874 vero

265 2919 538 2985 sapientes
567 2925 716 2970 vocat
749 2915 886 2978 illos,
918 2931 1021 2968 non
1049 2913 1115 2968 de
1143 2929 1264 2967 vera
1287 2920 1340 2966 et
1366 2911 1608 2966 laudabili
1642 2912 1852 2979 sapien-

268 3011 338 3062 tia
367 3007 622 3076 loquitur,
643 3005 738 3059 sed
767 3004 835 3059 de
860 3005 947 3058 illa
974 3019 1129 3074 quam
1162 3003 1478 3057 videbantur
1503 3018 1567 3056 ex
1591 3001 1850 3070 gravitate

267 3099 603 3168 consequuti.
639 3097 838 3154 Idcirco
867 3113 973 3150 non
1002 3097 1163 3158 dixit,
1200 3095 1466 3148 Revelasti
1495 3094 1697 3158 stultis,
1732 3091 1846 3157 sed,

275 3191 509 3246 Porculis
529 3206 548 3244 ς
570 3190 794 3245 sinceris
825 3189 1025 3244 scilicet
1047 3203 1108 3242 ac
1126 3187 1456 3256 simplicibus
1479 3205 1490 3238 :
1516 3185 1851 3254 ostenditque

269 3285 390 3338 illos
411 3299 516 3336 nou
546 3283 715 3359 solum
738 3280 877 3351 quod
905 3279 1047 3350 digni
1077 3295 1179 3334 non
1208 3287 1406 3341 essent,
1437 3277 1528 3331 sed
1548 3279 1665 3344 jure
1691 3277 1848 3330 etiam

268 3377 382 3431 haec
409 3391 516 3430 non
547 3389 664 3429 esse
689 3373 909 3442 adeptos
938 3390 949 3426 :
981 3386 1182 3440 nosqm
1211 3385 1302 3438 per
1331 3369 1505 3423 omnia
1533 3367 1706 3430 docet,
1739 3376 1794 3420 ut
1821 3382 1849 3419 a

269 3466 516 3536 superbia
550 3464 809 3535 fugiamus
829 3504 842 3526 ,
873 3462 964 3518 sed
995 3462 1387 3531 simplicitatem
1413 3468 1697 3514 sectemur.
1729 3459 1851 3512 ldeo

269 3557 466 3612 Paulus
493 3557 607 3610 lucc
635 3555 869 3626 pluribus
895 3552 1212 3622 amplificat,
1247 3554 1317 3605 ita
1344 3552 1586 3605 scribens
1612 3566 1625 3600 :
1653 3549 1710 3604 Si
1739 3551 1851 3618 quis

269 3651 321 3703 in
348 3649 484 3702 vobis
508 3648 701 3702 videtur
717 3648 767 3700 in
784 3646 876 3700 hoc
895 3644 1080 3699 saeculo
1101 3646 1301 3715 sapiens
1322 3659 1446 3708 esse,
1469 3644 1512 3696 is
1539 3643 1628 3710 fiat
1645 3643 1847 3705 stultus,

270 3755 322 3796 ut
363 3741 566 3809 sapiens
601 3740 841 3810 efficiatur
874 3737 962 3810 (1.
991 3736 1107 3792 Cor.
1145 3738 1198 3790 5.
1231 3738 1356 3806 18).
1398 3735 1484 3792 Sic
1515 3735 1654 3790 enim
1683 3735 1850 3804 gratia

271 3834 363 3887 Dei
396 3833 812 3886 demonstratur.
846 3829 953 3884 Cur
978 3838 1152 3881 autem
1186 3827 1327 3881 Patri
1356 3828 1550 3897 gratias
1579 3826 1706 3895 agit,
1731 3840 1850 3878 cum

275 3925 380 3980 1100
407 3924 524 3992 ipse
558 3920 785 3976 fecerit?
814 3921 879 3976 Ut
910 3919 1076 3973 Deum
1111 3927 1378 3987 precatur,
1414 3931 1663 3985 magnam
1689 3929 1841 3968 suam

277 4034 405 4088 erga
459 4033 556 4073 nos
594 4016 871 4072 caritatem
906 4016 1209 4080 declarans,
1259 4015 1335 4068 sic
1357 4022 1409 4066 et
1449 4012 1648 4083 gratias
1692 4009 1840 4080 agit:

279 4127 403 4165 nam
436 4109 570 4163 illud
609 4124 818 4177 magna:
848 4107 1091 4161 caritatis
1120 4116 1202 4160 est
1242 4104 1535 4169 indicium;
1577 4112 1631 4156 et
1663 4111 1847 4155 osten-

274 4205 392 4268 dit,
443 4205 563 4257 illos
610 4220 715 4256 non
763 4219 792 4254 a
827 4203 1006 4268 svipso
1046 4199 1243 4259 solum,
1280 4198 1371 4251 sed
1418 4197 1579 4250 etiam
1612 4211 1642 4248 a
1692 4195 1848 4248 Patre

276 4295 556 4350 escidisse.
590 4292 720 4347 Nam
759 4290 898 4360 quod
929 4291 1063 4345 dixit
1087 4289 1360 4358 discipulis
1383 4330 1399 4356 ,
1429 4287 1602 4341 Nolite
1627 4297 1856 4340 sanctum

276 4387 396 4439 dare
426 4384 633 4437 canibus
661 4380 883 4452 (Matth.
912 4382 963 4434 7.
995 4380 1100 4452 6),
1133 4380 1182 4433 id
1206 4380 1313 4448 jam
1350 4379 1491 4448 prius
1523 4376 1610 4430 ille
1635 4375 1854 4429 fecerat.

279 4481 479 4535 Deinde
497 4495 591 4547 per
605 4479 721 4532 lure
741 4475 971 4531 ostendit
986 4483 1040 4530 et
1060 4489 1210 4528 suam
1234 4482 1286 4527 et
1307 4471 1477 4526 Patris
1494 4471 1852 4523 voluntatem:

277 4590 448 4640 suam,
473 4571 614 4643 quod
635 4572 830 4642 gratias
852 4579 971 4639 agat
993 4577 1047 4623 et
1069 4568 1295 4639 gaudeat
1313 4565 1381 4621 de
1406 4581 1462 4619 re
1482 4572 1627 4634 gesta
1650 4581 1664 4628 ;
1687 4563 1857 4616 Patris

277 4681 423 4732 vero,
452 4671 514 4718 ut
539 4662 804 4726 ostendat,
830 4661 974 4715 illum
1003 4669 1107 4715 11011
1137 4667 1376 4730 rogatum
1404 4655 1504 4710 1100
1528 4655 1739 4716 fecisse,
1764 4652 1858 4707 sed

277 4767 465 4828 sponte
503 4771 595 4811 sua
633 4769 700 4810 eo
736 4754 970 4808 animum
1006 4752 1312 4821 appulisse;
1355 4764 1475 4802 nam
1507 4748 1616 4812 ait,
1650 4746 1738 4800 Sic
1765 4746 1858 4813 fuit

279 4850 520 4918 placitum
536 4857 651 4901 ante
672 4855 752 4910 te;
780 4846 831 4899 id
849 4855 949 4909 est,
977 4845 1047 4898 Ita
1073 4844 1163 4898 tibi
1189 4841 1402 4913 placuit.
1426 4839 1533 4894 Cur
1553 4848 1730 4893 autem
1758 4838 1859 4890 illis

280 4941 588 4998 abscondita
620 4939 836 5004 fuerint,
866 4937 988 4993 audi
1018 4937 1241 4992 Paulum
1266 4934 1530 4990 dicentem
1561 4949 1575 4986 :
1607 4931 1860 4998 Quoniam

280 5045 551 5108 querentes
571 5035 830 5107 prapriam
851 5033 1101 5103 justitiam
1125 5041 1356 5094 statuere,
1381 5028 1596 5099 justitite
1625 5024 1717 5079 Dei
1741 5025 1861 5079 sub-

280 5129 395 5192 iecti
435 5144 535 5185 nou
575 5130 778 5198 fuerunt
806 5122 991 5193 (Rom.
1027 5120 1112 5175 10.
1143 5122 1236 5192 5,).
1272 5117 1547 5187 Perpende
1577 5117 1732 5186 igitur
1757 5128 1862 5184 quo

279 5220 470 5274 atTectu
501 5217 667 5271 fuisse
705 5213 992 5281 discipulos
1028 5209 1315 5265 verisimile
1345 5217 1430 5264 est
1452 5251 1466 5274 ,
1504 5208 1618 5261 lucc
1642 5208 1862 5260 audien-

284 5322 400 5374 tes;
433 5307 576 5378 quod
619 5321 812 5378 nempe
848 5303 933 5357 illa
965 5317 1082 5372 qua:
1119 5301 1391 5371 sapientes
1429 5315 1533 5354 non
1567 5305 1859 5361 noverant,

283 5404 379 5473 ipsi
409 5401 676 5463 noverint,
710 5395 1060 5465 noverintqne
1091 5394 1290 5463 parvuli
1323 5401 1620 5458 manentes,
1650 5391 1864 5460 Deoquc

284 5495 576 5550 revclaute.
622 5490 794 5545 Lucas
847 5487 994 5560 (Cap.
1023 5487 1110 5542 10.
1143 5504 1189 5540 υ.
1216 5487 1298 5540 17.
1331 5484 1426 5555 0-1)
1453 5499 1578 5538 vero
1609 5485 1766 5548 dicit,
1814 5483 1864 5538 in

287 5587 372 5642 illa
403 5585 552 5644 liora,
582 5598 684 5653 qua
715 5590 974 5636 venerunt
1001 5579 1328 5648 septuaginta
1359 5579 1661 5632 nuntiantes
1687 5577 1772 5631 illa
1801 5577 1866 5631 de

287 5678 651 5738 dzenionibus.
683 5684 809 5728 tunc
836 5671 1182 5726 exsultavisse
1208 5678 1259 5722 et
1288 5667 1377 5721 illa
1405 5667 1602 5721 dixisse
1624 5707 1638 5730 ,
1672 5684 1787 5737 qua:
1812 5676 1870 5722 ut

290 5769 635 5822 studiosiores
685 5765 804 5821 illos
853 5764 1140 5819 reddebant
1169 5802 1184 5828 ,
1225 5761 1290 5814 ita
1337 5759 1403 5813 ad
1448 5757 1866 5816 moderationem

1177 341 1241 399 IN
1279 334 1686 396 MATTHAEUM
1726 330 1954 387 1101111..
1994 331 2280 388 xxxvnt.
2322 335 2391 389 al.
2433 335 2673 390 xxxux.
2741 315 2744 318 ’

3428 338 3532 393 1ἳῖ0

1957 443 2328 514 disponebant.
2353 449 2483 514 Quia
2510 449 2650 503 enim
2669 451 2950 505 verisimile
2970 461 3083 505 erat
3107 452 3226 506 illos
3251 453 3410 506 altum
3437 470 3523 506 sa-

1957 552 2083 606 pere
2107 579 2119 600 ,
2152 539 2290 607 quod
2316 539 2587 595 diemouas
2629 541 2920 609 pellerent,
2965 542 3086 596 hinc
3117 543 3236 597 illos
3265 544 3522 613 reprimit.

1956 627 2226 682 Revelatio
2247 631 2388 684 enim
2408 639 2522 685 erat
2547 629 2672 686 illud
2691 631 2830 702 quod
2857 631 3050 687 factum
3073 633 3262 699 fuerat,
3285 649 3387 687 non
3417 641 3523 686 stu-

1954 719 2026 774 dii
2053 721 2270 777 fructus.

2022 810 2075 864 2.
2105 812 2335 881 Ideoque
2361 815 2548 869 scribae
2577 824 2629 868 et
2657 816 2951 884 sapientes,
2981 817 3069 887 qui
3099 833 3158 872 se
3186 817 3437 886 putabant
3462 831 3524 869 ex

1953 903 2140 971 seipsis
2168 904 2452 972 prudentes
2472 921 2609 972 esse,
2637 907 2706 961 ob
2732 917 2988 963 tumorem
3017 909 3284 979 proprium
3313 908 3522 962 excide-

1953 1003 2094 1047 runt.
2124 993 2177 1050 Si
2208 996 2381 1064 itaque
2409 997 2459 1050 id
2491 998 2594 1053 illis
2620 998 2738 1054 ideo
2767 999 3132 1054 absconditum
3163 1007 3278 1066 est,
3309 1000 3523 1060 timete,

1954 1084 2154 1152 inquit,
2188 1094 2236 1139 et
2281 1087 2483 1155 parvuli
2514 1097 2744 1144 manete.
2771 1088 2825 1143 111
2855 1089 2994 1144 0111111
3026 1090 3199 1145 effecit
3228 1099 3278 1143 ut
3318 1089 3524 1144 revela-

1955 1174 2097 1229 tione
2125 1175 2426 1230 frueremiui
2448 1220 2460 1241 ,
2492 1188 2547 1231 ut
2576 1195 2636 1233 ex
2660 1181 2928 1234 contrario
2952 1180 3078 1232 vitio
3105 1181 3203 1233 hac
3234 1180 3305 1233 illi
3339 1179 3526 1248 privati

1952 1273 2094 1317 sunt.
2116 1264 2246 1318 Nam
2275 1282 2393 1321 cum
2420 1267 2564 1333 dicit,
2590 1269 2857 1333 Revelasti,
2879 1286 2980 1322 11011
3004 1279 3168 1324 totum
3191 1285 3254 1324 ex
3277 1271 3382 1322 Dco
3410 1283 3531 1323 esse

1953 1357 2162 1420 asserit,
2196 1357 2287 1412 sed
2318 1359 2454 1411 sicut
2479 1374 2597 1412 cum
2627 1360 2816 1412 Paulus
2843 1359 2987 1424 dicit,
3009 1359 3241 1412 Tradidit
3265 1373 3347 1412 eos
3374 1360 3422 1410 in
3450 1376 3530 1411 re-

1953 1447 2164 1516 probum
2180 1465 2398 1514 sensum,
2421 1459 2464 1502 et
2482 1451 2740 1504 excwcavit
2759 1450 3138 1520 intelligentiam
3154 1466 3326 1502 eorum
3348 1448 3524 1517 (Rom.

1953 1541 2006 1594 1.
2037 1539 2140 1610 28)
2165 1580 2178 1603 ,
2209 1554 2317 1594 non
2345 1539 2491 1593 illum
2526 1541 2639 1594 haec
2666 1541 2842 1594 omnia
2885 1541 3071 1596 iecisse
3105 1539 3399 1608 significat,
3435 1538 3530 1592 81³11

1955 1632 2072 1685 illos
2101 1630 2189 1700 qui
2215 1643 2427 1686 causam
2454 1631 2789 1699 praebuerunt
2816 1648 2828 1683 :
2861 1630 2929 1683 ita
2955 1638 3008 1684 et
3038 1625 3270 1683 bicillud
3286 1623 3382 1688 ait,
3401 1624 3524 1677 Abs-

1939 1719 2470 1787 condisti.Quiacnim
2499 1720 2649 1786 dixit,
2678 1719 2931 1788 Conﬁteor
2953 1720 3058 1781 tibi.
3082 1721 3202 1791 quia
3223 1719 3530 1772 abscondisti

1952 1815 2074 1880 illis,
2097 1824 2140 1869 et
2163 1815 2389 1868 revelain
2409 1830 2468 1867 ea
2488 1814 2728 1883 parvulis,
2755 1829 2822 1868 ne
2848 1823 2999 1882 putes
3024 1812 3193 1882 ipsum
3224 1810 3323 1864 hac
3340 1810 3531 1862 virtute

1956 1909 2215 1978 privatum
2240 1948 2255 1973 ,
2288 1921 2406 1961 cum
2440 1905 2567 1960 illud
2596 1904 2808 1960 efficere
2843 1919 2948 1958 non
2985 1911 3201 1972 posset,
3229 1902 3306 1954 sic
3333 1901 3529 1970 gratias

1952 2013 2130 2068 agere,
2155 1997 2332 2067 adjicit
2354 2015 2366 2050 :
2389 1996 2477 2049 9.7.
2502 1994 2681 2049 Omnia
2698 1995 2818 2047 mihi
2839 1993 3022 2046 tradita
3043 2001 3158 2045 sunt
3178 2009 3208 2044 a
3235 1990 3384 2042 Patre
3401 2004 3527 2040 meo.
3583 2043 3585 2046 ,

1953 2090 2034 2145 Ad
2071 2104 2163 2144 eos
2191 2104 2314 2143 vero
2340 2088 2428 2158 qui
2463 2087 2793 2149 laetabantur,
2821 2084 2960 2154 quod
2999 2083 3270 2138 dainiones
3308 2081 3409 2135 sibi
3444 2096 3534 2148 pa-

1952 2189 2164 2245 rerent,
2192 2179 2328 2246 Quid
2360 2178 2646 2244 miramini,
2677 2178 2874 2245 inquit,
2900 2176 2941 2229 si
2967 2175 3238 2228 daemones
3267 2172 3412 2226 vobis
3441 2186 3531 2224 cc-

1953 2273 2118 2330 dant?
2139 2272 2325 2328 Omnia
2356 2286 2471 2325 mea
2500 2279 2641 2333 sunt,
2675 2268 2858 2322 Omnia
2887 2268 3008 2321 mihi
3031 2266 3214 2320 tradita
3237 2274 3369 2318 sunt.
3398 2262 3532 2317 Cum

1953 2375 2132 2421 autem
2161 2365 2434 2428 audieris,
2477 2363 2609 2416 nun
2649 2361 2835 2415 tradita
2875 2370 3024 2425 ειιιει,
3071 2359 3198 2412 1111111
3231 2341 3528 2410 liumanum

1953 2458 2258 2527 suspiceris.
2291 2455 2367 2509 Ne
2393 2453 2533 2509 enim
2560 2453 2692 2507 duos
2722 2466 2827 2506 non
2857 2450 3064 2520 genitos
3085 2449 3214 2503 deos
3235 2447 3528 2506 existimes,

1954 2551 2091 2604 lianc
2133 2549 2274 2619 ponit
2322 2548 2628 2601 dictionem.
2673 2545 2802 2598 Nam
2846 2543 2987 2614 quod
3027 2542 3186 2596 simul
3227 2541 3437 2610 genitus
3479 2549 3533 2592 ct

1952 2643 2190 2698 Omnium
2223 2641 2474 2694 Dominus
2501 2639 2587 2701 sit,
2617 2651 2759 2705 Stl‘pe
2786 2636 2908 2688 alibi
2941 2631 3220 2702 significat.

2011 2733 2190 2789 ‘Filius
2221 2734 2442 2804 ejusdem
2467 2748 2578 2784 cum
2607 2729 2760 2782 Patre
2785 2725 3092 2781 substantiae.
3120 2722 3349 2778 Marcion
3375 2721 3532 2774 obiter

1953 2829 2216 2897 refellitur.
2247 2824 2516 2876 Humilitas
2553 2830 2708 2873 mater
2751 2827 2820 2872 est
2874 2818 3035 2871 omnis
3091 2813 3438 2886 p/tilosOp/iiaz.
3463 2842 3532 2852 —~

1950 2919 2122 2986 Majas
2150 2916 2417 2986 quidpiam
2461 2913 2653 2967 deinde
2693 2912 2837 2975 dicit,
2874 2918 3209 2976 mentemque
3240 2902 3530 2959 tuanidiri-

1950 3011 2024 3079 git
2055 3011 2069 3040 ¹
2097 3027 2109 3059 :
2141 3008 2205 3061 Et
2223 3024 2366 3061 nemo
2388 3007 2521 3058 novit
2553 3004 2761 3067 Filium,
2798 3002 2894 3054 nisi
2925 2999 3118 3063 Pater;
3144 3014 3298 3064 neque
3329 2995 3535 3049 Patrem

1953 3103 2065 3170 quis
2093 3102 2246 3165 novit,
2269 3100 2366 3152 nisi
2386 3097 2567 3151 Filius.
2589 3096 2810 3150 Videtur
2835 3103 3009 3147 autem
3037 3093 3118 3155 iis,
3138 3092 3224 3161 qui
3255 3105 3364 3144 retu
3389 3089 3536 3158 igno-

1957 3205 2096 3262 rant,
2122 3195 2236 3248 haec
2275 3208 2380 3247 non
2413 3191 2617 3244 11101010
2647 3187 3010 3258 superioribus
3035 3203 3046 3238 :
3077 3193 3130 3238 at
3155 3184 3318 3238 multa
3346 3192 3427 3236 est
3457 3181 3537 3232 in-

1957 3297 2035 3342 ter
2057 3286 2169 3340 lucc
2193 3282 2557 3339 consonantia.
2583 3281 2717 3348 Quia
2761 3281 2902 3334 enim
2931 3277 3153 3340 dixerat,
3185 3274 3368 3328 Omnia
3413 3271 3539 3324 milii

1955 3380 2138 3432 tradita
2178 3386 2292 3430 sunt
2332 3394 2362 3429 α
2403 3373 2556 3427 Patre
2578 3390 2704 3438 meo,
2730 3370 3040 3439 subjungit:
3078 3365 3278 3437 Ecquid
3319 3363 3534 3427 mirtuu,

1954 3471 1998 3525 si
2042 3471 2277 3522 omnium
2320 3468 2419 3520 sim
2450 3463 2722 3527 Dominus,
2763 3477 2881 3514 cum
2912 3457 3050 3512 aliud
3085 3456 3253 3525 majus
3289 3453 3535 3517 habeam,

1955 3560 2095 3631 quod
2123 3559 2334 3613 Patrem
2365 3568 2698 3625 cognoscam,
2726 3563 2777 3606 et
2800 3550 3037 3620 ejusdem
3060 3564 3178 3602 cum
3208 3561 3271 3600 eo
3292 3545 3537 3599 substan-

1958 3656 2042 3708 tiae
2072 3651 2216 3706 sim?
2257 3647 2462 3704 Etenim
2496 3646 2594 3699 hoc
2622 3644 2879 3698 occultius
2909 3640 3170 3711 significat
3207 3653 3274 3692 ex
3304 3651 3368 3690 eo
3396 3635 3535 3705 quod

1959 3747 2107 3799 Solus
2139 3743 2312 3812 ipsum
2360 3745 2663 3808 cognoscat.
2694 3736 2826 3790 Cum
2855 3734 2997 3788 enim
3029 3731 3175 3796 dicit,
3211 3728 3372 3782 Nemo
3402 3728 3536 3780 norit

1960 3837 2169 3891 Patrem
2188 3835 2284 3888 nisi
2303 3831 2488 3896 Filius,
2518 3830 2620 3884 1100
2643 3827 2922 3898 significat.
2955 3825 3024 3878 Et
3054 3822 3177 3877 vide
3202 3821 3534 3893 quandonam

1958 3929 2073 3984 haec
2098 3929 2259 3981 dicat.
2283 3925 2414 3980 Cum
2445 3936 2637 3990 nempe
2667 3935 2762 3989 per
2785 3933 2942 3987 opera
2972 3915 3084 3985 ejus
3115 3912 3401 3984 potentium
3428 3910 3536 3964 cla-

1958 4038 2015 4077 re
2042 4021 2453 4076 demonstratam
2482 4015 2758 4075 liaberent,
2782 4026 2899 4064 cum
2930 4023 3032 4062 non
3056 4007 3213 4061 modo
3243 4005 3412 4074 ipsum
3442 4002 3538 4055 nai-

1957 4112 2132 4168 racula
2165 4117 2458 4180 patrantem
2480 4105 2755 4168 vidissent,
2773 4103 2864 4157 sed
2893 4102 2987 4170 ipsi
3009 4113 3219 4169 quoque
3245 4098 3294 4152 iu
3324 4095 3538 4150 nomine
3591 4165 3596 4172 Ι

1961 4205 2126 4275 ipsius
2162 4210 2305 4256 tanta
2348 4199 2507 4254 edere
2543 4196 2855 4266 potuissent.
2888 4192 3118 4254 Deinde,
3153 4191 3271 4259 quia
3309 4174 3535 4250 dixerat,

1942 4285 2213 4350 'Revelasti
2239 4309 2297 4346 ea
2329 4289 2570 4361 parvulis,
2602 4286 2833 4341 ostendit
2873 4285 2972 4338 1100
2999 4283 3156 4336 etiam
3188 4280 3252 4334 ad
3285 4295 3341 4334 se
3372 4280 3538 4347 perti-

1963 4405 2089 4444 11010
2118 4406 2130 4441 :
2165 4401 2284 4440 nam
2315 4383 2410 4448 ait,
2439 4380 2604 4435 Nemo
2631 4380 2764 4433 novit
2799 4378 3014 4442 Patrem,
3057 4375 3154 4428 nisi
3187 4372 3366 4437 Filius,
3395 4381 3438 4424 et
3460 4371 3540 4423 cui

1961 4480 2171 4536 voluerit
2209 4477 2376 4531 Filius
2414 4473 2629 4528 revelare
2649 4488 2666 4523 .·
2697 4485 2801 4524 11011
2834 4468 2915 4523 0111
2948 4465 3282 4538 111100000111,
3313 4477 3408 4516 1100
3453 4464 3536 4516 0111

1962 4569 2311 4626 mandaverit.
2343 4565 2491 4632 Quod
2519 4565 2560 4618 si
2593 4564 2802 4617 Patrem
2836 4560 3052 4624 revelat,
3077 4567 3129 4612 et
3157 4557 3388 4626 seipsum
3410 4569 3538 4623 quo-

1962 4680 2082 4734 que.
2113 4662 2308 4716 Verum
2342 4658 2468 4712 illud
2499 4656 2710 4727 quidem
2738 4652 2885 4723 quasi
2916 4653 2965 4705 in
2991 4651 3236 4704 confesso
3279 4647 3346 4702 sit
3377 4647 3540 4700 relin-

1963 4756 2094 4824 quit,
2126 4754 2224 4807 1100
2254 4766 2382 4806 vero
2404 4750 2598 4820 posuit,
2626 4756 2786 4816 atque
2813 4743 3006 4813 ubique
3032 4741 3176 4807 dicit,
3201 4751 3256 4795 ut
3285 4756 3402 4793 cum
3431 4738 3500 4791 ait
3528 4755 3541 4790 :

1968 4846 2132 4900 Nemo
2164 4852 2319 4913 potest
2343 4842 2508 4896 venire
2530 4840 2597 4893 ad
2631 4837 2872 4902 Patrem,
2909 4835 3004 4889 nisi
3043 4851 3130 4904 per
3162 4849 3257 4885 me.
3288 4831 3389 4885 Per
3427 4829 3545 4883 hinc

1965 4949 2141 4992 autem
2173 4935 2313 4988 aliud
2337 4947 2546 5002 quoque
2575 4930 2866 4994 constituit,
2896 4927 3034 4997 quod
3062 4923 3297 4995 ejusdem
3313 4921 3547 4975 0111111110

1967 5032 2034 5086 sit
2071 5027 2352 5083 voluntatis
2389 5040 2450 5079 ac
2479 5021 2773 5080 sententitc.
2805 5021 3029 5074 Tantum
3061 5016 3244 5078 abest,
3273 5011 3460 5081 inquit,
3494 5021 3548 5064 ut

1968 5140 2087 5179 cum
2117 5122 2205 5175 1110
2235 5133 2459 5188 pugnem
2480 5157 2495 5182 ,
2522 5123 2577 5168 ut
2603 5130 2706 5168 11011
2735 5111 2898 5182 possit
2927 5109 3043 5178 quis
3067 5107 3130 5162 ad
3159 5106 3302 5159 illum
3327 5103 3508 5156 venire
3533 5145 3545 5166 ,

1970 5218 2070 5271 nisi
2116 5231 2210 5285 per
2235 5229 2342 5267 me.
2373 5209 2502 5278 Quia
2536 5206 2676 5262 enim
2727 5204 2777 5258 id
2820 5203 3048 5257 maxime
3094 5199 3194 5253 illis
3227 5195 3547 5252 offendiculo

1970 5320 2103 5371 erat,
2155 5305 2293 5377 quod
2339 5297 2759 5374 videreturDeo
2804 5291 3137 5349 adversarius
3185 5305 3322 5356 esse,
3354 5287 3403 5342 id
3458 5303 3551 5356 per

1971 5401 2148 5456 omnia
2186 5394 2449 5458 confutat,
2481 5407 2580 5445 nec
2615 5389 2788 5442 minus
2829 5387 2928 5440 1100
2955 5383 3171 5438 curabat
3215 5397 3369 5450 quam
3401 5381 3548 5448 signa

1973 5492 2152 5557 edere,
2183 5490 2289 5542 imo
2319 5486 2489 5554 majus
2517 5499 2576 5537 ea
2608 5482 2658 5535 in
2691 5495 2748 5534 re
2774 5477 3003 5533 studium
3025 5473 3382 5544 impendebat.
3417 5471 3548 5523 Cum

1977 5597 2133 5652 porro
2170 5579 2316 5644 dicit,
2345 5575 2519 5646 Neque
2545 5574 2747 5626 Patrem
2783 5571 2891 5642 quis
2925 5569 3078 5636 novit,
3102 5569 3197 5622 nisi
3228 5566 3412 5631 Filius,
3448 5578 3550 5617 non

2043 5768 2056 5798 ι
2095 5763 2200 5824 Alii,
2222 5764 2422 5811 mentem
2444 5762 2574 5807 tuum
2603 5753 2843 5817 aperiens.
