3900 6194
386 287 486 343 431

377 397 600 462 indicat,
647 395 798 450 illum
837 411 1025 452 omnes
1069 395 1333 468 ignorare,
1361 394 1454 449 sed
1499 392 1764 447 neminem
1817 390 1957 443 illam

381 489 601 555 habere,
629 504 787 559 quam
819 488 931 558 ipse
960 487 1196 552 haberet,
1231 487 1467 540 notitiam
1499 502 1510 537 :
1535 481 1674 553 quod
1705 481 1861 534 etiam
1891 477 1960 533 de

380 579 517 636 Filio
551 578 854 634 dicendum.
890 577 1072 648 Neque
1118 579 1258 634 enim
1289 579 1356 634 de
1400 577 1579 643 ignoto
1601 581 1656 628 et
1683 587 1713 625 a
1745 570 1960 625 nemine

375 670 589 739 cognito
617 669 718 724 deo
747 669 860 725 haec
892 669 1119 735 diccbat,
1151 678 1207 722 ut
1243 667 1470 721 Marcion
1509 663 1717 724 asserit,
1745 659 1838 714 sed
1865 675 1958 714 ac-

377 770 616 816 curatam
643 760 730 816 hic
763 762 1060 817 subindicat
1086 761 1442 832 cognitionem
1471 775 1484 810 :
1510 771 1631 810 nam
1662 770 1729 809 ne
1764 752 1957 806 Filium

375 849 592 918 quidem
617 851 986 922 cognoscimus
1026 859 1082 905 ut
1109 864 1267 905 nosse
1295 856 1504 919 oportet
1529 863 1542 901 :
1574 855 1630 901 et
1658 845 1759 911 hoc
1784 842 1956 914 ipsum

377 940 574 997 Paulus
615 943 693 998 sic
733 943 1039 998 declarabat
1067 959 1080 995 :
1111 941 1195 995 Ea:
1231 950 1374 1010 parte
1415 937 1778 1008 cognouimus,
1807 944 1853 989 et
1895 950 1959 987 ea:

377 1043 520 1100 parte
562 1033 917 1105 prephetamus
944 1032 1021 1102 (Ι.
1053 1031 1170 1087 Cor.
1205 1032 1291 1086 l5.
1331 1028 1443 1098 12).
1477 1027 1674 1082 Deinde
1701 1041 1821 1080 cum
1862 1039 1959 1094 per

375 1139 439 1176 ea
467 1140 586 1193 qua:
625 1123 834 1179 dixerat
868 1124 996 1192 ipsis
1033 1122 1352 1177 desiderium
1380 1119 1676 1184 indidisset,
1703 1130 1958 1186 suamque

374 1213 696 1269 ineffabilem
725 1215 1014 1283 potentiam
1045 1213 1483 1277 demonstrasset,
1515 1219 1641 1263 tunc
1665 1207 1871 1263 vocavit
1894 1207 1958 1260 il-

373 1304 456 1360 los
497 1306 721 1361 dicens:
753 1306 844 1361 28.
884 1305 1057 1360 Venite
1099 1305 1168 1358 ad
1201 1321 1278 1357 me
1301 1319 1471 1357 omnes
1502 1302 1587 1371 qui
1628 1299 1868 1354 laboratis
1910 1308 1957 1351 et

373 1392 567 1453 onerati
589 1401 728 1462 estis,
751 1408 801 1454 et
840 1415 929 1470 ego
969 1399 1191 1466 reﬁciam
1228 1412 1335 1450 vos.
1367 1393 1480 1449 Non
1508 1393 1594 1447 hic
1621 1401 1677 1446 et
1722 1391 1833 1457 ille,
1861 1389 1957 1445 sed

372 1505 559 1544 omnes
579 1490 666 1560 qui
683 1490 735 1544 in
754 1487 1128 1554 sollicitudine,
1154 1488 1204 1540 in
1227 1485 1455 1549 tristitia,
1479 1484 1531 1538 in
1559 1483 1787 1553 peccatis
1805 1481 1955 1536 estis.

376 1579 581 1646 Venite,
610 1594 714 1634 non
743 1588 800 1634 ut
827 1593 1012 1649 ptenas
1053 1586 1320 1647 expetam,
1349 1574 1444 1630 sed
1488 1585 1544 1629 ut
1585 1583 1799 1644 peccata
1843 1571 1956 1626 sol-

369 1685 492 1725 vam
518 1687 533 1735 ;
565 1671 761 1734 venite,
788 1687 891 1725 non
919 1670 1060 1741 quod
1082 1671 1248 1741 gloria
1271 1679 1444 1724 vestra
1473 1683 1678 1738 egeam,
1699 1666 1792 1721 sed
1814 1663 1956 1736 quod

367 1761 591 1815 salutem
621 1771 851 1816 vestram
876 1762 1070 1816 sitiam.
1089 1759 1223 1832 Ego,
1250 1760 1437 1830 inquit,
1463 1759 1686 1826 reﬁciam
1710 1773 1814 1810 vos.
1837 1755 1957 1810 Non

368 1852 464 1918 ait,
512 1851 699 1907 Salvos
741 1852 967 1918 faciam;
999 1852 1092 1907 sed
1137 1851 1279 1921 quod
1319 1851 1489 1905 multo
1535 1849 1703 1920 magis
1748 1857 1864 1914 est,
1898 1847 1956 1902 In

366 1944 514 1999 omni
541 1945 720 2014 quiete
749 1945 1090 1999 constituam.
1117 1943 1208 1998 29.
1237 1943 1420 1998 Tollite
1451 1943 1634 2013 jugum
1672 1957 1835 1997 meum
1863 1958 1953 1996 su—

367 2049 458 2105 per
482 2051 586 2100 vos,
611 2044 658 2088 et
684 2035 856 2088 discite
878 2051 909 2088 a
930 2052 1026 2100 me,
1045 2036 1165 2100 quia
1186 2034 1318 2088 mitis
1341 2050 1453 2088 sum
1473 2042 1521 2087 et
1547 2032 1749 2086 humilis
1769 2031 1955 2098 corde;

365 2133 414 2178 et
438 2123 694 2176 invenietis
723 2124 944 2192 requiem
977 2122 1241 2177 animabus
1264 2123 1454 2177 vestris.
1483 2122 1572 2177 30.
1601 2120 1796 2192 Iugum
1822 2120 1956 2180 enim

365 2229 530 2266 meum
555 2229 704 2267 suave
729 2223 821 2281 est,
845 2223 890 2268 et
915 2231 1040 2268 onus
1079 2229 1240 2267 meum
1259 2208 1379 2267 leve.
1398 2212 1476 2268 Ne
1495 2213 1745 2278 timeatis,
1763 2211 1951 2281 inquit,

364 2317 484 2356 eum
519 2304 703 2374 jugum
742 2304 936 2359 auditis
963 2321 976 2357 :
1007 2319 1167 2359 suave
1192 2305 1387 2376 quippe
1416 2313 1534 2368 est;
1567 2319 1635 2358 ne
1659 2302 1954 2358 formidetis

362 2397 485 2466 quia
517 2397 647 2462 dixi,
677 2413 850 2452 onus:
885 2399 1000 2454 leve
1042 2399 1236 2470 quippe
1265 2408 1366 2454 est.
1398 2399 1466 2454 Et
1496 2399 1763 2470 quomodo
1793 2414 1951 2468 supra

362 2485 531 2542 dixit:
561 2487 789 2559 Angusta
829 2500 900 2543 est
929 2498 1110 2560 porta,
1141 2499 1188 2544 et
1215 2502 1357 2544 arcta
1395 2491 1474 2543 via
1497 2489 1708 2559 (Matth.
1731 2492 1784 2544 7.
1816 2489 1903 2560 14)
1929 2489 1953 2543 2

358 2576 562 2648 Nempe
604 2580 648 2634 si
676 2582 853 2652 segnis
889 2581 964 2636 sis
987 2622 1004 2649 ,
1035 2582 1079 2636 si
1110 2581 1401 2638 remissus:
1447 2590 1504 2637 ut
1529 2583 1572 2637 si
1615 2598 1772 2652 supra
1812 2581 1951 2638 dicta

361 2671 652 2741 perfeceris
670 2714 686 2740 ,
717 2673 828 2728 leve
854 2673 958 2729 erit
985 2687 1161 2740 onus;
1207 2673 1406 2730 idcirco
1434 2690 1576 2730 nunc
1615 2674 1740 2729 illud
1769 2674 1950 2745 hujus-

361 2763 507 2818 mudi
529 2780 648 2820 esse
674 2765 828 2820 dixit.
853 2767 1133 2834 Quomodo
1158 2776 1334 2823 autem
1362 2767 1412 2822 id
1435 2769 1707 2838 perﬁcitur
1725 2768 1753 2822 't‘
1779 2768 1833 2825 Si
1861 2769 1953 2825 hlh

357 2856 501 2911 milis
522 2856 705 2924 fueris,
733 2869 1042 2913 mansuetus
1068 2867 1120 2913 et
1148 2858 1443 2915 modestus.
1474 2859 1600 2914 llaec
1623 2860 1818 2930 quippe
1843 2859 1950 2914 vir-

358 2955 444 3002 tus
475 2957 644 3003 mater
683 2957 766 3004 cst
807 2950 983 3004 omnis
1027 2949 1398 3020 philosophize.
1427 2950 1762 3020 Quapropter
1805 2950 1949 3022 leges

358 3037 568 3093 divinas
607 3039 876 3108 eﬁ‘erens,
909 3040 1032 3100 hinc
1083 3040 1289 3110 incipit.
1332 3041 1429 3096 Hic
1476 3057 1688 3113 quoque
1735 3057 1945 3098 rursum

359 3129 590 3198 idipsum
637 3131 800 3196 facit,
852 3147 1206 3204 magnamque
1254 3134 1404 3203 ponit
1453 3134 1777 3190 mercedem.
1830 3134 1946 3190 Non

357 3231 561 3276 tantum
587 3222 751 3291 enim,
778 3223 968 3294 inquit,
992 3223 1146 3280 alteri
1170 3224 1313 3280 utilis
1336 3225 1464 3289 eris,
1489 3225 1582 3280 sed
1607 3237 1732 3281 ante
1760 3241 1946 3282 omnes

356 3314 452 3369 tibi
485 3318 724 3385 requiem
754 3331 930 3385 paras.
975 3315 1246 3377 Invenietis
1271 3319 1410 3375 enim
1437 3320 1657 3390 requiem
1681 3319 1946 3376 animabus

354 3408 549 3462 vestris.
578 3409 715 3463 Ante
740 3407 914 3464 futura
940 3409 1049 3480 jam
1073 3409 1160 3466 hic
1187 3410 1277 3466 tibi
1300 3411 1730 3479 datmercedem,
1752 3421 1806 3468 et
1825 3412 1946 3468 bra-

355 3499 498 3554 vinm
532 3516 670 3556 nunc
695 3502 898 3571 prmbet
929 3520 940 3555 :
971 3511 1130 3573 atque
1173 3503 1296 3561 hinc
1331 3513 1385 3560 et
1410 3504 1551 3576 quod
1590 3504 1822 3574 seipsum
1853 3504 1945 3562 det

355 3589 410 3644 in
438 3591 764 3660 exemplum,
789 3607 1092 3649 sermonem
1122 3594 1294 3650 reddit
1316 3597 1696 3666 aceeptiorem.

427 3681 482 3735 5.
510 3681 647 3748 Quid
687 3683 829 3737 enim
863 3684 1057 3739 times?
1080 3685 1284 3754 inquit;
1314 3700 1380 3741 ne
1409 3686 1584 3742 minor
1623 3686 1867 3743 habearis
1893 3687 1940 3742 si

350 3773 425 3826 sis
452 3773 705 3830 humilis?
750 3774 835 3830 Me
867 3775 1072 3846 respice
1097 3784 1152 3830 et
1179 3792 1296 3832 mea
1327 3777 1504 3831 omnia
1533 3792 1565 3832 a
1604 3793 1690 3835 me
1727 3777 1938 3857 discito,

351 3875 404 3917 ct
442 3871 568 3918 tunc
595 3865 738 3918 clare
766 3863 905 3920 scies
935 3874 1192 3936 quantum
1229 3867 1301 3921 sit
1338 3867 1559 3921 bonum.
1587 3866 1776 3922 Viden’
1802 3882 1940 3937 quo-

351 3952 514 4007 modo
538 3953 682 4008 omni
707 3970 770 4009 ex
802 3964 949 4024 parte
976 3956 1119 4024 ipsos
1146 3954 1358 4011 inducat
1387 3955 1453 4012 ad
1477 3957 1871 4016 humilitatem?-
1894 3959 1939 4013 Α

349 4047 542 4114 quibus
587 4047 700 4117 ipse
747 4046 912 4103 fecit:
951 4047 1161 4115 Discite,
1208 4047 1398 4120 inquit,
1431 4066 1463 4102 a
1503 4066 1602 4116 me,
1643 4052 1763 4121 quia
1806 4051 1942 4106 mitis

349 4156 462 4194 sum
485 4157 504 4204 ;
531 4141 597 4195 ab
634 4141 698 4196 iis
724 4157 844 4212 qua:
875 4141 975 4213 ipsi
1001 4141 1252 4197 lucratnri
1280 4152 1403 4197 sunt
1429 4161 1443 4198 ε
1472 4157 1616 4209 nam,
1646 4140 1938 4210 Invenietis,

351 4232 542 4303 inquit,
567 4234 787 4302 requiem
817 4233 1080 4288 animabus
1113 4235 1324 4301 vestris;
1347 4234 1414 4289 ab
1441 4235 1506 4290 iis
1531 4251 1649 4306 qua:
1683 4235 1808 4306 ipsis
1837 4235 1942 4290 lar-

348 4325 492 4394 gitur
518 4344 532 4376 :
568 4325 811 4395 Reliciam
841 4343 950 4393 vos,
981 4327 1188 4397 inquit;
1215 4327 1282 4383 ab
1307 4342 1372 4382 eo
1394 4327 1537 4399 quod
1565 4343 1701 4383 unus
1727 4328 1842 4385 leve
1860 4327 1940 4385 cf-

348 4416 534 4473 fccerit
562 4435 576 4473 :
605 4417 799 4489 Iugum
838 4419 968 4472 enim
998 4435 1162 4472 meum
1203 4435 1357 4475 suave
1381 4429 1490 4483 est,
1530 4429 1575 4474 et
1605 4437 1730 4474 onus
1774 4436 1941 4474 meum

349 4507 476 4562 leve.
509 4507 580 4562 Ita
627 4518 678 4563 et
711 4509 907 4564 Paulus
935 4509 1124 4564 suadet
1163 4511 1348 4564 dicens
1389 4528 1403 4564 :
1448 4509 1856 4564 Illomentaneum
1895 4520 1941 4564 et

347 4598 455 4653 leve
479 4597 836 4666 tribulationis,
868 4601 992 4653 mire
1017 4609 1062 4654 et
1087 4616 1241 4671 supra
1267 4601 1472 4654 modum
1491 4611 1734 4655 ceternum
1761 4601 1941 4672 gloria:

348 4691 547 4761 pondus
572 4692 850 4759 operatur(
876 4691 929 4744 2.
955 4691 1072 4746 Cor.
1105 4691 1159 4746 4.
1194 4691 1258 4745 l7
1277 4691 1316 4762 ).
1343 4690 1407 4745 Et
1430 4691 1698 4762 quomodo
1721 4691 1837 4747 leve
1859 4700 1941 4748 est

347 4795 507 4848 onus,
538 4781 766 4850 inquies,
789 4795 911 4835 cum
940 4781 1084 4835 dicat
1109 4799 1122 4834 :
1159 4780 1278 4835 Nisi
1306 4782 1417 4850 quis
1449 4781 1564 4835 odio
1594 4781 1823 4836 habuerit
1848 4799 1940 4852 pa-

348 4882 474 4927 trem
511 4881 557 4926 et
599 4882 832 4936 matrem;
853 4883 927 4934 et,
957 4873 1056 4940 Qui
1083 4890 1181 4927 non
1208 4874 1340 4927 tollit
1371 4890 1570 4928 crucem
1595 4891 1761 4941 suam,
1791 4885 1835 4928 et
1861 4892 1939 4930 se-

343 4966 516 5037 quitur
552 4981 650 5032 me,
683 4981 782 5019 non
825 4974 895 5019 est
926 4982 1004 5018 me
1027 4964 1251 5036 dignus;
1282 4974 1353 5030 et,
1387 4965 1490 5032 Qui
1533 4981 1634 5020 non
1683 4968 1938 5022 renuntiat

343 5055 575 5110 omnibus
604 5071 719 5126 qua'
756 5057 997 5125 possidet,
1030 5072 1131 5110 non
1169 5065 1331 5126 potest
1359 5073 1497 5110 meus
1525 5072 1631 5110 esse
1660 5056 1938 5128 discipulus

339 5149 517 5220 (Luc.
548 5151 636 5205 ll.
685 5149 775 5206 26.
807 5149 898 5208 27.
927 5148 1073 5222 55);
1117 5165 1238 5205 cum
1283 5149 1470 5221 jubeat
1515 5150 1683 5221 ipsam
1726 5166 1937 5222 quoque

339 5241 574 5295 animam
604 5239 729 5296 odio
756 5241 994 5298 habere?
1017 5242 1092 5298 Te
1119 5242 1316 5298 Paulus
1341 5242 1531 5298 doceat
1557 5241 1778 5297 (licens:
1811 5242 1936 5305 Quis

345 5349 438 5387 nos
468 5335 719 5403 separabit
764 5351 795 5388 a
824 5335 1036 5390 caritate
1078 5335 1265 5391 Christi
1288 5336 1313 5391 2
1350 5337 1604 5390 tribulatio
1625 5336 1654 5391 2
1675 5353 1742 5391 an
1770 5353 1934 5408 angu-

339 5424 440 5478 stia
460 5423 486 5478 2
510 5442 576 5478 an
597 5426 874 5496 persecutio
893 5428 920 5482 2
948 5444 1014 5482 an
1045 5431 1205 5499 fames
1223 5428 1249 5482 2
1277 5445 1344 5482 an
1372 5427 1574 5482 auditas
1595 5429 1621 5483 ?
1648 5445 1713 5482 an
1735 5428 1935 5500 pericu-

346 5514 452 5570 lum
473 5515 500 5570 2
528 5532 595 5570 an
619 5516 822 5588 gladius
855 5516 1028 5588 (Rom.
1052 5519 1107 5574 8.
1137 5517 1270 5590 55)?
1299 5528 1372 5583 et,
1404 5517 1524 5574 Non
1541 5529 1655 5574 sunt
1673 5520 1936 5591 condigna:

257 5635 260 5638 ~
344 5605 602 5677 passiones
647 5607 801 5676 hujus
839 5608 1078 5676 temporis
1120 5609 1188 5662 ad
1247 5614 1475 5681 futuram
1531 5611 1780 5682 gloriam,
1823 5628 1936 5682 qtae

338 5699 634 5756 τειιςιηωηιν
656 5689 706 5747 in
722 5691 868 5749 nobis
889 5691 935 5767 (Ι
944 5692 1353 5766 b.18).l)oceant
1368 5708 1419 5758 te
1433 5704 1522 5775 qui
1540 5721 1570 5762 a
1585 5707 1936 5767 consessulu-

1165 281 1224 338 S.
1263 279 1539 337 JOANNIS
1575 277 2048 336 CHRYSOSTOMI
2084 278 2400 335 ARClllEP.
2439 278 2968 337 CONSTANTINOP.

3537 286 3636 340 431

2067 387 2304 442 dmorum
2335 397 2454 458 post
2501 388 2645 443 mille
2671 389 2890 444 verbera
2918 390 3162 446 redibant
3187 389 3487 459 Gaudentes,
3527 396 3639 462 quia

2064 480 2205 549 digni
2249 480 2406 533 habiti
2458 479 2658 550 fuerant
2704 498 2796 550 pro
2829 483 3028 536 nomine
3073 481 3257 537 Christi
3297 487 3638 540 contumeliam

2065 571 2170 639 pati
2197 568 2344 642 (Act.
2372 571 2425 626 5.
2455 571 2578 640 41).
2605 571 2757 639 Quod
2789 571 2834 626 si
2875 572 3049 628 adhuc
3080 573 3233 628 times
3273 584 3328 630 et
3356 575 3640 644 formidas,

2058 657 2242 728 jugum
2273 668 2326 713 et
2345 674 2482 714 onus
2507 661 2748 728 audiens,
2772 677 2877 716 non
2903 677 2934 716 a
2964 671 3151 717 natura
3179 664 3252 719 rei
3277 665 3432 719 timor
3455 667 3640 731 oritur,

2063 751 2158 806 sed
2185 766 2214 804 a
2246 761 2330 805 tua
2378 752 2644 822 segnitie;
2676 753 2746 808 ita
2774 765 2830 808 ut
2855 754 2903 809 si
2945 755 3020 810 sis
3058 765 3273 826 paratus
3301 765 3355 812 et
3382 756 3645 828 diligens,

2061 857 2240 896 omma
2267 842 2361 899 tibi
2391 841 2562 898 facilia
2590 852 2645 899 et
2686 844 2817 899 levia
2845 844 3020 901 futura
3066 847 3192 901 sint.
3223 846 3558 918 Quapropter
3591 857 3642 904 et

2061 927 2302 986 Christus
2327 933 2616 990 ostendens
2643 935 2797 990 nobis
2826 949 2946 991 esse
2971 935 3340 1003 laborandum,
3371 954 3480 994 non
3526 955 3648 994 sua-

2061 1023 2149 1077 via
2180 1032 2380 1077 tantum
2413 1025 2607 1093 posuit,
2630 1040 2801 1096 neque
2821 1042 3045 1083 onerosa
3065 1028 3258 1094 solum,
3279 1029 3373 1084 sed
3401 1041 3642 1100 utraque.

2060 1113 2193 1169 Nam
2225 1125 2280 1170 et
2305 1116 2490 1189 jugum
2520 1119 2717 1188 posuit,
2745 1127 2801 1174 et
2820 1133 2983 1176 suave
3012 1119 3141 1176 illud
3173 1123 3410 1190 vocavit,
3433 1131 3488 1179 et
3513 1137 3646 1180 onus

2061 1208 2388 1277 nominavit,
2426 1209 2733 1281 addiditque
2765 1212 2916 1277 leve;
2949 1228 3016 1268 ne
3052 1213 3139 1268 illa
3166 1223 3225 1268 ut
3262 1214 3527 1270 laboriosa
3569 1214 3646 1271 fu-

2060 1299 2194 1369 gias,
2219 1316 2352 1356 neve
2379 1310 2437 1355 ut
2460 1301 2744 1357 admodum
2775 1303 2943 1358 facilia
2962 1303 3247 1374 despicias.
3276 1305 3428 1373 Quod
3457 1306 3503 1362 si
3533 1318 3646 1378 post

2061 1391 2176 1444 haec
2216 1392 2393 1446 omnia
2432 1392 2662 1448 difﬁcilis
2699 1394 2868 1450 virtus
2905 1409 3028 1452 esse
3074 1396 3166 1452 tibi
3203 1396 3433 1464 videtur,
3474 1397 3647 1468 cogita

2059 1477 2412 1537 difficiliorem
2439 1497 2559 1538 esse
2588 1484 2898 1552 nequitiam,
2919 1485 3061 1554 quod
3090 1486 3260 1557 ipsum
3281 1487 3644 1552 subindicans,

2059 1584 2166 1624 non
2194 1571 2366 1640 primo
2393 1572 2546 1640 dixit,
2575 1573 2763 1628 Tollite
2788 1575 2976 1646 jugum
3020 1592 3204 1644 meum,
3234 1577 3325 1632 sed
3357 1578 3610 1648 prtemisit
3630 1618 3646 1643 ,

2069 1658 2246 1723 Venite
2259 1665 2345 1734 qui
2364 1664 2606 1718 laboratis
2631 1675 2678 1720 et
2697 1668 2891 1724 onerati
2917 1667 3054 1732 estis,
3073 1668 3350 1724 declarans
3370 1681 3644 1740 peceatum

2061 1751 2228 1807 labori
2272 1769 2390 1810 esse
2431 1755 2745 1820 obnoxium,
2776 1765 2831 1812 et
2853 1772 2990 1813 onus
3013 1773 3134 1814 esse
3161 1774 3323 1830 grave
3349 1776 3411 1814 ac
3437 1770 3648 1831 gestata

2060 1842 2300 1900 difﬁcile.
2348 1844 2532 1916 Neque
2577 1847 2720 1903 enim
2776 1847 3086 1904 laborantes
3137 1851 3310 1905 solum
3363 1851 3524 1919 dixit,
3554 1853 3647 1908 sed

2060 1933 2219 1994 etiam
2247 1946 2516 1992 oneratos.
2540 1937 2652 1992 Hoc
2682 1937 2840 1992 etiam
2871 1937 3129 2009 propheta
3156 1939 3384 2006 diccbat,
3418 1941 3538 2012 ejus
3558 1957 3650 1996 na-

2061 2035 2230 2080 turam
2261 2027 2570 2084 describens
2599 2045 2615 2084 :
2645 2029 2790 2088 Sicut
2819 2047 2946 2087 onus
2971 2049 3121 2103 grave
3140 2044 3362 2104 gravata:
3396 2044 3519 2088 sunt
3565 2052 3648 2088 su-

2060 2137 2151 2188 per
2177 2138 2255 2175 me
2284 2121 2456 2191 (Psal.
2486 2123 2575 2177 57.
2601 2123 2679 2194 5).
2715 2122 2845 2179 Illud
2875 2140 3087 2196 quoque
3112 2124 3420 2182 describens
3447 2126 3649 2182 Zacha-

2057 2211 2203 2275 rias,
2234 2211 2308 2266 ait
2351 2211 2521 2281 ipsum
2570 2213 2771 2283 plumbi
2819 2214 3072 2270 talentum
3117 2231 3238 2272 esse
3281 2215 3464 2288 (Zach.
3493 2218 3645 2289 5.7).

2057 2297 2398 2372 ldipsumqne
2419 2303 2746 2372 experientia
2767 2304 3023 2360 declarat.
3043 2305 3184 2360 Nihil
3202 2307 3343 2362 enim
3367 2308 3439 2362 ita
3461 2324 3642 2380 aggra-

2056 2395 2154 2447 vat‘
2192 2393 2447 2460 animam,
2494 2394 2564 2448 ita
2613 2405 2847 2452 mentem
2899 2407 3133 2453 exczccat
3174 2413 3236 2453 ac
3283 2397 3560 2469 deprimit,
3591 2410 3646 2455 ut

2056 2485 2385 2539 conscientia
2416 2486 2658 2556 peccati;
2682 2487 2815 2549 nihil
2843 2487 2986 2543 illam
3016 2489 3342 2546 voluntatem
3375 2491 3447 2544 ita
3477 2490 3643 2546 subli-

2057 2591 2196 2630 mem
2227 2575 2413 2642 efﬁeit,
2431 2585 2488 2631 ut
2504 2576 2724 2646 iustitiae
2745 2592 2809 2633 ac
2829 2579 3040 2634 virtutis
3059 2581 3347 2649 possessio.
3368 2581 3642 2649 Animum,

2055 2683 2258 2738 qumso,
2285 2667 2498 2724 adhibe.
2516 2667 2655 2737 Quid
2684 2669 2985 2738 onerosius,
3007 2686 3165 2744 quam
3189 2670 3316 2726 nihil
3343 2673 3642 2743 possidere,

2055 2768 2265 2815 vertere
2292 2760 2452 2814 aliam
2491 2761 2758 2816 maxillam
2779 2804 2794 2828 ,
2829 2763 3147 2832 percutienti
3183 2779 3288 2819 non
3324 2765 3499 2820 vicem
3527 2765 3643 2821 red-

2053 2849 2184 2907 dere
2205 2893 2220 2918 ,
2249 2854 2385 2908 mori
2424 2853 2654 2910 violenta
2685 2855 2895 2910 morte?
2917 2859 3166 2913 Attamen
3208 2855 3253 2912 si
3294 2857 3642 2930 philosophe-

2054 2959 2196 3010 mur,
2230 2944 2343 3000 haec
2367 2946 2547 3002 omnia
2585 2947 2721 3003 levia
2751 2958 2806 3004 et
2832 2949 3005 3004 facilia
3036 2958 3179 3017 sunt,
3208 2951 3644 3022 voluptatemque

2054 3035 2404 3106 parinnt.Sed
2431 3053 2500 3095 ne
2527 3039 2832 3106 turbemini,
2857 3055 3042 3097 eorum
3067 3041 3273 3113 singula
3301 3042 3646 3113 exploremus

2052 3135 2108 3182 et
2135 3135 2443 3196 tractemus,
2473 3137 2546 3195 et,
2574 3131 2618 3186 si
2643 3131 2823 3196 vultis,
2845 3132 3020 3203 primo
3045 3132 3098 3191 id
3122 3133 3264 3204 quod
3291 3134 3540 3204 plurimis
3570 3137 3643 3190 la-

2050 3215 2322 3273 boriosum
2352 3234 2473 3275 esse
2503 3219 2736 3276 videtur.
2769 3222 2981 3291 Utrum,
3011 3239 3193 3296 quaeso
3220 3234 3291 3289 te,
3308 3241 3476 3297 grave
3502 3235 3558 3282 et
3577 3226 3643 3280 la.

2049 3307 2324 3365 boriosum
2378 3311 2620 3381 videtur,
2656 3330 2818 3369 unum
2858 3325 3099 3372 ventrem
3151 3332 3369 3381 curare.
3395 3333 3466 3373 an
3500 3320 3646 3374 mille

2052 3400 2500 3460 sollicitudinibus
2545 3403 2784 3461 involvi?
2815 3422 2922 3462 uno
2948 3407 3268 3464 vestimento
3295 3409 3441 3465 indui
3467 3413 3642 3467 homi-

2048 3508 2193 3558 nem,
2223 3502 2276 3550 et
2295 3495 2426 3549 nihil
2455 3495 2590 3551 ultra
2616 3512 2876 3568 quaerere,
2903 3514 2969 3554 an
2998 3499 3162 3554 multa
3185 3500 3325 3556 intus
3354 3500 3646 3559 habentem

2046 3584 2134 3641 die
2175 3595 2436 3658 nocteque
2472 3589 2726 3656 cruciari,
2757 3588 2812 3645 in
2839 3605 3024 3647 eorum
3068 3592 3306 3649 custodia
3339 3596 3636 3663 timentem,

2047 3687 2396 3749 trementem,
2425 3682 2642 3739 anxium
2666 3723 2685 3749 ,
2726 3699 2795 3740 ne
2841 3699 2873 3740 a
2913 3686 3072 3743 tineis
3118 3687 3508 3757 corrodantur,
3539 3705 3640 3745 neu

2047 3784 2237 3826 servus
2262 3787 2384 3826 cum
2414 3773 2518 3828 illis
2553 3773 2825 3848 aufugiat?
2856 3776 3054 3834 Verum
3077 3780 3404 3850 quantalibet
3429 3781 3639 3848 dixero,

2046 3859 2150 3915 tale
2175 3859 2326 3927 nihil,
2353 3863 2510 3932 quale
2530 3879 2707 3920 rerum
2735 3867 3084 3943 experientia,
3107 3869 3394 3943 depingere
3411 3873 3639 3930 valeam.

2045 3951 2223 4019 Quare
2247 3953 2442 4009 vellem
2472 3955 2661 4012 adesse
2684 3960 2970 4028 quemdam
2998 3975 3183 4017 eorum
3203 4003 3217 4028 ,
3249 3963 3338 4034 qui
3369 3979 3642 4022 summum

2046 4041 2404 4114 philosophia:
2431 4046 2641 4116 apicem
2684 4049 2994 4120 attigerunt,
3025 4062 3080 4106 et
3119 4060 3240 4107 tunc
3266 4053 3408 4110 clare
3434 4056 3515 4112 rei
3544 4072 3640 4112 vo-

2045 4133 2299 4204 luptatem
2320 4136 2646 4207 perciperes.
2672 4137 2742 4194 Et
2767 4154 2926 4196 nemo
2945 4155 3130 4197 eorum
3160 4143 3247 4213 qui
3273 4155 3646 4216 paupertatem

2045 4237 2247 4296 amant,
2266 4227 2477 4285 divitias
2501 4229 2660 4286 etiam
2678 4230 2886 4289 oblatas
2913 4233 3202 4304 acciperet.
3217 4235 3284 4290 Et
3306 4237 3381 4302 hi,
3408 4238 3644 4310 inquies,

2044 4333 2112 4374 an
2146 4334 2410 4389 pauperes
2453 4335 2704 4392 umquam
2749 4322 2864 4380 ﬁeri
2912 4324 3130 4392 vellent,
3159 4334 3215 4382 et
3239 4331 3636 4397 possessionum

2044 4425 2225 4465 curam
2255 4410 2523 4482 abjicere?
2550 4411 2621 4468 Et
2645 4413 2772 4484 quid
2806 4414 2908 4472 hoc
2933 4418 3056 4472 est?
3079 4419 3464 4490 Argumentum
3495 4433 3640 4478 certe

2045 4501 2283 4558 stultitiae
2331 4510 2385 4558 et
2424 4504 2728 4574 gravissimi
2769 4506 3100 4578 morbi,nec
3133 4511 3210 4566 rei
3249 4511 3638 4582 jucunditatem

2043 4599 2341 4658 declarans.

2114 4691 2168 4746 4.
2196 4689 2360 4761 Cujus
2385 4692 2461 4748 rei
2494 4691 2648 4748 nobis
2679 4701 2842 4749 testes
2883 4692 3081 4754 fuerint
3110 4697 3167 4765 ii,
3199 4699 3287 4769 qui
3310 4700 3548 4771 quotidie
3573 4701 3637 4758 de

2044 4780 2129 4837 his
2158 4781 2601 4840 sollicitudinibus
2633 4783 3026 4856 lamentantur,
3057 4799 3113 4844 et
3139 4791 3299 4846 vitam
3333 4792 3639 4864 hujusnodi

2043 4888 2147 4928 non
2183 4873 2396 4929 vitalem
2437 4889 2558 4931 esse
2585 4885 2794 4946 putant.
2822 4879 2890 4933 At
2920 4879 2996 4941 illi
3041 4896 3145 4936 non
3183 4883 3318 4939 tales
3351 4896 3471 4940 sunt
3495 4887 3639 4952 ,sed

2043 4966 2242 5034 rident,
2269 4967 2561 5033 exsultant,
2593 4985 2691 5025 nec
2715 4971 2893 5026 minus
2918 4971 2986 5030 de
3007 4985 3341 5046 paupertate,
3365 4994 3525 5049 quam
3553 4995 3633 5035 re-

2040 5073 2134 5128 ges
2158 5057 2228 5114 de
2253 5058 2555 5116 diademate
2582 5061 2900 5132 gloriantur.
2931 5063 3165 5120 Rursum
3214 5069 3480 5124 maxillam
3511 5087 3630 5139 per-

2041 5151 2260 5206 cutienti
2289 5149 2504 5215 oﬁ'erre,
2542 5165 2700 5223 quam
2732 5165 3031 5224 percutere,
3062 5155 3231 5212 levius
3256 5168 3311 5216 et
3346 5159 3632 5230 jucundius

2041 5252 2142 5309 est,
2171 5243 2215 5298 si
2258 5243 2541 5299 attendas:
2573 5259 2695 5299 nam
2740 5245 2885 5301 illinc
2927 5246 3136 5302 initium
3176 5248 3323 5316 belli,
3353 5252 3475 5308 hinc
3517 5253 3631 5322 ejus

2039 5334 2238 5390 solutio
2263 5337 2534 5405 provenit;
2566 5345 2621 5392 et
2643 5336 2732 5393 illo
2760 5337 2973 5409 quidem
3003 5339 3162 5396 modo
3187 5341 3410 5397 alterius
3445 5360 3628 5415 rogum

2038 5425 2364 5492 aceendisti,
2419 5425 2519 5483 hoc
2568 5437 2745 5483 autem
2801 5428 3069 5484 ﬂammam
3125 5440 3267 5486 tuam
3308 5436 3627 5490 exstinxisti.

2038 5516 2190 5586 Quod
2230 5527 2408 5574 autem
2457 5534 2562 5574 non
2607 5521 2688 5574 uri
2726 5520 2932 5576 dulcius
2981 5524 3070 5591 sit,
3099 5539 3256 5595 quam
3296 5527 3399 5594 uri,
3433 5528 3626 5581 nemini

2040 5627 2146 5667 non
2178 5620 2358 5666 notum
2382 5621 2483 5668 est.
2506 5611 2659 5680 Quod
2685 5613 2729 5668 si
2757 5629 2844 5670 res
2865 5614 2916 5669 in
2947 5619 3221 5686 corporeis
3241 5617 3308 5671 ita
3331 5633 3391 5674 se
3417 5617 3626 5690 habeat,

2041 5704 2207 5761 multo
2251 5704 2418 5777 magis
2469 5706 2520 5760 in
2563 5707 2625 5762 iis
2665 5723 2784 5778 qua:
2813 5707 2879 5764 ad
2924 5708 3156 5765 animam
3199 5723 3461 5784 spectant.
3491 5711 3624 5781 Quid
