3900 6194
474 227 580 288 435

474 349 538 401 iis
561 345 646 415 qui
668 360 782 398 cum
806 359 866 399 eo
890 350 1056 409 erant,
1076 342 1180 396 nisi
1201 341 1321 397 satis
1346 338 1691 396 sacerdotibus
1709 334 1918 409 (LReg.
1933 330 2056 403 21)?

481 439 614 493 Nam
659 452 785 493 cum
831 452 929 506 pro
968 435 1246 507 discipulis
1296 448 1513 491 causam
1539 431 1688 498 dicit,
1721 427 1978 485 Davidem
2009 427 2064 480 in

479 532 715 588 medium
754 530 1010 596 adducit;
1072 527 1289 599 quando
1334 534 1516 582 autem
1557 538 1657 595 pro
1706 522 1918 591 seipse,
1972 517 2064 572 Pa-

482 635 619 680 trem
669 632 954 678 memorat.
1003 622 1082 677 Ae
1106 619 1229 675 vide
1256 630 1417 690 quam
1458 617 1672 682 acriter,
1702 610 1823 668 Non
1853 611 2062 683 legistis,

380 769 384 777 ,
481 717 673 787 inquit,
697 715 819 785 quid
844 713 1016 785 fecerit
1040 710 1246 767 David?
1272 710 1456 781 Magna
1478 708 1674 780 quippe
1697 714 1813 762 erat
1836 702 2066 776 prophe-

482 816 551 861 tte
582 806 741 874 hujus
781 803 1139 867 existimatio;
1167 802 1241 857 ita
1270 810 1330 856 ut
1360 808 1543 871 postea
1564 798 1757 853 Petrus
1781 809 1903 850 cum
1925 792 2065 863 apud

480 895 696 951 Iudaeos
722 909 843 950 sese
868 892 1181 949 defenderet
1201 929 1217 957 ,
1257 891 1327 945 ita
1355 890 1594 946 diceret:
1629 884 1770 942 Licet
1793 885 1861 939 ad
1889 900 1975 939 vos
2004 883 2069 938 ti-

481 988 598 1041 berc
621 986 686 1039 de
715 984 1004 1055 patriarcha
1033 982 1199 1037 Dauid
1240 982 1406 1035 dicere
1424 1022 1437 1045 ,
1484 979 1724 1051 quoniam
1767 977 1891 1032 obiit
1916 984 1961 1030 et
1985 990 2067 1029 se-

486 1080 661 1149 pultus
685 1089 755 1133 est
775 1080 796 1148 (
818 1079 930 1131 Act.
952 1078 1008 1131 2.
1039 1075 1107 1130 29
1129 1077 1168 1146 ).
1200 1076 1310 1131 Cur
1334 1084 1510 1129 autem
1537 1088 1658 1127 cum
1690 1070 1807 1141 ejus
1834 1068 2069 1125 mentio-

486 1189 609 1228 nem
639 1182 749 1228 tum
793 1172 880 1226 hic
908 1178 1017 1225 tum
1050 1178 1234 1241 postea
1275 1168 1440 1233 facit,
1473 1165 1784 1236 dignitatem
1814 1163 1932 1232 ejus
1961 1175 2068 1216 non

482 1265 910 1323 commemorat?
942 1264 1101 1318 Forte
1126 1262 1248 1332 quia
1291 1277 1360 1316 ex
1402 1260 1495 1315 illo
1533 1271 1703 1329 genus
1732 1254 1978 1311 ducebat.
2011 1253 2070 1308 Si

486 1359 587 1413 viri
617 1357 766 1427 probi
796 1355 1243 1425 indulgentesque
1270 1351 1528 1415 fuissent,
1560 1347 1714 1402 famis
1739 1359 1953 1402 causam
1984 1344 2069 1398 in-

491 1451 750 1507 ducturus
780 1458 929 1511 erat;
952 1447 1072 1517 quia
1102 1460 1230 1500 vero
1258 1443 1472 1499 scelesti
1492 1438 1875 1508 inhumanique
1896 1436 2068 1501 erant,

487 1540 762 1596 historiam
805 1539 912 1593 illis
959 1538 1142 1592 refert.
1184 1535 1393 1590 Marcus
1436 1542 1614 1588 autem
1655 1530 1755 1585 sub
1786 1529 2073 1583 Abiathare

489 1631 767 1686 sacerdote
804 1630 856 1683 id
884 1628 1079 1683 factum
1109 1627 1276 1692 dicit,
1309 1640 1415 1679 non
1445 1620 1791 1694 repugnantia
1836 1617 2074 1673 historite

468 1722 709 1787 “dicens,
738 1720 835 1777 sed
879 1718 1168 1775 ostendens
1197 1718 1344 1772 illum
1389 1714 1715 1770 binominem
1749 1710 1911 1766 fuisse
1932 1750 1946 1774 ,
1976 1708 2075 1763 ad-

484 1815 671 1883 ditque
692 1814 867 1883 ipsum
890 1812 938 1866 ei
960 1825 1124 1881 panes
1151 1808 1363 1865 dedisse
1396 1807 1415 1879 (
1442 1807 1608 1860 Marc.
1634 1805 1688 1859 2.
1718 1804 1788 1859 26
1809 1804 1827 1875 )
1849 1845 1862 1867 ,
1892 1801 2076 1857 simul-

492 1922 598 1975 que
646 1918 893 1975 magnam
938 1901 1169 1957 offerens
1213 1899 1584 1971 purgationem
1608 1937 1623 1963 ,
1652 1894 1793 1967 quod
1824 1892 2076 1949 sacerdos

487 1997 543 2051 id
574 1996 937 2067 permisisset;
970 2007 1069 2048 nec
1093 1991 1256 2047 modo
1282 1989 1631 2060 permisisset,
1659 1986 1755 2043 sed
1781 1986 1941 2041 etiam
1970 1985 2075 2039 mi-

488 2089 793 2142 nistrasset.
822 2084 935 2141 Nec
985 2083 1116 2139 mihi
1145 2082 1292 2137 dicas
1313 2122 1328 2148 ,
1363 2079 1617 2136 Davidem
1648 2077 1812 2132 fuisse
1843 2074 2077 2146 prophe-

495 2190 638 2234 tam:
662 2192 787 2233 nam
811 2191 982 2247 neque
1002 2176 1079 2231 sic
1099 2174 1312 2239 licebat,
1336 2171 1427 2226 sed
1452 2184 1617 2240 penes
1637 2167 1943 2223 sacerdotes
1966 2166 2080 2220 lucc

489 2268 845 2342 praerogativa
870 2274 985 2323 erat
1014 2284 1028 2322 :
1054 2265 1257 2320 idcirco
1284 2262 1525 2326 addidit,
1560 2259 1680 2314 Nisi
1705 2258 1828 2314 solis
1847 2256 2081 2313 sacerdo-

488 2362 644 2415 tibus.
663 2359 887 2414 Etiamsi
905 2357 1048 2414 enim
1072 2354 1329 2426 propheta
1349 2360 1515 2421 esset,
1535 2366 1641 2407 non
1661 2348 1912 2406 sacerdos
1932 2357 2077 2415 erat;

490 2452 604 2507 imo
620 2451 828 2506 etiamsi
846 2448 1105 2520 prepheta
1124 2456 1285 2513 esset,
1306 2453 1360 2500 at
1376 2460 1481 2500 non
1498 2444 1534 2498 ii
1551 2442 1640 2514 qui
1659 2456 1780 2497 cum
1797 2441 1890 2497 illo
1905 2448 2079 2507 erant;

495 2554 617 2598 nam
639 2550 698 2597 et
720 2542 822 2595 illis
843 2548 1056 2611 quoque
1078 2553 1270 2609 panem
1290 2536 1457 2591 dedit.
1482 2534 1621 2602 Quid
1644 2533 1825 2604 igitur,
1848 2532 2079 2603 inquies,

491 2646 721 2705 paresne
749 2642 900 2689 eram
928 2633 1002 2687 illi
1035 2631 1263 2686 Davidi?
1290 2627 1426 2698 Quid
1457 2627 1588 2683 mihi
1619 2626 1931 2697 dignitatem
1965 2639 2081 2680 me-

490 2741 692 2791 moras,
720 2726 809 2780 ubi
836 2725 972 2796 legis
997 2722 1352 2795 transgressio
1378 2736 1497 2777 esse
1524 2728 1765 2791 putatur,
1793 2726 1849 2772 et
1870 2726 2085 2772 natura-

490 2817 562 2871 iis
589 2817 752 2871 instat
771 2814 1062 2869 necessitas
1089 2815 1108 2845 ¹
1131 2815 1154 2867 ?
1181 2812 1392 2868 Etenim
1417 2811 1517 2866 hac
1540 2811 1747 2865 ratione
1771 2809 1941 2880 magis
1963 2809 2085 2863 illos

490 2926 523 2964 a
551 2909 773 2965 crimine
796 2915 1021 2979 purgat,
1049 2922 1171 2962 cum
1195 2906 1239 2961 is
1259 2905 1348 2977 qui
1372 2904 1543 2975 maior
1571 2912 1655 2960 est
1675 2902 1905 2973 idipsum
1936 2900 2081 2957 fecit.

564 3004 620 3057 Ω.
653 3003 720 3057 Ει
739 3000 866 3071 quid
888 3000 1014 3065 hoc,
1046 2998 1279 3069 inquies,
1307 2997 1375 3052 ad
1401 2994 1791 3068 quaestionem?
1813 3010 1918 3050 non
1942 2994 2085 3050 enim

497 3094 589 3149 ille
613 3094 890 3149 sabbatum
920 3102 1284 3161 transgressus
1310 3098 1413 3144 est.
1447 3088 1616 3157 Majus
1639 3095 1786 3144 certe
1815 3085 2085 3158 quidpiam

493 3182 632 3239 dicis
654 3223 670 3248 ,
699 3182 845 3255 quod
872 3178 1072 3236 Christi
1097 3180 1411 3249 sapientiam
1441 3177 1794 3246 demonstrat,
1823 3177 1945 3248 quia
1975 3176 2085 3245 ille,

496 3274 666 3329 misso
688 3274 936 3337 sabbato,
964 3271 1107 3327 aliud
1129 3271 1435 3341 exemplum
1463 3268 1618 3325 all'ert
1642 3269 1864 3326 sabbato
1890 3267 2086 3339 majus.

498 3360 616 3421 Non
646 3365 789 3420 enim
814 3365 1016 3436 aequale
1041 3372 1177 3429 erat,
1202 3362 1346 3419 diem
1374 3363 1517 3417 illam
1544 3362 1766 3427 violare,
1798 3371 1852 3418 et
1878 3376 2087 3417 sacram

506 3458 649 3513 illam
682 3471 923 3511 mensam
948 3456 1233 3527 attingere,
1251 3470 1413 3528 quam
1442 3453 1589 3509 adire
1618 3454 1818 3509 nemini
1846 3454 1924 3508 fas
1950 3460 2083 3507 erat.

504 3549 639 3604 Nam
668 3549 945 3605 sabbatum
972 3563 1121 3619 saepe
1148 3546 1380 3603 solutum
1408 3546 1529 3613 fuit,
1552 3547 1661 3601 imo
1692 3560 1904 3617 semper
1933 3545 2092 3599 solvi-

503 3652 611 3706 tur,
639 3651 698 3696 et
726 3641 778 3695 in
800 3640 1237 3705 circumcisione,
1267 3647 1321 3694 et
1344 3639 1400 3693 in
1425 3639 1544 3694 aliis
1570 3636 1813 3709 plurimis
1842 3636 2092 3708 operibus

499 3733 705 3803 (Nam.
736 3732 826 3788 28.
857 3732 929 3802 9)
963 3751 976 3788 :
1016 3741 1071 3787 et
1095 3731 1151 3786 in
1178 3731 1392 3787 Iericho
1420 3730 1649 3801 idipsum
1681 3728 1878 3784 factum
1912 3728 2093 3783 videre

503 3836 587 3881 est
611 3826 631 3892 (
646 3825 804 3881 Iosue
853 3824 908 3879 6.
938 3824 1009 3895 4)
1035 3841 1049 3877 :
1080 3823 1184 3879 hoc
1207 3833 1384 3878 autem
1410 3833 1538 3877 tunc
1564 3824 1734 3877 solum
1763 3821 1961 3877 factum
1987 3829 2090 3876 est.

499 3919 685 3984 Quare
708 3932 739 3971 a
770 3915 959 3986 majori
987 3915 1234 3985 exemplo
1264 3928 1351 3969 res
1380 3900 1807 3969 evinciturQCur
1835 3928 1965 3983 ergo
1996 3926 2091 3967 ne-

505 4025 598 4066 mo
628 4011 883 4065 Davidem
911 4010 1182 4065 accusavit
1201 4052 1217 4076 ,
1245 4009 1453 4064 etiamsi
1483 4009 1586 4064 alia
1615 4007 1786 4077 major
1809 4006 2097 4063 accusandi

506 4103 729 4159 materia
774 4103 1019 4170 adesset,
1052 4102 1120 4157 ob
1166 4100 1503 4156 sacerdotum
1535 4098 1739 4155 caedem
1763 4142 1776 4163 ,
1825 4113 1948 4170 qua:
1974 4096 2100 4154 inde

502 4194 786 4251 exordium
818 4194 1087 4249 duxerat?
1129 4193 1328 4248 Verum
1354 4192 1487 4248 illud
1529 4206 1635 4247 non
1674 4200 1941 4247 memorat
1968 4191 2096 4259 ille,

504 4288 607 4345 sed
628 4287 681 4342 in
704 4303 764 4342 re
784 4287 1053 4356 proposita
1080 4287 1343 4341 consistit.
1373 4284 1579 4341 Deinde
1601 4294 1776 4339 autem
1805 4284 1911 4339 alio
1938 4283 2100 4339 modo

506 4379 937 4436 criminationem
986 4379 1163 4433 solvit.
1198 4376 1353 4431 Initio
1392 4377 1589 4447 quippe
1620 4373 1870 4430 Davidem
1898 4374 1956 4428 in
1985 4388 2102 4429 me-

506 4472 659 4527 dium
682 4472 921 4537 adduxit,
952 4470 1067 4540 ejus
1092 4485 1336 4541 persona:
1362 4469 1619 4540 dignitate
1647 4467 2005 4540 arrogantiam
2036 4468 2102 4521 il-

508 4564 690 4617 iorum
717 4563 1053 4633 reprimens;
1081 4573 1359 4632 postquam
1386 4572 1563 4616 autem
1593 4561 1714 4615 illos
1743 4570 2098 4631 represserat,

512 4655 930 4725 superbiamque
975 4654 1186 4709 illorum
1230 4662 1573 4721 coercuerat,
1619 4663 1744 4708 tunc
1771 4652 1938 4722 magis
1981 4651 2101 4706 ido-

516 4763 672 4802 neam
714 4746 868 4802 affert
914 4746 1256 4801 solutionem.
1285 4745 1541 4812 Quaenam
1573 4746 1662 4800 illa
1703 4746 1855 4799 erat?
1884 4747 1938 4801 5.
1988 4743 2101 4798 Ne-

511 4842 656 4897 scitis
672 4839 913 4910 quoniam
934 4838 986 4892 in
1014 4837 1198 4907 templo
1227 4837 1511 4892 sacerdotes
1536 4836 1797 4891 sabbatum
1823 4837 2033 4902 violant,
2055 4844 2104 4890 et

518 4933 626 4986 sine
667 4930 876 4985 crimine
900 4929 1056 4984 sunt?
1096 4928 1210 4985 Illic
1233 4971 1247 4995 ,
1279 4927 1450 4997 inquit
1475 4969 1489 4992 ,
1522 4928 1735 4983 occasio
1760 4943 1874 4985 rem
1903 4928 2058 4983 solvit
2086 4945 2101 4994 ;

516 5024 607 5080 hic
630 5040 759 5079 vero
783 5022 935 5078 adest
954 5023 1069 5077 sine
1099 5021 1379 5077 occasione
1406 5020 1624 5075 solutio.
1652 5020 1755 5077 Sed
1786 5037 1889 5075 non
1922 5022 2103 5075 statim

519 5126 589 5171 tta
620 5115 815 5181 solvit;
845 5128 1031 5169 verum
1058 5114 1231 5186 primo
1260 5113 1409 5183 quasi
1440 5128 1555 5168 rem
1581 5113 1733 5167 venia
1764 5113 1976 5184 dignam
2011 5132 2105 5182 po—

515 5213 634 5279 nit,
676 5221 860 5283 postca
909 5226 1038 5267 vero
1085 5209 1272 5264 fortius
1320 5210 1501 5265 instat.
1546 5208 1680 5264 Nam
1706 5209 1848 5279 quod
1880 5208 2105 5264 validius

514 5316 652 5370 erat,
684 5314 957 5375 postremo
984 5302 1312 5359 afferendum
1343 5302 1460 5367 fuit,
1494 5302 1700 5357 etiamsi
1734 5301 1783 5356 id
1813 5302 1952 5372 quod
1996 5302 2105 5372 pri-

521 5412 667 5451 mum
697 5396 914 5452 allatum
946 5405 1059 5462 est,
1093 5396 1197 5450 vim
1228 5409 1378 5450 suam
1423 5393 1665 5448 haberet.
1694 5391 1771 5448 Ne
1803 5392 1931 5448 mihi
1961 5393 2102 5449 enim

514 5485 704 5552 dicas,
752 5486 803 5540 id
853 5504 957 5542 non
1001 5501 1120 5544 esse
1161 5502 1191 5541 a
1218 5485 1439 5543 crimine
1470 5484 1685 5540 liberari
1716 5528 1730 5553 ,
1760 5499 1856 5556 par
1885 5485 2105 5541 alterius

584 5660 985 5728 'Lege,quamris
1010 5665 1243 5718 naturalis
1262 5665 1400 5719 instet
1425 5667 1695 5719 necessitas.

1191 220 1250 284 Β.
1289 216 1568 283 JOANNIS
1614 208 2095 279 CHRYSOSTGMI
2144 213 2464 274 ARCHIEP.
2501 216 3039 278 CONSTANTINOP.

3641 225 3739 280 656

2171 332 2374 388 crimen
2406 334 2459 388 in
2489 334 2724 390 medium
2768 334 2979 392 atl'erre.
3021 335 3154 391 Nam
3183 335 3395 407 quando
3424 336 3468 391 is
3493 338 3578 408 qui
3626 338 3741 397 fecit

2172 438 2276 479 non
2306 433 2616 491 accusatur,
2649 434 2774 481 tunc
2802 426 2852 480 id
2885 428 2935 480 in
2980 427 3347 483 defensionem
3376 430 3618 499 usurpari
3647 446 3739 502 po-

2169 522 2294 571 test.
2327 516 2521 571 Verum
2554 518 2643 572 illo
2674 534 2778 572 non
2810 528 3093 574 contentus
3124 519 3260 584 fuit,
3292 520 3385 574 sed
3417 520 3556 591 quod
3584 524 3743 595 magis

2170 616 2586 664 consentaneum
2630 617 2712 664 est
2753 608 2908 663 aﬂ'ert
2930 650 2947 675 ,
2980 608 3164 666 dicens
3196 608 3247 665 id
3276 609 3420 680 quod
3451 610 3641 666 factum
3670 622 3747 667 est

2171 713 2277 753 non
2300 711 2417 753 esse
2436 708 2714 770 peccatum
2739 716 2752 752 :
2783 699 2923 769 quod
2952 700 3255 769 conspicua:
3283 700 3520 755 victoria:
3546 701 3744 772 signum

2171 796 2325 857 erat,
2354 803 2476 844 cum
2520 788 2824 845 ostenderet
2854 805 2913 845 se
2957 790 3126 862 legem
3158 790 3381 847 solvisse
3402 833 3418 857 ,
3452 792 3560 847 imo
3590 791 3641 847 id
3672 792 3748 849 bis

2173 883 2364 939 fecisse
2388 924 2403 949 ,
2436 892 2547 939 tum
2585 899 2615 938 a
2660 885 2778 940 loco
2802 926 2817 949 ,
2851 893 2962 942 tum
2992 900 3022 938 a
3050 885 3314 951 sabbato;
3358 885 3485 956 quin
3516 886 3676 941 etiam
3699 896 3748 941 et

2175 984 2258 1032 ter
2282 977 2470 1033 fecisse
2490 1019 2506 1047 ,
2539 976 2681 1048 quod
2710 978 2907 1049 duplex
2935 993 3067 1050 opus
3095 980 3289 1034 factum
3319 988 3499 1045 esset,
3533 987 3591 1035 et
3615 980 3748 1035 aliud

2173 1082 2242 1126 ex
2264 1071 2635 1129 sacerdotibus
2658 1072 3022 1143 subjunxisset
3045 1091 3058 1127 :
3083 1072 3332 1143 quodque
3354 1072 3527 1142 majus
3548 1083 3648 1139 est,
3672 1088 3752 1129 ne-

2174 1179 2279 1234 que
2317 1165 2517 1220 crimen
2550 1162 2675 1221 illud
2715 1181 2854 1222 esse.
2899 1165 3032 1221 Nam
3072 1166 3178 1231 ait,
3213 1166 3339 1223 Sine
3379 1168 3589 1222 crimine
3622 1180 3747 1224 sunt.

2176 1248 2365 1311 Viden’
2393 1265 2591 1324 quanta
2621 1257 2838 1328 posuit?
2867 1257 3066 1313 Locum
3103 1270 3119 1309 :
3144 1273 3295 1323 nam,
3330 1250 3395 1312 In
3428 1260 3616 1325 templo
3640 1302 3653 1323 ,
3682 1260 3754 1315 in-

2176 1348 2327 1420 quit,
2369 1346 2566 1404 factum
2613 1358 2735 1416 est;
2782 1364 3106 1419 personam:
3148 1365 3374 1420 nempe,
3408 1349 3751 1416 Sacerdotes;

2176 1445 2421 1512 tempus:
2446 1454 2590 1507 nam,
2615 1438 2891 1498 Sabbatum
2914 1451 3064 1509 erat;
3091 1458 3204 1498 rem
3233 1444 3429 1513 ipsam:
3455 1459 3581 1499 nam
3602 1484 3616 1506 ,
3648 1442 3755 1498 Vio-

2178 1524 2321 1597 Iant,
2355 1533 2563 1603 inquit:
2598 1549 2772 1605 neque
2815 1535 2956 1590 enim
3006 1536 3172 1604 dixit,
3200 1537 3457 1602 Solvunt‘;
3489 1536 3587 1592 sed
3625 1539 3755 1608 quod

2179 1627 2393 1697 gravius
2434 1635 2549 1692 est,
2608 1625 2811 1681 l’iolant
2840 1644 2859 1681 :
2904 1628 3044 1697 quod
3094 1644 3198 1682 non
3245 1628 3405 1682 modo
3443 1643 3633 1698 pinnas
3661 1645 3758 1684 non

2181 1718 2339 1783 dent,
2385 1718 2477 1773 sed
2517 1719 2658 1791 quod
2699 1719 2921 1775 crimine
2968 1719 3300 1785 liberentur;
3332 1735 3452 1774 nam
3483 1719 3601 1786 ait,
3648 1719 3761 1775 Sine

2182 1811 2392 1865 crimine
2429 1821 2566 1866 sunt.
2608 1811 2663 1866 ld
2705 1827 2830 1866 vero
2870 1828 2937 1868 ne
2978 1813 3174 1882 putetis
3210 1812 3383 1868 simile
3421 1813 3592 1883 priori
3629 1828 3757 1868 esse.

2182 1901 2314 1957 Nam
2341 1902 2471 1957 illud
2500 1903 2663 1957 semel
2691 1902 2889 1958 factum
2916 1911 2999 1958 est
3022 1941 3038 1973 ,
3070 1919 3173 1959 nec
3197 1919 3228 1959 a
3254 1903 3628 1959 sacerdotibus
3647 1944 3662 1968 ,
3691 1913 3762 1957 at-

2183 2008 2287 2063 que
2314 2008 2380 2048 ex
2407 1995 2726 2049 necessitate
2751 2010 2765 2060 ;
2809 1992 2930 2048 ideo
2958 1994 3113 2048 venia
3140 1993 3283 2065 digni
3308 2002 3463 2050 erant
3493 2012 3511 2049 :
3548 1993 3649 2049 hoc
3671 2009 3760 2049 au-

2184 2096 2291 2142 tem
2322 2085 2544 2157 singulis
2574 2086 2810 2142 sabbatis
2834 2126 2848 2150 .
2877 2102 2906 2140 a
2934 2084 3333 2151 sacerdotibus,
3364 2086 3418 2159 in
3449 2086 3655 2156 templo
3676 2126 3689 2150 ,
3715 2094 3763 2141 et

2185 2177 2475 2234 secundum
2503 2176 2698 2247 legem.
2727 2177 3062 2248 Quapropter
3090 2193 3194 2231 non
3247 2175 3407 2232 modo
3433 2178 3593 2235 venia
3630 2177 3763 2247 digni

2186 2278 2312 2325 sunt
2330 2311 2345 2336 ,
2373 2270 2468 2325 sed
2494 2271 2653 2326 etiam
2684 2268 2977 2326 secundum
3004 2269 3173 2341 legem
3202 2269 3355 2341 culpa
3385 2271 3562 2325 vacui.
3591 2271 3762 2342 Neque

2187 2361 2331 2417 enim
2369 2360 2702 2417 criminando
2731 2360 2849 2415 lucc
2876 2360 2986 2415 dixi
3012 2402 3027 2428 ,
3069 2361 3277 2432 inquit,
3318 2376 3491 2431 neque
3522 2376 3586 2416 ex
3628 2364 3765 2417 venia

2187 2456 2360 2511 solum
2389 2455 2543 2525 culpa
2574 2454 2773 2511 liberos
2803 2463 2978 2509 statuo
2997 2495 3013 2522 ,
3040 2453 3138 2510 sed
3169 2470 3235 2509 ex
3267 2454 3489 2525 justititc
3525 2456 3659 2524 lege.
3688 2453 3768 2508 Vi-

2188 2548 2453 2619 deturque
2480 2548 2601 2603 illos
2631 2546 2948 2613 defendere,
2979 2547 3079 2602 hos
3104 2556 3283 2603 autem
3312 2548 3541 2605 crimine
3568 2548 3765 2603 liberat.

2188 2642 2322 2699 Cum
2350 2641 2492 2697 enim
2520 2642 2610 2706 ait,
2643 2641 2766 2697 Sine
2795 2641 3003 2695 crimine
3031 2645 3187 2696 sunt:
3218 2648 3274 2696 at
3301 2641 3353 2697 bi
3383 2641 3559 2697 multo
3582 2641 3757 2711 magis,

2191 2732 2383 2802 inquit.
2415 2730 2520 2788 Sed
2545 2748 2649 2786 non
2671 2742 2796 2786 sunt
2816 2730 3149 2786 sacerdotes.
3177 2734 3245 2785 At
3269 2730 3644 2788 sacerdotibus
3668 2746 3767 2786 ma-

2187 2822 2335 2893 jores
2365 2840 2378 2877 :
2408 2822 2522 2893 ipse
2550 2837 2777 2892 namque
2806 2821 2987 2890 templi
3020 2820 3273 2876 Dominus
3304 2821 3388 2878 hic
3410 2821 3608 2888 adest;
3637 2823 3766 2877 veri-

2190 2921 2275 2968 tas
2297 2955 2313 2981 ,
2345 2929 2449 2968 non
2480 2915 2646 2984 figura
2674 2930 2687 2968 :
2732 2913 2850 2968 ideo
2888 2912 3099 2969 dicebat
3122 2955 3136 2979 ,
3170 2914 3222 2968 6.
3255 2913 3382 2967 Dico
3410 2924 3585 2969 autem
3609 2915 3766 2980 vobis,

2191 3007 2310 3073 quia
2329 3006 2514 3076 templo
2536 3008 2701 3075 major
2722 3014 2791 3059 est
2816 3005 2915 3058 hic.
2940 2992 3189 3059 Attamen
3212 3019 3331 3059 cum
3358 3005 3481 3058 talia
3511 3005 3767 3069 audirent,

2192 3098 2328 3154 nihil
2354 3097 2641 3153 dixerunt:
2676 3097 2799 3167 quia
2824 3110 2928 3150 non
2950 3095 3017 3151 de
3046 3096 3217 3151 salute
3244 3096 3474 3151 hominis
3504 3096 3771 3167 agebatur.

2195 3189 2399 3246 Deinde
2419 3189 2539 3259 quia
2565 3187 2616 3242 id
2639 3188 2981 3243 audientibus
3005 3203 3167 3259 grave
3192 3187 3471 3244 videbatur
3503 3203 3649 3253 esse,
3678 3188 3773 3241 cito

2195 3280 2321 3336 illud
2351 3280 2669 3345 occultavit,
2701 3294 2885 3333 rursus
2922 3277 2990 3333 ad
3022 3278 3230 3334 veniam
3260 3292 3570 3333 sermonem
3600 3290 3768 3348 agens.

2197 3388 2296 3428 nec
2322 3373 2437 3427 sine
2465 3371 2827 3443 increpatione
2852 3371 2933 3426 sic
2960 3371 3146 3427 dicens
3175 3388 3189 3425 :
3223 3372 3275 3424 7.
3308 3370 3369 3425 Si
3397 3379 3572 3425 autem
3597 3371 3775 3425 sciretis

2200 3463 2323 3536 quid
2360 3473 2455 3528 est,
2490 3463 2541 3516 Μ
2550 3463 2895 3517 isert'cordiam
2922 3464 3070 3530 volo,
3100 3473 3148 3517 et
3175 3478 3275 3516 non
3304 3463 3620 3531 sacriﬁcium
3639 3505 3654 3529 ,
3684 3478 3774 3515 non

2198 3556 2620 3611 condemnassetis
2642 3555 2931 3609 innocentes
2955 3554 2973 3625 (
2999 3552 3127 3609 Osee
3151 3553 3202 3609 6.
3229 3554 3320 3626 6).
3350 3552 3542 3609 Viden’
3567 3570 3775 3625 quomoa

2197 3648 2267 3704 do
2296 3664 2481 3704 rursus
2511 3660 2813 3703 sermonem
2843 3647 2910 3702 ad
2942 3646 3149 3701 veniam
3178 3658 3339 3717 agat,
3370 3655 3422 3701 et
3451 3662 3667 3703 rursum
3694 3663 3777 3701 ve-

2199 3740 2285 3794 nia
2327 3738 2630 3810 superiores
2668 3740 2687 3772 ¹
2821 3738 3106 3793 ostendat?
3157 3738 3278 3793 Non
3319 3739 3776 3805 condemnassetis,

2200 3832 2409 3903 inquit,
2446 3832 2756 3887 innocentes.
2799 3831 2951 3886 Prius
2989 3831 3328 3888 sacerdotum
3366 3834 3671 3905 exemplum
3701 3842 3776 3887 at-

2204 3924 2322 3979 tulit
2347 3967 2361 3993 ,
2394 3923 2581 3979 dicens
2609 3924 2921 3978 innocentes
2951 3924 3071 3978 illos
3099 3938 3219 3979 esse
3247 3941 3261 3978 :
3305 3923 3408 3979 hoc
3434 3934 3617 3980 autem
3646 3941 3675 3980 a
3705 3939 3780 3979 se«

2204 4015 2432 4085 metipso
2459 4014 2638 4085 ponit;
2670 4014 2778 4069 imo
2804 4029 2932 4069 vero
2957 4023 3012 4070 et
3035 4014 3138 4070 hoc
3163 4029 3193 4068 a
3223 4015 3379 4087 lege:
3414 4014 3777 4088 propheticum

2203 4107 2346 4163 enim
2371 4105 2571 4159 dictum
2613 4106 2874 4161 recitavit.

2274 4199 2327 4254 5.
2356 4197 2564 4253 Sabbati
2578 4197 2629 4252 in
2654 4198 2805 4253 veteri
2826 4196 2932 4269 lege
2953 4196 3164 4263 utilitas,
3183 4196 3432 4251 inutilitas
3449 4198 3501 4251 in
3525 4214 3657 4254 nova
3676 4214 3783 4269 pro.

2205 4291 2673 4347 batur.—Demum
2722 4291 2878 4345 aliam
2919 4290 3072 4345 affert
3097 4306 3312 4346 causam
3339 4290 3526 4348 dicens
3561 4310 3576 4347 :
3611 4293 3664 4349 8.
3683 4292 3783 4346 Do-

2204 4386 2373 4439 minus
2397 4385 2528 4438 enim
2554 4393 2627 4438 est
2675 4382 2887 4438 Sabbati
2925 4384 3093 4438 Filius
3124 4384 3341 4439 hominis
3359 4426 3375 4451 ,
3404 4384 3473 4443 de
3508 4386 3690 4456 seipse
3716 4386 3785 4439 lo-

2201 4489 2396 4547 quens.
2446 4474 2653 4529 Marcus
2712 4489 2840 4528 vero
2888 4473 3036 4528 illum
3083 4474 3150 4529 de
3178 4476 3447 4530 communi
3500 4488 3691 4532 natura
3740 4476 3783 4529 id

2200 4567 2406 4622 dixisse
2434 4567 2637 4621 refert:
2672 4565 2953 4621 Sabbatum
2976 4608 2992 4633 ,
3039 4566 3239 4636 inquit,
3278 4580 3486 4638 propter
3544 4569 3785 4624 hominem

2206 4660 2400 4729 factum
2417 4666 2533 4724 est,
2560 4674 2667 4720 non
2694 4664 2861 4711 autem
2888 4657 3036 4711 homo
3065 4667 3272 4727 propter
3295 4658 3564 4714 sabbatum
3595 4659 3777 4729 (Marc.

2209 4752 2265 4805 2.
2297 4750 2410 4821 27).
2446 4749 2560 4804 Cur
2581 4765 2709 4820 ergo
2735 4750 3055 4820 supplicium
3087 4749 3186 4804 luit
3227 4749 3317 4805 ille
3343 4751 3433 4820 qui
3466 4751 3611 4823 ligna
3647 4752 3787 4806 colli-

2214 4845 2374 4918 gebat
2404 4842 2591 4918 (Num.
2618 4840 2703 4898 15.
2738 4842 2826 4898 55.
2858 4845 3015 4917 sqq.)?
3031 4842 3163 4911 Quia
3213 4843 3257 4897 si
3288 4843 3438 4898 initio
3482 4844 3633 4914 leges
3675 4860 3788 4898 con~

2217 4948 2430 5011 temptas
2459 4937 2703 5002 fuissent,
2730 4936 2818 4991 vix
2846 4946 3026 5006 postea
3050 4936 3324 4992 servandte
3342 4945 3512 4991 erant.
3533 4937 3668 4992 Nan:
3702 4937 3787 4990 ini~

2213 5032 2286 5086 tio
2313 5029 2591 5085 sabbatum
2624 5030 2674 5083 in
2702 5029 2882 5083 multis
2909 5028 3266 5099 gravibusque
3296 5030 3456 5084 rebus
3482 5030 3613 5086 utile
3649 5038 3785 5084 erat.

2208 5121 2439 5191 exempli
2472 5136 2629 5174 causa
2650 5161 2665 5186 ,
2695 5119 2745 5173 id
2772 5119 3039 5175 efficiebat
3066 5129 3121 5174 ut
3152 5121 3310 5175 mites
3354 5119 3682 5192 humanique
3711 5136 3787 5173 cs-

2211 5221 2331 5268 sent
2364 5227 2484 5267 cum
2514 5211 2857 5282 propinquis;
2895 5210 3121 5265 docebat
3160 5227 3254 5267 eos
3281 5212 3375 5266 Dei
3411 5212 3787 5281 providentiam

2210 5316 2266 5362 et
2293 5306 2615 5361 creationem
2646 5324 2657 5359 :
2692 5305 2831 5377 quod
2861 5306 2949 5376 ait_
2963 5306 3211 5362 Ezechiel
3241 5324 3253 5359 :
3284 5306 3525 5363 Erudivit
3545 5323 3642 5364 eos
3672 5323 3791 5378 pau-

2212 5399 2358 5455 latim
2379 5440 2394 5465 ,
2426 5408 2485 5453 ut
2524 5399 2852 5455 abstinerent
2872 5415 2899 5452 a
2945 5400 3179 5470 nequitia
3205 5441 3217 5463 ,
3249 5409 3303 5455 et
3348 5410 3405 5455 ut
3434 5401 3791 5471 spiritualibus

2214 5492 2580 5550 incumberent
2611 5492 2822 5548 (Bacch.
2849 5490 2962 5565 ΞΟ).
2995 5493 3126 5549 Nam
3170 5494 3215 5549 si
3236 5509 3362 5550 cum
3392 5494 3563 5567 legem
3596 5492 3791 5553 sabbati

2244 5664 2315 5729 (ιι)
2338 5666 2387 5719 id
2410 5675 2502 5729 est,
2528 5674 2681 5731 potius
2702 5666 2845 5718 laude
2868 5680 3012 5731 quam
3031 5668 3167 5719 venia
3190 5662 3377 5731 dignos.
