3922 6300
164 318 277 376 αἱδῦ

160 434 335 500 αὐτῷ
355 431 587 503 φαγεῖν,
612 428 755 484 οὐδὲ
780 428 904 494 τοῖς
917 428 1043 497 μετ’
1061 425 1269 490 αὐτοῦ,
1300 427 1352 478 εἰ
1376 424 1463 493 μὴ
1489 426 1700 493 μόνοις
1721 425 1843 491 τοῖς

158 520 471 588 ἰερεῦσιν;
502 518 673 571 Ὅταν
709 515 808 585 μὲν
833 513 943 583 γάρ
969 513 1109 581 ὑπὲρ
1140 509 1249 562 τῶν
1283 510 1541 579 μαθητῶν
1565 508 1841 577 ἀπολογῆ-

156 622 282 663 ται,
310 603 404 654 τὸν
434 599 595 653 Δαυῖδ
622 600 701 661 εἰς
726 597 887 667 μέσον
916 596 1159 664 παράγει
1182 610 1195 623 '
1215 593 1345 645 ὅταν
1368 592 1425 643 65
1456 592 1597 663 ὑπὲρ
1620 592 1840 657 ἑαυτοῦ,

158 688 258 740 τὸν
281 683 523 751 Πατέρα.
544 682 654 735 Καὶ⁵
674 681 775 751 ὃρα
801 677 914 741 πῶς
935 675 1344 746 ἐπιπληκτικῶς
1364 692 1377 705 ο
1410 677 1531 728 Οὐκ
1548 675 1845 744 ἀνέγνωτε

160 768 227 820 τί
266 765 523 832 ἐποίησε
570 761 782 825 Δαυτδ;
829 759 931 813 Καὶ⁸
966 758 1075 828 γὰρ
1110 758 1276 827 πολλὴ
1302 756 1395 809 τοῦ
1413 759 1696 827 Προφήτου
1723 752 1839 828 ἦνή

160 848 319 913 δόξα,
334 846 411 911 ὡς
439 848 530 900 καὶ
552 846 753 914 Πέτρον
774 842 907 913 μετά
932 842 1102 896 ταῦτα
1113 841 1543 910 ἀπολογούμενον
1564 841 1697 910 πρὸς
1714 842 1845 894 Ἰου-

157 931 579 995 δαίους“οὖτως
626 930 831 981 εἰπεῖν·
880 926 1058 991 Ἐξὸν
1085 925 1274 979 εἰπεῖν
1316 922 1466 991 μετὰ
1504 925 1869 993 παρρησίας-κ

162 1017 323 1083 πρὸς
349 1014 505 1081 ὑμᾶς
535 1012 669 1081 περὶ
700 1011 809 1066 τοῦ
845 1009 1211 1080 πατριάρχου
1244 1008 1445 1072 Δαυῖδ,
1478 1007 1566 1061 ὅτι
1599 1008 1694 1061 καὶ
1728 1008 1845 1061 ἐτε-

160 1100 438 1165 λεύτησε
487 1096 585 1150 καὶ
634 1094 843 1163 ἐτάφη.
890 1092 1043 1146 Διατὶ
1093 1092 1151 1145 δὲ
1203 1091 1369 1144 αὐτὸν
1407 1091 1527 1160 ούχὶ
1568 1088 1704 1159 μετά
1749 1089 1843 1142 τοῦ

163 1181 480 1248 ἀξιώματος
506 1178 682 1241 καλεῖ,
715 1177 837 1231 οὔτε
861 1176 1115 1239 ἐνταῦθα,
1149 1174 1272 1228 οὔτε
1303 1174 1439 1245 μετά
1466 1174 1635 1227 ταῦτα
1661 1175 1845 1238 ;“ῐσως

162 1262 357 1334 ἐπειδὴ
385 1262 596 1316 ἐκεῖθεν
626 1262 687 1315 τδ
709 1261 864 1330 γένος
893 1260 1153 1330 κατῆγεν.
1184 1259 1248 1312 Et
1281 1258 1376 1328 μὲν
1397 1252 1489 1310 οὖν
1521 1273 1843 1327 συγγνωμο-

160 1347 308 1398 νικοί
351 1346 396 1377 δ’
414 1362 557 1408 τινες
570 1341 734 1415 ἦσαν,
763 1343 854 1396 ἐπὶ
877 1343 937 1397 τὸ
962 1343 1133 1405 πάθος
1150 1342 1217 1395 ἂν
1236 1341 1337 1411 τῆς
1356 1340 1547 1411 πείνης
1581 1340 1673 1393 τὸν
1688 1340 1844 1408 λόγον

159 1429 377 1498 ἤγαγεν
396 1443 411 1456 ο
444 1427 630 1497 ἐπειδὴ
660 1426 717 1479 δὲ
742 1424 929 1496 μιαροὶ
951 1424 1046 1477 καὶ
1076 1422 1456 1494 ἀπάνθρωποι,
1480 1422 1575 1476 καὶ
1604 1422 1845 1492 ἱστορίαν

161 1510 351 1572 αὐτοῖς
370 1508 752 1578 ἀναγινώσκει.
793 1508 851 1560 Ὀ
891 1507 947 1560 65
981 1506 1227 1576 Μάρκος,
1276 1506 1408 1559 Ἐπὶ
1454 1504 1715 1572 Ἀϐιάθαρ
1737 1504 1843 1558 τοῦ

160 1593 511 1661 ἀρχιερέως,
559 1592 746 1662 φησὶν,
795 1590 896 1644 οὐκ
950 1590 1169 1645 ἐναντία
1217 1588 1392 1658 λέγων
1441 1588 1487 1621 ⁸⁸
1514 1592 1578 1660 τῇ
1611 1588 1842 1659 ἱστορίᾳ,

160 1677 303 1730 ἀλλά
328 1677 543 1740 δεικνὺς
565 1677 645 1729 ὃτι
670 1675 936 1746 διώνυμος
967 1670 1035 1746 ἦν
1054 1691 1069 1706 ο
1100 1674 1196 1727 καὶ
1222 1674 1581 1745 προστίθησιν
1597 1674 1679 1727 ὃτι
1700 1674 1844 1726 ἐκεί-

156 1778 253 1825 νος
282 1762 485 1815 ἔδωκεν
510 1760 687 1830 αὐτῷ·
718 1760 935 1822 δεικνὺς
983 1760 1080 1813 καὶ
1126 1759 1379 1813 ἐντεῦθεν
1404 1759 1648 1830 μεγάλην
1675 1754 1842 1812 οὖσαν

160 1845 487 1912 ἀπολογίαν,
518 1844 653 1897 ὅπου
682 1860 747 1912 γε
779 1842 922 1897 καὶὸ
950 1843 1128 1914 ἱερεὺς
1149 1842 1415 1915 ἐπέτρεψε
1433 1859 1446 1873 ’
1476 1843 1572 1897 καὶ
1598 1843 1658 1895 οὐ
1682 1842 1843 1911 μόνον

161 1928 485 1999 ἐπέτρεψεν,
542 1927 680 1981 ἀλλά
734 1928 828 1980 καὶ
874 1926 1254 1997 διηκονήσατο.
1291 1928 1381 1996 Μὴ
1426 1928 1535 1999 γάρ
1574 1944 1663 1997 μοι
1692 1926 1840 1993 λέγε,

158 2014 243 2066 ὅτι
268 2013 558 2083 προφήτης
610 2006 679 2082 ἦν
708 2012 737 2063 6
768 2011 958 2064 Δαυῖδ”
986 2010 1108 2064 οὐδὲ
1164 2010 1274 2080 7&9
1312 2011 1487 2075 οὕτως
1530 2009 1678 2081 ἐξῆν,
1708 2010 1843 2065 ἀλλὰ

159 2095 273 2149 τῶν
331 2096 525 2166 ἱερέων
574 2089 644 2165 ἦν
686 2094 746 2147 τὸ
791 2092 1150 2165 προτέρημα·
1209 2094 1290 2148 διὸ
1327 2096 1421 2147 καὶ
1478 2095 1840 2166 προσέθηκεν,

159 2181 231 2233 El
266 2178 358 2247 μὴ
388 2176 516 2243 τοῖς
568 2177 791 2245 ἱερεῦσι
829 2176 1062 2246 μόνοις.
1104 2175 1167 2229 Εἰ
1213 2176 1323 2249 γὰρ
1356 2179 1451 2231 καὶ
1484 2178 1745 2248 μυριάκις
1772 2173 1843 2248 ἦν

159 2263 473 2334 προφήτης,
506 2260 620 2314 ἀλλ’
652 2261 751 2330 οὐχ
784 2259 961 2333 ἱερεύς
982 2276 994 2289 ·
1023 2261 1072 2312 εἱ
1101 2260 1157 2313 65
1178 2262 1273 2313 καὶ
1303 2263 1507 2325 ἐκεῖνος
1535 2262 1841 2331 προφήτης,

160 2346 315 2418 [435]
347 2345 463 2399 ἀλλ’
493 2344 613 2414 ούχὶ
642 2345 735 2397 καὶ
762 2345 811 2397 οἱ
837 2346 954 2414 μετ’
986 2342 1149 2396 αὑτοῦ
1177 2359 1191 2372 ⁸
1226 2344 1321 2396 καὶ
1357 2344 1465 2412 7&9
1493 2343 1587 2396 καὶ
1612 2343 1843 2405 ἐκείνοις

158 2429 354 2482 ἔδωκε.
388 2428 453 2481 Τί
481 2424 609 2494 οὖνς
646 2425 843 2496 φησίν·
893 2425 1006 2479 ἴσον
1030 2426 1075 2457 ⁸⁵
1107 2424 1267 2478 Δαυῒδ
1301 2427 1394 2479 καὶ
1443 2418 1623 2490 οὗτοις
1660 2424 1724 2476 Τί
1754 2441 1842 2494 μοι

156 2513 343 2581 λέγεις
372 2510 553 2577 ἀξίαν,
578 2510 711 2563 ὅπου
757 2509 921 2578 νόμου
961 2508 1273 2579 παράϐασις
1308 2504 1634 2570 εἶναιδοκεῖ,
1667 2506 1768 2560 κᾶν
1797 2507 1841 2538 ⁸³

158 2594 382 2663 φύσεώς
408 2595 556 2647 ἐστιν
596 2592 843 2661 ἀνάγκη;
878 2592 989 2645 Καὶ
1023 2592 1132 2663 7&9
1177 2592 1270 2645 καὶ
1308 2592 1482 2663 ταύτῃ
1519 2592 1719 2662 μᾶλλον
1744 2590 1843 2643 αύ-

159 2679 292 2740 τοὺς
312 2676 590 2747 ἀπήλλαξε
621 2674 729 2727 τῶν
762 2673 1124 2744 ἐγκλημάτων
1154 2675 1223 2739 ⁸⁸,
1260 2674 1389 2729 ὅταν
1415 2678 1443 2729 6
1480 2674 1682 2746 μείζων
1717 2675 1845 2744 φαί-

161 2778 325 2832 νηται
349 2759 410 2813 τὸ
443 2753 577 2812 αύτδ
600 2756 940 2829 πεποιηκώς.
1772 2776 1775 2779 ⁷

236 2844 306 2913 β’.
336 2842 447 2895 Καὶ
472 2841 525 2894 τί
553 2841 713 2894 τοῦτο
754 2842 891 2911 πρὸς
921 2841 981 2895 τὸ
1013 2840 1379 2913 ξητούμενονς
1410 2843 1575 2911 φησίν
1595 2859 1607 2871 ·
1639 2842 1701 2894 οὐ
1733 2840 1843 2913 7&9

158 2928 228 2997 δὴ
267 2925 536 2979 σάϐϐατον
567 2926 772 2987 ἐκεῖνος
794 2923 1032 2995 παρέϐη.
1063 2925 1137 2977 Τὸ
1174 2926 1357 2996 μεῖζόν
1395 2943 1483 2997 μοι
1515 2925 1711 2995 λέγεις,
1748 2927 1842 2978 καὶ

156 3012 190 3064 ὃ
222 3012 463 3081 μάλιστα
488 3010 728 3063 δείκνυσι
748 3008 841 3062 τοῦ
870 3009 1107 3080 Χριστοῦ
1135 3009 1234 3080 τὴν
1266 3010 1479 3078 σοφίαν,
1503 3010 1582 3062 ὃτι
1618 3010 1678 3063 τὸ
1709 3010 1839 3062 σάϐ-

161 3095 330 3148 ϐατον
356 3093 537 3162 ἀφεὶς,
565 3093 751 3163 ἕτερον
768 3091 1073 3162 ὑπόδειγμα
1106 3092 1260 3162 φέρει
1295 3091 1391 3144 τοῦ
1420 3091 1688 3145 σαϐϐάτου
1724 3093 1841 3163 μεῖ-

162 3178 278 3240 ζον.
311 3176 446 3229 Οὐδὲ
477 3175 587 3245 7&9
606 3175 647 3206 ⁵⁷
680 3175 815 3236 ἴσον,
842 3173 1156 3245 παραϐῆναι
1175 3174 1408 3245 ἡμέραν,
1435 3176 1527 3229 καὶ
1551 3176 1648 3247 τῆς
1690 3176 1838 3246 ἱερᾶς

163 3259 382 3327 ἐκείνης
415 3260 656 3327 ἀψασθαι
679 3258 977 3328 τραπέζης,
1011 3253 1079 3329 ἦς
1112 3257 1298 3329 μηδενὶ
1328 3258 1485 3328 Θέμις
1512 3254 1599 3329 ἦν.
1636 3258 1709 3311 T6
1740 3259 1839 3328 μὲν

160 3342 274 3414 γάρ
304 3342 577 3395 σάϐϐατον
606 3342 700 3395 καὶ
726 3341 889 3411 ἐλύθη
917 3341 1201 3405 πολλάκις,
1226 3340 1425 3411 μᾶλλον
1437 3342 1493 3394 δὲ
1526 3341 1613 3395 ἀεὶ
1632 3341 1836 3407 λύεται,

162 3427 260 3478 καὶ
306 3426 365 3477 ἐν
412 3428 479 3496 τῇ
537 3426 829 3495 περιτομῇ,
875 3424 971 3477 καὶ
999 3425 1057 3477 ἐν
1102 3424 1310 3495 ἑτέροις
1347 3424 1588 3478 πλείοσιν
1620 3424 1835 3495 ἔργοις·

161 3510 261 3563 καί⁵
289 3512 350 3563 ἐν
369 3512 437 3580 τῇ
468 3508 677 3579 Ἱεριχῶ
699 3508 755 3561 65
780 3508 839 3561 τὸ
867 3507 998 3560 αὐτὸ
1019 3506 1309 3577 γενόμενον
1332 3506 1427 3559 ἴδοι
1451 3524 1534 3569 τις
1566 3506 1632 3561 ἀν
1652 3525 1666 3539 θ
1684 3506 1839 3559 τοῦτο

158 3596 218 3648 δὲ
244 3593 370 3647 τότε
404 3592 563 3662 μόνον
600 3591 834 3659 ἐγένετο.
861 3591 1023 3643 Ὥστε
1069 3589 1177 3643 ἀπὸ
1209 3588 1303 3643 τοῦ
1338 3589 1580 3651 πλείονος
1612 3590 1645 3660 ἡ
1688 3589 1835 3659 νίκη.

163 3677 290 3740 Πῶς
320 3672 417 3730 οὖν
450 3674 624 3737 οὐδεὶς
654 3675 939 3727 ἐνεκάλεσε
972 3672 1051 3743 τῷ
1079 3672 1260 3735 Δαυῖδ,
1300 3673 1478 3726 καίτοι
1522 3670 1616 3724 καὶ
1647 3670 1836 3724 τούτου

168 3759 356 3830 μεῖζον
386 3758 636 3829 ἔγκλημα
660 3758 847 3828 ἓτερον
876 3752 967 3827 ἦν,
1000 3756 1061 3809 τὸ
1086 3756 1179 3808 τοῦ
1204 3756 1365 3824 φόνου
1398 3754 1507 3807 τῶν
1542 3754 1730 3824 ἱερέων
1748 3754 1837 3807 ὲν-

161 3843 357 3898 τεῦθεν
374 3842 536 3896 λαϐὸν
551 3841 650 3913 τὴν
672 3842 875 3913 ἀρχήν;
915 3840 1052 3893 Ἀλλ’
1071 3840 1131 3893 ού
1154 3838 1363 3910 τίθησιν
1384 3838 1516 3892 αύτό
1537 3856 1549 3870 ·
1578 3839 1714 3910 πρὸς
1731 3838 1837 3910 γάρ

162 3929 224 3980 τὸ
252 3925 620 3999 προκείμενον
662 3926 876 3978 ἵσταται
928 3924 1107 3994 μόνον.
1147 3919 1280 3976 Εἶτα
1311 3922 1472 3977 πάλιν
1515 3923 1608 3976 καὶ
1637 3922 1839 3993 ἑτέρως

165 4010 297 4065 αὐτὸ
335 4009 475 4063 λύει.
518 4008 606 4061 Ἑν
647 4010 790 4079 ἀρχῇ
835 4009 933 4079 μὲν
962 4008 1071 4077 7&9
1100 4006 1190 4060 τὸν
1228 4005 1388 4060 Δαυῒδ
1421 4008 1730 4079 παρήγαγε,
1759 4008 1838 4079 τῷ

162 4094 441 4165 ἀξιώματι
474 4093 567 4147 τοῦ
598 4093 888 4165 προσώπου
937 4091 1314 4145 καταστέλλων
1359 4092 1541 4145 αὐτῶν
1568 4091 1664 4163 τὴν
1700 4092 1841 4146 ἀπό-

164 4198 315 4235 νοιαν
340 4198 355 4211 ⁸
394 4180 583 4251 ἐπειδὴ
638 4180 693 4233 65
746 4180 943 4243 αὐτοὺς
995 4177 1343 4248 ἐπεστόμισε,
1388 4179 1481 4231 καὶ
1517 4178 1617 4249 τὴν
1643 4179 1838 4242 ἀλαζο-

162 4270 315 4322 νείαν
345 4267 582 4332 καθεῖλε,
634 4267 751 4320 τότε
789 4268 879 4320 καὶ
916 4264 1016 4335 τὴν
1054 4266 1394 4335 κυριωτέραν
1432 4266 1627 4334 ἐπάγει
1660 4265 1833 4319 λύσιν.

166 4358 307 4410 Ποία
338 4356 397 4408 δὲ
428 4350 497 4427 ἦν
530 4353 701 4423 αὖτη;
740 4356 861 4408 Οὐκ
877 4354 1097 4414 οἴδατε,
1132 4353 1300 4407 ὅτιέν
1315 4350 1396 4417 τῷ
1434 4353 1567 4421 ἱερῷ
1587 4356 1640 4407 οἱ
1666 4353 1839 4421 ἱερεῖς

163 4446 230 4498 τὸ
250 4444 558 4498 σάϐϐατον
569 4443 925 4510 βεϐηλοῦσι,
943 4441 1037 4494 καί
1064 4441 1321 4494 ἀναίτιοί
1341 4443 1532 4505 εἰσιν;
1566 4442 1713 4494 Ἐκεῖ
1743 4442 1841 4512 μὲν

163 4534 300 4604 7&9,
322 4533 512 4603 φησὶν,
535 4532 568 4602 ἡ
590 4530 909 4601 περίστασις
928 4529 1025 4599 τὴν
1055 4528 1208 4582 λύσιν
1223 4526 1476 4599 ἐποίησεν
1496 4545 1509 4558 ·
1531 4528 1765 4582 ἐνταῦθα
1783 4528 1841 4582 δὲ

164 4622 261 4675 καὶ
298 4621 468 4691 χωρὶς
507 4619 880 4689 περιστάσεως
901 4618 935 4687 ή
964 4616 1137 4681 λύσις.
1170 4616 1307 4669 Ἀλλ’
1323 4617 1424 4668 οὐκ
1445 4615 1646 4680 εὐθέως
1671 4615 1843 4681 οὕτως

162 4710 357 4762 ἔλυσεν
382 4724 396 4739 ⁸
447 4706 584 4761 ἀλλά
623 4706 837 4777 πρῶτον
862 4704 1004 4758 κατὰ
1047 4702 1396 4775 συγγνώμην,
1437 4700 1555 4758 εἶτα
1584 4705 1727 4759 κατά
1758 4705 1844 4759 έν-

164 4814 378 4850 στασιν.
409 4795 483 4849 Τὸ
510 4796 619 4867 7&9
668 4793 1011 4866 ἱσχυρότερον
1054 4793 1278 4863 ὕστερον
1317 4793 1364 4825 ’⁵⁸
1393 4794 1617 4862 ἐπάγειν
1652 4796 1840 4867 ἐχρῆν,

160 4885 414 4951 καίτοιγε
445 4883 538 4936 καὶ
571 4881 633 4936 τὸ
671 4882 937 4954 πρότερον
957 4881 1054 4952 τὴν
1076 4881 1280 4935 οἰκείαν
1314 4876 1427 4951 εἶχε
1460 4881 1707 4953 δύναμιν.
1750 4883 1841 4955 Μὴ

162 4972 277 5043 γάρ
305 4988 397 5042 μοι
429 4971 580 5039 λέγε.
611 4971 692 5023 ὃτι
714 4972 815 5023 οὐκ
844 4970 991 5023 ἔστιν
1013 4969 1357 5040 ἀπηλλάχθαι
1385 4969 1748 5041 ἐγκλήματος,
1779 4971 1842 5024 τὸ

160 5062 264 5115 καὶ
319 5060 506 5131 ἕτερον
537 5058 597 5111 τὸ
652 5058 784 5112 αὐτὸ
824 5058 1205 5130 ἁμαρτάνοντα
1243 5060 1324 5122 εἱς
1380 5058 1544 5129 μέσον
1576 5060 1837 5126 ἐνεγκεῖν.

164 5148 341 5201 Ὅταν
368 5146 477 5217 γὰρ
504 5145 579 5216 μὴ
605 5145 902 5216 ἐγκαλῆται
932 5147 961 5198 6
989 5144 1324 5216 πεποιηκὼς,
1348 5146 1509 5215 νόμος
1546 5145 1840 5215 ἀπολογίας

162 5236 380 5305 γίνεται
405 5234 468 5287 τὸ
500 5234 786 5305 τολμηθὲν.
815 5233 960 5305 Πλὴν
982 5234 1082 5287 οὐκ
1111 5233 1356 5304 ἠρκέσθη
1377 5234 1569 5304 τούτῳ,
1592 5234 1727 5288 ἀλλὰ
1748 5236 1843 5289 καὶ

160 5325 225 5379 τὸ
255 5324 592 5397 κυριώτερον
629 5323 828 5390 ἐπάγει
873 5322 1068 5391 λέγων,
1102 5322 1185 5375 ὅτι
1221 5322 1340 5376 ούδέ
1372 5324 1675 5396 ἁμάρτημά
1725 5327 1842 5379 ἐστι

238 5462 287 5492 ⁸⁸
324 5459 415 5515 Sic
441 5460 599 5514 codd.
624 5469 677 5513 el
705 5458 800 5513 Ge.
823 5453 1233 5528 _567vw9.ovixo_i_
1254 5452 1383 5528 [illi].
1416 5464 1692 5528 ιἰςτορτ-ιιι
1713 5452 1809 5528 Grg

2017 5454 2036 5485 ³
2076 5455 2291 5528 ἐναντία
2315 5454 2512 5528 λέγων]
2540 5456 2832 5528 ἀντιλέγων
2860 5452 2993 5506 \lnr.
3029 5453 3160 5528 Βιιιι.

162 5544 222 5589 οι
242 5548 392 5588 corr.
428 5530 490 5583 Ι).
525 5531 617 5583 καὶ
639 5541 765 5583 ante
792 5522 937 5583 οὗτοι
970 5522 1082 5583 oin.
1110 5527 1154 5578 Α
1194 5523 1253 5577 Ε.
1290 5522 1350 5575 F.
1430 5524 1474 5555 “
1497 5524 1621 5649 κάνέ
1652 5524 1747 5577 καὶ
1779 5524 1917 5579 Edd.

164 5601 585 5649 Gn-\’ulgalum
627 5610 809 5649 tuetur
844 5601 993 5649 Arm.
1074 5599 1117 5630 ⁸⁷
1170 5593 1300 5649 γὰΟΙ
1347 5590 1563 5649 π‹1‹1.ἦν
1616 5596 1729 5648 ldd.
1807 5596 1853 5626 ⁸⁸
1892 5595 1917 5646 ὖ

1616 5596 1729 5648 de.
1807 5610 1809 5619 ‘

2012 5614 2115 5665 ιρον
2146 5612 2253 5647 mn.
2289 5596 2347 5649 Ε.
2380 5596 2449 5649 ob
2480 5598 2790 5650 hummolel.
2836 5594 3012 5649 Simili
3046 5589 3444 5665 ca'suic'ljamiii
3471 5589 3610 5665 ⁸Βοιι.

1716 5665 1761 5737 ’Ψ
1796 5664 1951 5736 μηδὲ]
1985 5662 2077 5737 καὶ
2110 5667 2182 5735 μή
2212 5666 2343 5718 Eahl.
2509 5666 2638 5737 εἰσι]
2663 5684 2793 5735 φησι
2827 5667 2883 5720 C.
2963 5666 3139 5737 “AMiq
3164 5662 3260 5737 δή]
3298 5663 3431 5737 μηδέ
3455 5662 3517 5737 Α.

1718 5736 1762 5766 ⁵⁵
1799 5734 2132 5807 συγγνώμην
2160 5734 2338 5807 μόνον,
2364 5736 2498 5788 ἀλλὰ
2526 5734 2782 5790 καὶκατά
2816 5738 2873 5791 Ε.
2906 5745 2958 5789 cl
2986 5735 3065 5807 sic
3102 5735 3236 5788 Edd.
3300 5734 3378 5807 _"

164 5606 267 5658 Ge.
291 5601 585 5671 Vulgalum
627 5610 809 5671 lueiur
844 5601 993 5652 Arm.
1050 5599 1117 5671 7"
1170 5593 1301 5664 7&9]
1327 5594 1469 5671 ‘mld‘.
1495 5590 1563 5671 ἦν

163 5678 200 5729 2
227 5664 450 5729 excidii.
553 5674 597 5703 δ’
636 5670 733 5742 τῷ]
757 5670 815 5723 τύ
837 5673 901 5723 Α.
933 5672 991 5724 C.
1026 5670 1087 5742 Er.
1121 5684 1171 5735 p.
1193 5682 1257 5742 li.
1280 5664 1528 5742 γίνεσθαι

168 5749 231 5799 Ι).
267 5744 325 5798 Ε.
354 5760 409 5813 p.
442 5759 495 5811 p.
519 5743 652 5814 φησὶ
679 5736 919 5814 ili:e_sl_in
939 5741 1117 5814 *ιςάάγῇ
1169 5736 1624 5814 -τθξῖἱερέιονβάιίΣ

1300 308 1365 362 ΙΝ
1407 306 1825 365 MATTIUEUM
1860 307 2092 363 IIOMIL.
2133 305 2374 362 XXXIX.
2412 307 2482 361 al.
2526 305 2640 361 XL.

3502 296 3604 353 456
3656 336 3661 341 ι

1946 424 2005 476 τὸ
2036 423 2427 493 γεγενημένον’
2467 423 2604 490 ὅπερ
2645 418 2877 489 μάλιστα
2919 418 3179 487 λαμπράς
3210 415 3365 485 νίκης
3409 409 3496 483 ἦν,
3547 414 3607 466 τὸ

1943 512 2113 575 δεῖξαι
2139 511 2231 564 τὸν
2262 510 2424 580 νόμον
2469 508 2660 562 ἑαυτὸν
2706 505 3071 577 παραλύοντα,
3120 502 3219 557 καὶ
3253 502 3411 571 διπλῇ
3449 500 3609 555 τοῧτο

1946 598 2226 656 ποιοῦντα.
2276 600 2369 651 καὶ
2417 596 2525 651 ἀπὸ
2574 593 2667 648 τοῦ
2696 594 2862 646 τόπου
2898 592 2990 645 καὶ
3027 590 3134 644 ἀπὸ
3159 587 3252 642 τοῦ
3303 586 3603 641 σαϐϐάτου·

1948 686 2148 756 μᾶλλον
2175 685 2232 738 65
2259 686 2353 738 καὶ
2384 684 2606 755 τριπλῇ,
2646 681 2725 752 τῷ
2747 682 2791 713 ⁸9
2817 682 2911 734 καὶ
2934 677 3153 732 διπλοῦν
3175 676 3237 729 τὸ
3274 675 3433 747 ἔργον
3455 673 3609 743 γενέ-

1947 774 2089 836 σθαι,
2125 776 2215 826 καὶ
2264 772 2401 843 μετά
2429 771 2619 825 τούτου
2674 770 2767 824 καὶ
2794 768 3003 838 ἓτερον,
3026 765 3088 818 τὸ
3122 765 3226 818 ὑπὸ
3250 763 3357 817 τῶν
3379 763 3569 833 ἱερέων
3592 778 3606 790 ·

1946 860 2040 912 καὶ
2066 859 2126 912 τὸ
2152 860 2215 931 δὴ
2254 856 2457 928 μεῖζον,
2507 857 2566 909 τὸ
2596 857 2731 927 μηδὲ
2765 856 2808 886 ⁵⁸
2839 854 3089 923 ἔγκλημα
3119 846 3258 903 εἶναι
3279 867 3291 879 ·
3344 849 3612 903 Ἀναίτιοι

1944 951 2073 1022 7&9,
2108 951 2292 1020 φησὶν,
2313 950 2492 1002 εἰσίν.
2514 943 2669 1010 Εἶδες
2694 945 2840 999 πόσα
2868 943 3113 1008 τέθεικε;
3142 940 3233 994 τὸν
3262 939 3423 992 τόπον
3448 953 3461 967 ·
3510 938 3612 989 Ἐν

1946 1038 2026 1104 τῷ
2056 1036 2189 1107 ἱερῷ
2229 1039 2336 1109 γάρ
2375 1052 2547 1107 φησι·
2584 1035 2645 1088 τὸ
2684 1033 3009 1104 πρόσωπον·
3046 1033 3110 1084 Οἱ
3148 1028 3319 1097 ἱερεῖς
3346 1024 3486 1098 γάρ’
3523 1023 3612 1077 τδν

1944 1128 2134 1198 καιρόν
2158 1143 2171 1156 ⁸
2212 1126 2282 1180 Τύ
2307 1124 2607 1180 σάϐϐατον
2627 1122 2735 1195 γάρ
2761 1138 2927 1193 φησι·
2950 1120 3012 1173 τὸ
3038 1120 3273 1187 πρᾶγμα
3304 1115 3435 1168 αύτό
3457 1129 3470 1142 ο
3502 1116 3607 1165 Βε-

1946 1213 2201 1281 ϐηνὶοὗσι
2223 1214 2332 1283 γάρ
2356 1228 2370 1243 ·
2396 1211 2515 1265 οὐδὲ
2542 1210 2651 1282 7&9
2688 1206 2830 1275 εἰπε,
2863 1206 3116 1271 Λύουσιν,
3169 1202 3306 1258 ἀλλά
3334 1202 3394 1255 τδ
3428 1216 3612 1269 φορτι-

1946 1300 2205 1373 κώτερον,
2252 1299 2585 1367 Βεϐηλοῦσι
2609 1316 2623 1329 ο
2670 1297 2731 1350 τὸ
2768 1296 2844 1367 μὴ
2888 1296 3047 1367 μόνον
3079 1292 3154 1364 μὴ
3207 1292 3363 1361 δίκην
3389 1287 3609 1349 διδόναι,

1943 1389 2080 1444 ἀλλά
2111 1388 2203 1442 καὶ
2226 1388 2405 1450 αἰτίας
2433 1385 2778 1457 ἀπηλλάχθαι
2803 1401 2815 1413 ·
2857 1384 3123 1438 Ἀναίτιοι
3145 1381 3253 1450 γάρ
3281 1381 3399 1438 εἱσι
3433 1375 3500 1429 ⁸¹.
3520 1374 3611 1444 Μὴ

1945 1478 2009 1547 δὴ
2044 1478 2088 1509 ⁸²
2118 1476 2374 1547 νομίσητε
2411 1473 2570 1528 τοῦτο
2596 1474 2781 1544 ὅμοιον
2820 1467 2979 1535 εἶναι,
3035 1468 3188 1540 φησὶ,
3221 1466 3298 1537 τῷ
3342 1464 3609 1535 προτέρῳ.

1949 1564 2099 1637 [454]
2144 1563 2347 1616 Ἐκεῖνο
2384 1564 2481 1633 μὲν
2514 1561 2622 1633 γὰρ
2670 1560 2764 1614 καὶ
2799 1558 2947 1623 ἅπαξ
2992 1557 3214 1625 γέγονε,
3254 1553 3347 1607 καὶ
3381 1552 3478 1621 οὐχ
3510 1550 3614 1602 ὑπὸ

1950 1651 2138 1722 ἱερέως
2187 1651 2256 1715 ⁸³,
2300 1649 2395 1703 καὶ
2425 1649 2672 1719 ἀνάγκης
2703 1643 2770 1717 ἦν
2791 1663 2805 1677 ⁸
2837 1646 2925 1699 διὰ
2959 1644 3116 1697 τοῦτο
3148 1642 3241 1695 καὶ
3285 1638 3612 1708 συγγνώμης

1942 1739 2190 1807 ἐγένοντο
2243 1737 2382 1801 ἄξιοι
2405 1755 2419 1768 ·
2480 1736 2638 1790 τοῦτο
2686 1736 2741 1788 65
2778 1736 2871 1789 καὶ
2900 1732 3022 1787 καθ’
3054 1733 3284 1784 ἕκαστον
3320 1727 3609 1789 σάϐϐατον,

1943 1826 2038 1879 καὶ
2071 1825 2175 1878 ὑπὸ
2220 1824 2430 1896 ἱερέων,
2468 1824 2561 1876 καὶ
2592 1825 2648 1875 ἐν
2677 1821 2838 1892 ἱερῷ,
2882 1819 2979 1874 καὶ
3022 1817 3161 1871 κατά
3194 1816 3375 1887 νόμον.
3413 1814 3612 1885 Διόπερ

1940 1913 2060 1966 ούδέ
2099 1911 2238 1966 κατὰ
2263 1909 2614 1981 συγγνώμην,
2647 1908 2781 1962 ἀλλὰ
2810 1906 2951 1962 κατὰ
2979 1906 3024 1938 ⁵⁸
3054 1905 3216 1976 νόμον
3245 1905 3381 1957 εἰσὶν
3428 1900 3612 1971 ἀπηλ-

1940 2000 2199 2071 λαγμένοι
2240 1998 2348 2052 τῶν
2382 1996 2764 2067 ἐγκλημάτων.
2811 1994 2946 2047 Οὐδὲ
2987 1992 3097 2064 γὰρ
3149 1989 3396 2059 ἐγκαλῶν
3441 1988 3614 2040 ταῦτα

1941 2084 2114 2151 εἷπον,
2154 2087 2339 2158 φησὶν,
2374 2086 2495 2139 ούδέ
2527 2084 2669 2139 κατὰ
2717 2081 3050 2153 συγγνώμην
3109 2080 3307 2142 αὐτοὺς
3336 2078 3381 2109 ⁸⁸
3436 2075 3613 2137 αἰτίας

1941 2175 2323 2241 ἀπαλλάττων,
2349 2174 2485 2228 ἀλλὰ
2508 2173 2650 2227 κατὰ
2671 2172 2760 2225 τὸν
2788 2171 2880 2225 τοῦ
2906 2169 3115 2224 δικαίου
3147 2162 3321 2236 λόγον.
3342 2165 3451 2218 Καὶ
3469 2165 3615 2217 δοκεῖ

1944 2264 2041 2334 μὲν
2096 2262 2233 2334 ὑπὲρ
2280 2263 2503 2316 ἐκείνων
2553 2258 2958 2329 ἀπολογεῖσθαι,
2987 2256 3210 2319 τούτους
3260 2254 3316 2307 δὲ
3343 2250 3615 2321 ἐλευθεροῖ

1940 2351 2051 2404 τῶν
2103 2350 2487 2420 ἐγκλημάτων.
2534 2350 2703 2402 Ὅταν
2774 2346 2883 2418 7&9
2937 2345 3095 2416 εἷπῃο
3148 2341 3420 2397 Ἀναίτιοι
3457 2341 3614 2391 εἰσιν

1942 2442 2139 2493 ἐκεῖνοι
2165 2456 2177 2469 ·
2233 2437 2420 2507 Πολλῷ
2481 2437 2683 2507 μᾶλλον
2713 2428 2881 2495 οὗτοι,
2923 2432 3109 2502 φησίν.
3165 2430 3300 2482 Ἀλλ’
3337 2428 3435 2481 οὐκ
3480 2426 3615 2479 εἰσὶν

1944 2530 2130 2597 ἱερεῖς.
2168 2526 2307 2579 Ἀλλ’
2349 2524 2540 2595 ἱερέων
2576 2524 2812 2595 μείζους.
2866 2521 3035 2583 Αὐτὸς
3067 2518 3177 2589 7&9
3213 2518 3476 2588 πάρεστιν
3525 2515 3614 2566 ἐν·

1940 2614 2116 2667 ταῦοα
2146 2616 2174 2667 6
2200 2612 2292 2666 τοῦ
2346 2612 2491 2683 ἱεροῦ
2531 2611 2804 2680 Δεσπότης
2824 2626 2839 2640 ο
2875 2610 2909 2679 ἡ
2958 2606 3203 2677 ἀλήθεια,
3237 2605 3334 2674 οὐχ
3364 2606 3393 2657 6
3422 2602 3612 2664 τύπος.

1941 2702 2032 2755 Διὸ
2065 2703 2112 2733 ⁵⁸
2140 2703 2229 2754 καὶ
2260 2702 2441 2769 ἔλεγε·
2475 2699 2638 2769 Λέγω
2671 2699 2739 2752 δὲ
2763 2698 2927 2766 ὑμῖν,
2959 2696 3048 2750 ὅτι
3085 2694 3193 2748 τοῦ
3223 2692 3382 2761 ἱεροῦ
3416 2690 3614 2760 μεῖζόν

1940 2786 2109 2839 ἐστιν
2163 2780 2300 2838 ὦδε.
2350 2783 2485 2836 Ἀλλ’
2536 2784 2687 2853 ὅμως
2714 2780 3017 2852 τηλικαῦτα
3066 2772 3416 2838 ἀκούσαντές,
3463 2774 3614 2826 οὐδὲν

1942 2868 2092 2925 εἷπον
2118 2888 2132 2904 ⁶
2155 2872 2215 2926 ού
2248 2873 2291 2903 ⁵⁷
2324 2870 2431 2941 γὰρ
2456 2866 2523 2943 ἦν
2554 2870 2797 2941 σωτηρία
2830 2866 3116 2938 ἀνθρώπου
3147 2865 3208 2918 τὸ
3233 2862 3611 2935 προκείμενον.

1946 2955 2077 3013 Εἶτα
2130 2958 2315 3029 ἐπειδὴ
2367 2959 2504 3031 βαρὺ
2532 2960 2644 3021 τοῖς
2675 2955 2963 3011 ἁκούουσιν
2990 2954 3163 3007 ἐδόκει
3212 2949 3373 3012 εἶναι,
3404 2948 3615 3019 ταχέως

1946 3046 2078 3100 αὐτὸ
2112 3046 2467 3115 συνεκάλυψε,
2497 3045 2657 3098 πάλιν
2683 3044 2775 3096 ἐπὶ
2800 3042 3133 3113 συγγνώμην
3158 3040 3248 3093 τὸν
3264 3038 3418 3105 λόγον
3442 3038 3612 3104 ἄγων,

1946 3136 2039 3189 καὶ
2067 3136 2112 3167 ⁸³
2145 3134 2282 3205 μετὰ
2316 3132 2659 3203 ἐπιπλήξεως
2698 3133 2791 3185 καὶ
2819 3131 2961 3185 οὕτω
2990 3129 3183 3197 λέγων.
3230 3129 3301 3181 El
3348 3126 3415 3179 δὲ
3435 3125 3615 3194 ἐγνώ-

1945 3239 2100 3276 κειτε
2122 3222 2178 3273 τι
2198 3222 2389 3285 ἐστιν,
2424 3221 2645 3274 Ἕλεον
2673 3218 2826 3273 θέλω
2844 3260 2859 3283 ,
2891 3217 2989 3271 καί
3026 3218 3099 3269 οὑ
3133 3216 3373 3277 θυσίαν,
3402 3214 3511 3267 οὐκ
3541 3209 3617 3264 ἂν

1946 3308 2373 3363 κατεδικάσατε
2423 3306 2566 3373 τοὺς
2598 3306 2925 3370 ἀναιτίους.
2978 3300 3130 3367 Εἶδες
3162 3302 3278 3365 πῶς
3322 3300 3482 3354 πάλιν
3525 3300 3617 3352 ἐπὶ

1948 3395 2277 3467 συγγνώμην
2305 3397 2427 3464 ἄγει
2460 3395 2551 3448 τὸν
2577 3394 2757 3464 λόγον,
2789 3394 2884 3447 καὶ
2918 3392 3080 3446 πάλιν
3113 3390 3441 3460 συγγνώμης
3474 3389 3616 3441 ἀνω-

1943 3485 2001 3537 τέ
2011 3501 2135 3555 ρους
2152 3483 2442 3552 ἀποφαίνει
2465 3500 2481 3549 ;
2504 3483 2586 3535 Οὐ
2604 3481 2711 3553 7&9
2738 3480 2814 3534 ἂν
2835 3476 3282 3536 κατεδικάσατε.
3303 3474 3454 3545 φησὶ,
3474 3472 3617 3537 τοὺς

1943 3572 2268 3637 ἀναιτίους.
2294 3569 2367 3623 Τὸ
2396 3570 2493 3640 μὲν
2520 3569 2785 3641 πρότερον
2816 3566 3090 3637 συνήγαγε
3125 3563 3185 3615 τὸ
3214 3562 3319 3615 τῶν
3358 3560 3548 3631 ἱερέων
3568 3560 3614 3591 ⁸⁹

1944 3662 2023 3723 εἰς
2044 3659 2105 3712 τὸ
2134 3658 2266 3713 αὐτὸ
2290 3658 2485 3726 λέγων,
2532 3655 2806 3711 Ἀναίτιοί
2835 3656 2973 3707 εισι.
3021 3651 3192 3705 Τοῦτο
3221 3650 3276 3702 65
3306 3648 3397 3717 ἀφ’
3418 3646 3612 3701 ἑαυτοῦ

1942 3748 2149 3819 τίθησι·
2178 3746 2377 3818 μᾶλλον
2406 3744 2465 3798 65
2488 3744 2583 3799 καὶ
2608 3741 2764 3797 τοῦτο
2790 3741 2897 3796 ἀπὸ
2921 3738 3015 3794 τοῦ
3043 3738 3208 3810 νόμου
3231 3753 3244 3767 ο
3272 3734 3613 3809 προφητικὴν

1944 3836 2053 3909 7&9
2087 3837 2296 3905 ἀνέγνω
2322 3837 2500 3908 ῥῆσιν.
2556 3902 2561 3906 ,

2012 3932 2082 3994 7'.
2119 3921 2251 3978 Εἱτα
2276 3925 2368 3977 καὶ
2400 3923 2566 3993 ἀλλην
2588 3922 2772 3976 αἰτίαν
2798 3920 2976 3989 λέγει⁹
3013 3920 3230 3987 Κύριος
3266 3914 3395 3987 7&9,
3427 3914 3605 3985 φησὶν,

1942 4013 2073 4066 ἐστὶ
2102 4013 2208 4066 τοῦ
2231 4011 2529 4065 σαϐϐάτου
2553 4014 2586 4065 ό
2615 4009 2747 4075 Υἱός
2772 4008 2880 4062 τοῦ
2905 4006 3239 4075 ἀνθρώπου,
3263 4005 3389 4075 περὶ
3422 4002 3613 4055 ἑαυτοῦ

1944 4099 2135 4167 λέγων.
2179 4099 2236 4152 ὐ
2275 4099 2331 4153 δὲ
2352 4098 2572 4169 Μάρκος
2604 4097 2699 4151 καὶ
2733 4097 2858 4168 περὶ
2884 4096 2981 4167 τῆς
3004 4095 3187 4164 κοινῆς
3222 4092 3434 4161 φύσεως
3452 4090 3613 4144 αὐτὸν

1906 4180 1913 4187 ’
1942 4187 2100 4240 τοῦτο
2119 4186 2396 4258 εἰρηκέναι
2426 4186 2589 4256 φησίν
2608 4202 2623 4217 ⁸
2652 4184 2807 4254 ἔλεγε
2838 4186 2945 4253 γάρ
2964 4201 2978 4214 ·
3044 4182 3115 4257 Τὸ
3170 4179 3472 4234 σάϐϐατον
3517 4178 3615 4233 διὰ

1944 4274 2051 4326 τὸν
2074 4254 2387 4341 ᾶνϐρωπον
2407 4254 2664 4342 ἐγένετο,
2699 4275 2811 4339 οὐχ
2842 4274 2874 4325 ό
2897 4254 3207 4336 ἄνθρωπος
3255 4265 3353 4318 διὰ
3380 4265 3446 4318 τὸ
3471 4266 3613 4318 σάϐ-

1946 4361 2148 4416 ϐατον.
2183 4360 2339 4422 Τίνος
2367 4354 2459 4412 οὖν
2485 4359 2671 4413 ἕνεκεν
2709 4359 2996 4422 ἐκολάζετο
3019 4359 3045 4409 ὀ
3074 4356 3140 4407 τὰ
3172 4353 3303 4420 ξύλα
3331 4354 3613 4419 συνάγωνς

1948 4447 2069 4501 Ὅτι
2100 4448 2149 4499 εἱ
2181 4445 2406 4515 ἔμελλον
2448 4446 2541 4499 καὶ
2583 4447 2641 4498 ἐν
2677 4446 2818 4515 ἀρχῇ
2852 4441 3310 4512 καταφρονεῖσθαι
3344 4442 3394 4493 οἱ
3436 4440 3612 4511 νόμοι,

1948 4534 2109 4606 σχολῇ
2134 4534 2185 4602 γ’
2218 4536 2286 4587 ἂν
2325 4533 2547 4604 ὕστερον
2572 4533 2973 4603 ἐφυλάχθησαν.
3003 4531 3111 4585 Καὶ
3138 4530 3247 4601 γὰρ
3277 4527 3444 4581 πολλὰ
3476 4528 3617 4597 ὠφέ-

1944 4627 2028 4677 λει
2056 4621 2205 4693 παρὰ
2233 4622 2331 4693 τὴν
2359 4621 2533 4692 ἀρχὴν
2552 4622 2613 4675 τὸ
2639 4621 2905 4675 σάϐϐατον
2926 4621 3019 4674 καὶ
3044 4619 3255 4690 μεγάλα
3274 4634 3289 4651 ·
3321 4615 3453 4681 οἷον,
3480 4616 3617 4687 ὴμέ-

1945 4729 2073 4786 ρους
2106 4710 2278 4763 ἐποίει
2302 4710 2438 4779 πρὸς
2460 4711 2587 4772 τοὺς
2610 4710 2844 4773 οἰκείους
2866 4706 3006 4763 εἶναι
3039 4709 3133 4763 καὶ
3170 4706 3613 4778 φιλανθρώπους

1944 4800 2220 4854 ἐδίδασκεν
2241 4800 2438 4863 αὐτοὺς
2467 4798 2559 4851 τοῦ
2578 4799 2712 4853 Θεοῦ
2729 4799 2828 4872 τὴν
2854 4799 3110 4873 πρόνοιαν
3131 4797 3226 4851 καὶ
3249 4798 3347 4866 τὴν
3367 4796 3618 4865 δημιουρ-

1942 4889 2069 4958 γίαν
2095 4904 2108 4917 ’
2146 4889 2283 4959 ὅπερ
2315 4888 2480 4959 φησὶν
2507 4890 2535 4941 6
2570 4886 2859 4959 Ἰεζεχιήλο
2900 4887 3217 4940 ἐπαίδευσεν
3254 4883 3448 4945 αὐτοὺς
3479 4884 3616 4935 κατὰ

1947 4977 2141 5047 μικρὸν
2158 4974 2457 5045 ἀπέχεσθαι
2487 4976 2773 5046 πονηρίας,
2792 4976 2885 5028 καὶ
2906 4977 3019 5037 τοῖς
3041 4973 3428 5042 πνευματικοῖς
3452 4984 3618 5036 προσ-

1945 5066 2089 5136 έχειν
2121 5062 2552 5135 παρεσκεύαζεν.
2594 5063 2811 5133 Ἐπειδὴ
2835 5063 2965 5133 γὰρ,
2999 5060 3090 5113 τὸν
3120 5060 3283 5129 νόμον
3314 5057 3488 5119 διδοὺς
3526 5056 3618 5107 τὸν

1944 5154 2037 5207 τοῦ
2064 5153 2355 5215 σαϐϐάτου,
2393 5148 2605 5214 εἱεῖπε,
2651 5152 2731 5205 Τά
2777 5151 2875 5222 μὲν
2901 5147 3082 5217 ἀγαθά
3130 5147 3399 5218 πράττετε
3443 5146 3501 5197 ἐν
3542 5143 3619 5214 τῷ

1946 5242 2222 5313 σαϐϐάτῳ,
2263 5240 2331 5295 τὰ
2358 5240 2413 5293 65
2444 5240 2591 5295 κακὰ
2622 5240 2695 5310 μὴ
2745 5240 2951 5291 ποιεῖτε
2977 5278 2991 5300 ,
3037 5236 3138 5288 οὐκ
3189 5234 3256 5289 ἂν
3289 5233 3579 5303 ἠνέσχοντο
3600 5248 3614 5261 ·

1947 5330 2199 5383 ἁπάντων
2234 5330 2282 5360 ⁸ο
2330 5327 2531 5398 ὁμοίως
2577 5329 2847 5396 ἀπεῖργεσ
2898 5324 3104 5392 Μηδὲν
3151 5322 3261 5393 7&9
3304 5320 3615 5387 ποιήσητε,

3238 5451 3284 5480 ⁸⁸
3327 5452 3427 5502 ἶσοι
3459 5449 3521 5502 Α.
3552 5448 3613 5502 Ε.

1949 5528 2073 5594 quid
2102 5527 2147 5579 si
2178 5525 2275 5579 Ge.
2352 5520 2397 5555 “
2432 5520 2587 5577 αὐτοὶ
2616 5520 3045 5578 ἀπαλλάττονται
3075 5522 3432 5593 ἐγκλημάτων
3456 5522 3517 5594 A_.
3553 5520 3611 5573 Ε.

3417 5733 3610 5793 αὐτοὺς

165 5798 278 5869 bin.
316 5798 382 5867 AI.
415 5798 594 5875 αἰτίας
616 5828 725 5865 om.
749 5812 811 5865 Ο.
841 5810 898 5862 ι).
938 5810 997 5863 F.
1077 5810 1121 5840 “
1155 5804 1265 5876 Διό]
1289 5798 1387 5877 Διά
1417 5806 1573 5859 τοῦτο
1602 5806 1737 5861 Edd.

2012 5798 2130 5861 ὀύδέ
2160 5798 2221 5858 Ι).
2298 5807 2343 5836 ⁵⁸
2382 5811 2474 5860 καί
2494 5822 2603 5860 om.
2632 5808 2692 5860 Δ.
2720 5808 2808 5860 καί
2841 5818 2965 5861 ante
2994 5806 3136 5859 οὕτω
3158 5820 3268 5877 om.
3435 5798 3611 5877 “C(3-

166 5889 320 5939 ιιὶι-ιιδ
342 5870 667 5955 ἀρχιερέων.
700 5883 1029 5955 δοται-αοιιιιη
1051 5881 1147 5934 Ge.
1171 5870 1317 5955 Αιξῖιι,
1350 5875 1549 5955 Deinde
1578 5879 1807 5955 \'o_ql_ll‘an

2017 5878 2175 5955 llcn‘zb
2206 5877 2336 5955 αὐτό
2365 5895 2432 5955 εξ(
2465 5878 2720 5955 οηιιιίὺυε
2753 5878 2909 5935 codd.
2936 5877 3134 5949 recepi.
3214 5876 3260 5908 ⁸ο
3298 5871 3465 5942 VulgO
3489 5870 3610 5938 ἠνέ-

168 5974 351 6027 σχετο·
382 5946 802 6009 ἆῖξλνάπάντων.
838 5951 1124 6028 ἠνέσχοντο
1150 5949 1307 6004 codd.
1337 5958 1388 6002 cl
1411 5946 1592 6006 Vcrss.
1626 5949 1741 6005 ἀλλ’
1762 5966 1809 6006 οι

2012 5949 2052 6004 5.
2079 5948 2139 6006 F.
2175 5962 2226 6005 οι
2249 5949 2445 6006 delevit
2476 5948 2602 6006 δαν.

572 6054 841 6113 ιἈΤιιοι..
892 6054 1005 6110 (λιι.
1067 6053 1244 6112 LV“.

3114 6035 3191 6097 :23
