3900 6194
298 204 402 259 457

298 315 474 379 dedit,
498 314 753 369 dixisset:
783 313 928 368 Bona
959 311 1110 367 facite
1137 311 1189 367 in
1210 313 1451 379 sabbato,
1483 313 1576 369 sed
1606 312 1739 367 mala
1765 327 1870 367 non

297 408 635 478 operemini,
684 407 853 476 legem
910 421 1013 461 non
1059 416 1324 462 servasset
1387 408 1649 476 populus;
1690 421 1873 460 verum

297 499 479 553 omnia
506 499 663 553 simul
690 499 855 553 vetuit
882 516 895 551 :
921 497 1069 552 Nihil
1098 498 1291 569 facietis
1310 538 1325 561 ,
1353 498 1544 567 inquit.
1582 497 1765 567 Neque
1792 507 1873 552 ta-

298 606 421 646 men
451 591 533 648 sic
559 606 619 645 se
642 592 969 645 continuere.
1018 590 1136 659 lpse
1160 605 1286 644 vero
1316 604 1435 644 cum
1472 590 1639 661 legem
1669 591 1872 647 sabbati

297 685 465 752 dedit,
494 686 718 742 obscure
741 685 1089 757 signiﬁcavit,
1118 687 1257 743 velle
1281 702 1339 743 se
1368 697 1425 742 ut
1451 703 1482 742 a
1526 688 1679 743 malis
1703 689 1872 744 solum

296 782 647 837 abstinerent.
699 779 849 835 Nihil
873 781 1012 835 enim
1043 781 1269 850 facietis,
1301 782 1504 852 inqult,
1548 783 1644 836 nisi
1675 798 1734 835 ea
1759 798 1873 850 qua:

299 874 449 940 faciet
477 874 648 927 anima
674 872 866 945 (Exod.
900 873 987 929 12.
1021 870 1133 946 16).
1175 872 1231 927 ln
1261 873 1458 943 templo
1494 884 1668 929 autem
1695 875 1871 928 omnia

300 963 520 1030 fiebant,
552 974 606 1020 et
633 980 753 1019 cum
776 965 965 1035 majori
1003 964 1179 1020 studio
1203 1005 1217 1027 ,
1248 964 1548 1035 duplicique
1575 981 1755 1035 opera.
1785 965 1873 1021 Sic

296 1071 394 1126 per
422 1056 594 1127 ipsam
622 1058 862 1112 umbram
894 1058 1171 1113 veritatem
1197 1056 1299 1112 illis
1324 1058 1615 1127 aperiebat.
1643 1057 1870 1112 Tantum

296 1163 426 1217 ergo
453 1150 658 1204 lucrum
679 1190 697 1215 ,
731 1150 936 1220 inquies
954 1190 970 1216 ,
998 1149 1219 1205 abstulit
1242 1149 1517 1206 Christus?
1542 1151 1725 1215 Absit;
1758 1150 1866 1205 imo

296 1239 427 1294 illud
459 1240 742 1295 admodum
768 1242 932 1295 auxit.
967 1241 1197 1311 Tempus
1226 1242 1366 1296 enim
1393 1252 1509 1297 erat
1537 1250 1593 1295 ut
1621 1257 1716 1311 per
1742 1242 1870 1297 sub-

294 1333 505 1388 limiora
552 1334 929 1389 erudirentur:
994 1349 1167 1404 neque
1211 1334 1489 1403 oportebat
1533 1349 1721 1389 manus
1755 1334 1871 1402 ejus

293 1424 497 1495 ligare,
526 1425 613 1495 qui
643 1441 672 1479 a
710 1425 943 1495 nequitia
971 1435 1185 1491 erutus,
1231 1424 1297 1478 ad
1344 1424 1478 1478 bona
1506 1425 1683 1481 omnia
1717 1425 1867 1478 vola-

290 1516 417 1583 bat;
459 1532 633 1586 neque
680 1516 801 1572 inde
826 1516 1065 1572 ediscere
1108 1516 1272 1571 Deum
1298 1517 1475 1571 omnia
1524 1516 1742 1582 fecisse;
1774 1530 1872 1571 nec

292 1606 418 1663 inde
448 1608 647 1663 institui
675 1606 739 1663 ad
787 1607 1244 1663 mansuetudinem
1274 1622 1367 1663 eos
1386 1648 1399 1671 ,
1425 1609 1512 1679 qui
1540 1608 1605 1662 ad
1651 1608 1742 1663 Dei
1771 1608 1868 1663 be-

290 1699 602 1769 nignitatem
647 1697 953 1753 imitandam
984 1699 1157 1754 vocati
1200 1708 1353 1753 erant
1390 1715 1403 1751 :
1433 1696 1601 1752 Estote
1624 1740 1639 1765 ,
1670 1699 1865 1767 inquit,

289 1791 640 1845 misericordes
687 1792 814 1844 sicut
854 1788 1011 1844 Pater
1053 1799 1210 1845 vester
1238 1790 1447 1844 cazlestis
1474 1788 1625 1859 (Luc.
1652 1790 1705 1844 (i.
1737 1788 1863 1860 56);

292 1880 670 1936 nullunvdiem
717 1880 911 1936 festum
956 1896 1113 1952 agere
1140 1896 1254 1948 eos,
1280 1881 1367 1953 qui
1398 1896 1490 1951 per
1516 1891 1679 1936 totam
1705 1882 1865 1935 vitam

290 1972 487 2029 festum
515 1974 1038 2046 agerejubebautur:
1064 1988 1185 2029 nam
1203 1975 1295 2041 ait,
1317 1972 1523 2028 Festum
1539 1974 1861 2042 celebremus,

287 2082 390 2119 non
405 2066 459 2119 in
475 2066 716 2136 femaento
749 2066 919 2133 veteri,
937 2082 1092 2136 neque
1105 2066 1158 2119 in
1174 2068 1415 2137 fermento
1427 2066 1632 2119 malitia:
1646 2074 1692 2120 et
1703 2067 1867 2136 nequi-

288 2160 394 2225 tias,
425 2158 517 2213 sed
542 2158 595 2212 in
623 2158 815 2229 azymis
838 2158 1137 2212 sinceritatis
1156 2167 1202 2211 et
1221 2157 1439 2211 veritatis
1460 2158 1536 2227 (1.
1560 2156 1677 2212 Cor.
1706 2158 1759 2212 ὅ.
1786 2157 1862 2227 8).

284 2251 404 2306 Νοη
451 2260 663 2322 oportet
708 2250 851 2307 enim
895 2266 1062 2322 prope
1107 2266 1286 2306 arcam
1330 2260 1386 2306 et
1438 2250 1602 2305 altare
1644 2265 1861 2306 aureum

282 2354 428 2400 stare
455 2358 568 2411 eos,
601 2344 689 2415 qui
716 2344 954 2399 omnium
994 2344 1277 2399 Dominum
1306 2342 1509 2398 habent
1547 2358 1730 2398 secum
1763 2344 1858 2397 ha-

284 2435 539 2491 bitantem
570 2476 584 2503 ,
614 2436 811 2506 quique
852 2450 949 2507 per
976 2436 1155 2491 omnia
1200 2435 1372 2505 ipsum
1418 2435 1773 2505 alloquuntur,
1808 2442 1862 2488 et

285 2544 381 2598 per
404 2529 719 2595 orationem,
747 2537 801 2583 et
830 2543 926 2599 per
949 2527 1294 2595 oblationem,
1325 2536 1380 2582 et
1410 2542 1502 2596 per
1536 2524 1854 2596 Scripturas,

281 2629 339 2675 et
379 2635 475 2690 per
503 2620 933 2691 eleemosynam,
964 2628 1019 2674 et
1055 2618 1198 2690 quod
1241 2618 1383 2674 intus
1414 2617 1559 2673 illum
1608 2616 1856 2672 habeant.

281 2711 412 2779 Quae
452 2726 581 2782 ergo
623 2711 826 2766 sabbati
867 2711 1156 2766 necessitas
1202 2711 1252 2764 ei
1281 2711 1371 2780 qui
1409 2725 1621 2779 semper
1664 2708 1856 2765 festum

279 2804 554 2872 celebrat,
585 2804 675 2874 qui
706 2804 761 2858 in
786 2804 917 2859 ctelo
960 2804 1234 2859 versatur?
1258 2801 1473 2858 Festum
1503 2816 1630 2872 ergo
1671 2816 1860 2872 perpe-

281 2908 374 2953 tuo
401 2912 639 2968 agamus,
662 2896 898 2968 nihilque
918 2897 1043 2951 mali
1067 2909 1381 2968 cperemur;
1410 2895 1538 2951 illud
1562 2895 1701 2950 enim
1729 2909 1858 2950 vere

281 2990 473 3045 festum
518 2999 604 3045 est
639 3007 652 3042 :
696 2988 791 3044 sed
838 2988 1131 3059 spiritualia
1170 2986 1541 3054 intendamus,
1570 2986 1859 3042 abscedant

280 3094 529 3146 terrena,
560 3083 819 3153 Spirituali
864 3083 973 3137 otio
1000 3083 1265 3147 otiemur,
1294 3094 1484 3133 manus
1523 3079 1591 3133 ab
1638 3079 1857 3133 avaritia

280 3178 623 3243 cohibentes,
671 3191 866 3247 corpus
898 3191 926 3228 a
970 3173 1255 3244 superﬁuis
1285 3181 1339 3228 et
1382 3171 1656 3227 inutilibus
1684 3171 1853 3226 abdu-

280 3279 464 3324 centes
492 3267 764 3324 laboribus
782 3309 796 3333 ,
819 3267 1008 3337 quibus
1032 3265 1258 3321 amictus
1283 3273 1365 3320 est
1390 3263 1515 3317 olim
1544 3264 1598 3317 in
1624 3262 1858 3334 Egypto

278 3360 627 3415 llebrmorum
677 3358 944 3428 populus:
988 3357 1118 3411 nihil
1161 3356 1303 3410 enim
1351 3354 1648 3410 differimus
1697 3362 1855 3423 quot-

280 3460 409 3520 quot
435 3464 623 3504 aurum
649 3448 970 3519 colligimus,
996 3447 1063 3502 ab
1088 3446 1152 3501 iis
1178 3446 1267 3517 qui
1293 3445 1436 3499 luteo
1464 3445 1611 3515 operi
1639 3442 1856 3497 addice~

279 3544 504 3608 bantur,
535 3542 836 3612 lateresque
866 3549 1149 3611 operantes
1171 3580 1188 3607 ,
1236 3545 1291 3593 et
1320 3538 1498 3607 paleas
1546 3536 1857 3606 colligentes

279 3633 699 3704 flagellabantur.
751 3631 885 3686 Nam
936 3644 1075 3684 nunc
1112 3644 1323 3701 quoque
1378 3626 1619 3683 diabolus
1665 3626 1866 3682 lateres

278 3727 423 3798 jubet
447 3740 705 3796 apparare
724 3767 739 3791 ,
767 3734 828 3779 ut
852 3725 977 3779 olim
1007 3724 1236 3789 Pharao.
1265 3721 1399 3789 Quid
1422 3722 1562 3776 enim
1608 3720 1749 3775 aliud
1777 3728 1859 3774 est

276 3835 465 3875 aurum
487 3861 500 3883 ,
534 3834 691 3888 quam
739 3816 952 3871 lutum?
1000 3814 1126 3885 quid
1174 3814 1319 3869 aliud
1355 3821 1631 3884 argentum
1654 3854 1667 3879 ,
1697 3827 1854 3882 quam

280 3911 472 3981 palea?
498 3911 627 3965 Nam
655 3917 931 3979 argentum
962 3908 1103 3961 velut
1124 3907 1273 3977 palea
1299 3906 1639 3975 cupiditatem
1668 3919 1859 3959 accen-

278 4004 387 4068 dit,
417 4012 475 4058 et
502 4017 687 4057 aurum
718 4000 812 4054 luti
843 4000 1012 4053 instar
1042 3998 1190 4052 illum
1220 3997 1457 4067 inquinat
1481 3997 1571 4067 qui
1600 3995 1856 4066 possidet.

284 4096 409 4151 Ideo
441 4094 588 4149 misit
632 4092 787 4148 nobis
828 4107 932 4146 nou
976 4090 1159 4145 Mosen
1189 4104 1257 4143 ex
1305 4087 1520 4144 deserto
1544 4087 1755 4158 {Egypti
1788 4089 1803 4117 ¹
1839 4127 1855 4153 ,

284 4187 379 4242 sed
406 4187 602 4242 Filium
628 4201 782 4241 suum
809 4183 878 4238 de
902 4183 1053 4238 caelo.
1081 4182 1137 4237 Si
1179 4182 1352 4251 itaque
1378 4190 1499 4250 post
1522 4179 1636 4248 ejus
1662 4179 1859 4233 adven—

280 4290 391 4333 tum
418 4279 471 4334 in
493 4278 724 4349 Egypto
753 4275 1011 4331 manseris
1030 4315 1045 4341 ,
1075 4273 1259 4329 eadem
1301 4272 1516 4344 patieris
1542 4287 1660 4341 quae
1690 4270 1858 4341 [Egy-

277 4373 375 4443 ptii
397 4389 413 4426 :
441 4372 521 4426 sin
550 4370 783 4441 .IEgypto
804 4368 985 4424 relicta
1007 4367 1203 4421 abieris
1222 4380 1341 4421 cum
1362 4364 1622 4433 spirituali
1644 4362 1854 4426 lsraele,

278 4468 661 4525 miraculorum
690 4465 927 4521 omnium
956 4470 1224 4534 spectator
1250 4460 1380 4515 eris.

352 4562 405 4615 4.
436 4560 547 4615 Nec
586 4567 763 4612 tamen
808 4556 861 4610 id
911 4556 1080 4609 solum
1130 4552 1198 4606 ad
1236 4552 1459 4606 salutem
1487 4547 1701 4603 sufficit.
1742 4546 1856 4602 Non

279 4654 424 4710 enim
452 4652 519 4706 ab
539 4650 771 4722 {Egypto
790 4657 993 4702 tantum
1022 4643 1377 4701 recedendum
1403 4651 1519 4706 est;
1550 4641 1644 4695 sed
1675 4640 1725 4693 in
1750 4647 1859 4693 ter-

280 4764 393 4803 ram
426 4744 798 4817 promissionis
827 4739 1152 4796 intrandum.
1180 4734 1617 4805 Quandoquidem
1659 4733 1857 4799 Judtci,

280 4851 340 4895 nt
387 4840 460 4893 ait
504 4838 696 4893 Paulus
744 4833 944 4905 (Hebr.
986 4832 1075 4886 11.
1114 4830 1265 4899 29),
1292 4843 1384 4899 per
1432 4842 1578 4881 mare
1622 4825 1858 4879 Rubrum

279 4929 626 4993 transierunt,
653 4941 845 4980 manna
875 4922 1251 4986 comederunt,
1282 4928 1337 4974 et
1380 4928 1560 4989 potum
1609 4915 1858 4986 spiritua—

283 5026 389 5078 lcm
419 5022 667 5077 biberunt
686 5060 702 5084 ,
736 5026 968 5072 attamen
1000 5029 1185 5068 omnes
1223 5012 1449 5082 periere.
1476 5009 1553 5064 Ne
1578 5009 1735 5077 igitur
1764 5019 1860 5059 nos

281 5130 493 5187 quoque
518 5114 640 5167 talia
669 5113 970 5182 patiamur,
1002 5125 1067 5163 ne
1095 5121 1287 5178 segnes
1318 5108 1483 5160 simus
1506 5147 1521 5170 ,
1546 5104 1637 5156 sed
1666 5102 1730 5153 ad
1760 5117 1857 5169 pu-

282 5222 442 5277 gnam
471 5208 636 5281 parati
671 5218 685 5255 :
712 5212 767 5256 at
794 5202 839 5255 si
865 5214 1005 5255 nunc
1044 5198 1228 5253 audias
1257 5197 1427 5250 malos
1455 5194 1821 5263 exploratores
1842 5234 1857 5255 ,

282 5299 374 5369 qui
403 5306 679 5367 angustam
723 5302 777 5349 et
818 5301 1018 5347 arctam
1051 5291 1189 5345 viam
1221 5287 1651 5352 calumnieutur,
1698 5296 1858 5354 atque

344 5431 359 5461 ι
388 5425 471 5475 Sic.
493 5426 645 5475 Savil.
668 5430 721 5473 ct
740 5423 917 5473 Morel.
938 5437 952 5482 ;
972 5421 1056 5470 alii
1081 5434 1144 5470 ea:
1170 5421 1381 5479 deserto,
1399 5428 1607 5484 tantum,
1634 5429 1689 5473 ut
1714 5424 1847 5477 Grae-

280 5503 342 5538 ce
365 5487 637 5548 edidimus;
665 5485 883 5549 quidam,
911 5498 972 5535 ex
998 5486 1221 5549 Jigypto,
1247 5490 1456 5532 tantum.
1551 5489 1556 5495 '

1248 201 1314 256 IN
1352 200 1756 257 MATTIUEUM
1798 201 2025 258 llOMlL.
2068 204 2309 263 XXXIX.
2351 213 2420 266 al.
2467 212 2575 269 XL.

3150 286 3153 287 ν
3451 218 3551 272 458

1990 315 2075 370 illa
2101 316 2300 385 dicant,
2331 338 2448 393 qua:
2477 324 2602 379 olim
2630 325 2702 381 illi
2731 325 2981 383 dicebant
3007 329 3368 400 exploratores
3394 372 3408 394 ,
3444 348 3545 384 Itult

1983 411 2158 479 populi
2186 412 2414 477 turbam,
2444 415 2539 471 sed
2558 416 2737 472 Jesum
2766 417 3056 485 imitamur,
3080 429 3135 474 et
3157 420 3355 477 Cbaleb
3382 421 3548 476 filium

1986 499 2260 570 Jephone;
2293 518 2463 574 neque
2492 508 2638 576 prius
2665 502 2941 575 abscedas,
2968 525 3124 580 quam
3152 488 3545 588 in‘prp'missum

1983 594 2169 649 cadum
2210 597 2520 665 ingrediaris
2555 599 2573 669 (
2601 599 2761 655 Nam.
2810 603 2895 657 l3.
2921 602 3077 658 Iosue
3116 606 3183 660 14
3208 616 3253 659 et
3285 595 3414 673 15).
3440 606 3549 663 Nc-

1983 703 2087 757 que
2115 688 2384 744 difficilem
2429 702 2582 761 putes
2609 708 2726 747 esse
2754 693 2911 748 viam.
2941 694 3072 750 Nam
3103 696 3149 751 si
3192 697 3392 752 inimici
3426 714 3547 754 cum

1982 795 2242 847 essemus,
2269 798 2366 837 nos
2387 798 2506 838 cum
2535 784 2644 839 Deo
2663 787 3121 843 reconciliavimus
3144 831 3158 853 ,
3189 790 3356 845 multo
3382 792 3550 861 magis

1988 872 2313 927 reconciliati
2342 874 2564 931 salutem
2593 891 2997 947 consequemur.
3028 878 3222 934 Verum
3250 890 3468 951 angusta
3492 890 3547 936 et

1981 971 2150 1027 arcta,
2172 963 2395 1033 inquies,
2415 965 2504 1018 illa
2527 966 2610 1019 via
2632 976 2729 1021 est.
2755 967 2857 1022 Sed
2898 969 3060 1037 prior,
3084 985 3179 1039 per
3195 986 3351 1040 quam
3377 979 3549 1026 trans-

1979 1054 2137 1118 ivisti,
2172 1070 2276 1109 non
2300 1065 2517 1126 angusta
2544 1067 2597 1112 et
2622 1068 2764 1112 arcta
2791 1060 2949 1114 modo
2968 1069 3069 1126 est,
3094 1062 3187 1116 sed
3209 1063 3365 1116 etiam
3385 1062 3545 1130 invia,

1978 1158 2041 1199 ac
2074 1143 2203 1209 feris
2247 1148 2544 1216 agrestibus
2593 1148 2746 1217 plena
2794 1165 2900 1205 :ac
2944 1151 3386 1219 quemadmodum
3437 1169 3544 1206 non

1980 1246 2224 1305 poterant
2268 1253 2363 1307 per
2389 1254 2535 1294 mare
2583 1240 2821 1295 Rubrum
2871 1244 3096 1297 transire
3121 1244 3240 1299 sine
3283 1244 3544 1299 miraculo

1977 1326 2069 1381 illo
2104 1328 2219 1381 :sic
2260 1343 2367 1381 non
2412 1339 2716 1398 poteramus
2758 1330 2810 1385 in
2850 1333 3025 1402 priore
3056 1333 3159 1386 vita
3191 1345 3466 1389 manentes
3492 1336 3545 1397 in

1977 1418 2165 1472 cretum
2196 1420 2485 1475 ascendere
2508 1462 2523 1488 ,
2557 1423 2655 1476 nisi
2700 1423 2959 1491 baptisma
2993 1424 3044 1479 in
3071 1425 3247 1480 medio
3267 1427 3545 1495 apparuis-

1975 1518 2077 1565 set.
2106 1510 2159 1566 Si
2191 1522 2369 1566 aulem
2413 1512 2538 1567 illud
2568 1514 2707 1584 quod
2736 1515 2849 1569 ﬁeri
2880 1532 2983 1570 non
3026 1525 3265 1584 poterat,
3316 1518 3428 1573 fieri
3463 1528 3544 1572 ta-

1976 1619 2094 1657 men
2126 1605 2323 1674 potuit,
2352 1605 2518 1661 multo
2546 1608 2713 1677 magis
2753 1606 2895 1677 quod
2934 1607 3148 1663 difficile
3190 1616 3339 1675 erat,
3386 1609 3537 1664 facile

1972 1695 2179 1751 evadet.

2046 1786 2235 1841 Gratia:
2262 1788 2445 1841 divina:
2474 1788 2616 1842 labor
2638 1799 2805 1843 noster
2847 1789 3127 1844 addendos.
3166 1790 3542 1861 Prwceptorum

1973 1882 2215 1951 facilitas.
2238 1882 2509 1936 -—-Verum
2538 1882 2699 1949 illud,
2734 1883 2967 1952 inquies,
3000 1900 3094 1951 per
3119 1885 3288 1938 solam
3317 1886 3541 1955 gratiam

1972 1975 2148 2028 fiebat.
2197 1974 2263 2028 Et
2306 1975 2424 2029 ideo
2454 1976 2682 2029 maxime
2724 1975 2845 2044 jure
2889 1975 3148 2030 confidas.
3191 1974 3246 2031 Si
3276 1978 3414 2043 enim
3454 1977 3541 2031 ubi

1970 2067 2084 2120 sola
2113 2065 2283 2135 gratia
2314 2076 2461 2130 erat,
2491 2066 2575 2141 illa
2609 2076 2782 2120 tamen
2821 2077 3036 2137 operata
3062 2077 3147 2122 est
3179 2087 3193 2120 :
3221 2067 3309 2121 ubi
3337 2068 3543 2123 labores

1971 2155 2303 2221 addideritis,
2334 2172 2508 2210 annon
2538 2158 2706 2212 multo
2744 2159 2910 2228 magis
2938 2157 3344 2227 cooperabitut‘?
3370 2159 3415 2213 si
3459 2159 3542 2213 ni-

1972 2248 2045 2304 hil
2074 2259 2315 2320 agentem
2343 2251 2571 2304 servavit
2597 2291 2613 2317 ,
2649 2266 2823 2304 annon
2854 2251 3018 2305 multo
3043 2251 3209 2322 magis
3234 2260 3539 2321 operantem

1962 2343 2209 2413 juvabit?
2236 2344 2406 2413 Supra
2432 2342 2670 2397 dicebam
2692 2384 2707 2407 ,
2738 2358 2797 2398 ex
2845 2344 2909 2397 iis
2937 2358 3056 2413 quae
3099 2341 3213 2397 fieri
3251 2357 3355 2398 non
3385 2358 3542 2424 posse

1964 2438 2299 2503 videbantur,
2332 2446 2388 2493 et
2414 2447 2587 2509 tamgu
2617 2435 2754 2491 facta
2797 2446 2949 2503 sunt,
2989 2436 3040 2490 in
3068 2435 3369 2491 difﬁcilibus
3399 2436 3537 2491 ﬁdu-

1962 2529 2099 2583 ciam
2128 2528 2221 2583 tibi
2263 2528 2415 2584 dari:
2448 2543 2588 2583 nunc
2624 2537 2799 2582 autem
2831 2528 2979 2594 dico,
3012 2528 3055 2582 si
3085 2527 3393 2598 vigilemus,
3426 2528 3541 2584 luce

1964 2637 2031 2676 ne
2081 2620 2312 2677 difﬁcilia
2356 2621 2570 2692 quidem
2621 2620 2755 2676 fore.
2795 2620 3112 2676 Consideres
3157 2620 3299 2675 enim
3339 2620 3535 2689 velim,

1962 2724 2190 2771 mortem
2241 2715 2601 2771 conculcatam
2658 2712 2850 2780 fuisse,
2897 2712 3161 2767 diabolum
3209 2704 3545 2781 concidisse,

1963 2809 2132 2880 legem
2151 2809 2349 2879 peccati
2371 2807 2681 2864 exstinctam
2701 2822 2840 2872 esse,
2857 2806 3083 2877 Spiritus
3098 2807 3317 2877 gratiam
3337 2807 3509 2860 datam
3522 2852 3534 2867 ,

1959 2903 2122 2957 vitam
2152 2902 2203 2956 in
2233 2901 2394 2955 breve
2419 2908 2629 2970 tempus
2647 2907 2992 2964 contractam,
3023 2914 3184 2953 onera
3208 2898 3445 2968 praecisa.
3471 2898 3539 2954 Et

1961 3000 2022 3048 ut
2045 2993 2157 3048 lucc
2182 2992 2249 3047 ab
2277 2991 2405 3062 ipsis
2430 2991 2682 3060 operibus
2705 2990 2913 3045 ediscas
2938 3031 2952 3052 ,
2984 2989 3253 3059 perpende
3278 2999 3407 3059 quot
3431 2980 3549 3045 sint

1960 3086 2048 3156 qui
2079 3084 2278 3155 majora
2300 3125 2313 3148 ,
2343 3098 2500 3153 quam
2543 3080 2787 3136 Christus
2827 3081 3099 3150 prmcipiat
3119 3123 3135 3148 ,
3184 3080 3407 3135 fecerint
3436 3098 3447 3132 :
3481 3089 3538 3134 tu

1959 3193 2086 3234 vero
2114 3176 2533 3231 mediocritatem
2565 3172 2762 3228 times?
2788 3171 2956 3239 Quam
2990 3186 3116 3242 ergo
3144 3171 3537 3226 excusationem

1961 3270 2181 3326 habebis
2208 3310 2221 3331 ,
2254 3283 2373 3323 cum
2402 3266 2520 3321 aliis
2562 3266 2695 3320 ultra
2739 3275 2910 3319 metas
2938 3264 3338 3329 exsilientibus,
3369 3273 3423 3317 tu
3454 3265 3538 3317 vel

1960 3365 2025 3420 ad
2047 3363 2391 3419 constitutum
2416 3358 2698 3413 terminum
2727 3357 3005 3425 pervenire
3026 3355 3297 3426 graveris?
3316 3355 3393 3410 Te
3415 3355 3538 3408 her-

1961 3469 2135 3515 tamur
2159 3473 2223 3512 ex
2269 3456 2611 3512 facultatibus
2638 3455 2743 3509 tuis
2772 3452 3164 3522 eleemosynam
3207 3451 3368 3515 dare;
3401 3450 3537 3504 alius

1961 3568 2089 3609 vero
2111 3567 2229 3607 sese
2258 3550 2369 3606 suis
2395 3548 2641 3604 omnibus
2662 3544 2909 3616 spoliavit
2937 3562 2951 3598 :
2982 3554 3033 3599 te
3055 3557 3300 3614 rogamus
3325 3553 3383 3596 ut
3409 3558 3529 3596 cum

1961 3659 2126 3701 uxore
2172 3653 2259 3698 tua
2288 3650 2435 3697 caste
2480 3641 2664 3705 vivas;
2694 3638 2828 3693 alius
2856 3652 2982 3692 vero
3008 3636 3166 3691 etiam
3214 3650 3243 3689 a
3273 3635 3536 3690 connubio

1962 3736 2217 3792 abstinuit
2245 3753 2259 3790 :
2290 3744 2342 3790 te
2370 3747 2649 3789 mouemus
2680 3745 2746 3786 ne
2773 3731 2847 3785 sis
2895 3728 3142 3793 invidus;
3174 3727 3335 3781 alium
3360 3736 3536 3781 autem

1963 3829 2219 3883 habemus
2239 3867 2253 3891 ,
2282 3826 2369 3896 qui
2396 3840 2461 3879 ex
2492 3824 2711 3878 caritate
2747 3821 2839 3876 dat
2883 3821 3051 3890 ipsam
3082 3819 3312 3873 animam
3340 3833 3490 3885 suam
3519 3833 3533 3868 :

1963 3932 2016 3978 te
2045 3922 2392 3977 obsecramus
2416 3928 2472 3972 ut
2500 3917 2777 3986 indulgens
2824 3913 2898 3969 sis
2926 3929 3027 3986 (nec
3056 3912 3214 3966 nimis
3242 3919 3460 3966 severus
3486 3906 3553 3965 in

1963 4022 2275 4085 peccantes;
2299 4012 2433 4065 alius
2459 4022 2763 4079 percussus,
2786 3984 3008 4060 alteram
3030 4003 3220 4059 obtulit
3251 4001 3535 4056 maxillam.

1962 4107 2098 4177 Quid
2153 4108 2309 4176 igitur
2330 4146 2346 4169 ,
2393 4117 2574 4173 quieso
2597 4143 2612 4167 ,
2645 4099 2920 4155 dicemus?
2958 4111 3114 4167 quam
3145 4095 3539 4150 excusationem

1963 4201 2276 4263 afferemus,
2324 4212 2389 4252 ne
2414 4196 2501 4250 illa
2546 4194 2759 4264 quidem
2806 4190 3097 4253 facientes,
3126 4203 3243 4258 qua:
3268 4187 3354 4240 alii
3386 4187 3540 4255 longe

1963 4290 2253 4362 superant?
2278 4289 2460 4357 Neque
2480 4286 2620 4340 enim
2650 4290 3012 4354 superassent,
3044 4279 3142 4333 nisi
3166 4293 3371 4333 summa
3398 4285 3540 4331 esset

1963 4388 2039 4446 rei
2087 4394 2368 4455 prmceptze
2416 4380 2662 4435 facilitas.
2714 4378 2843 4444 Quis
2884 4375 3024 4430 enim
3067 4372 3322 4437 tabescit,
3355 4385 3421 4424 an
3450 4386 3539 4440 qttl

1964 4480 2187 4539 aliorum
2218 4475 2369 4528 bonis
2413 4471 2644 4535 invidet,
2676 4485 2741 4523 an
2774 4468 2863 4539 qui
2903 4467 2969 4522 de
3000 4466 3064 4520 iis
3088 4464 3281 4536 gaudet
3309 4472 3363 4518 et
3390 4464 3540 4517 lteta-

1966 4572 2085 4626 tur?
2132 4569 2251 4640 quis
2287 4566 2463 4621 omnia
2509 4573 2751 4633 suspecta
2802 4560 2963 4614 habet
3006 4567 3060 4612 et
3107 4557 3323 4621 tremit,
3380 4554 3541 4608 homo

1964 4672 2141 4718 castus
2169 4675 2235 4713 an
2268 4655 2546 4713 mtechus?
2579 4654 2697 4720 quis
2739 4652 2875 4705 bona
2911 4666 3028 4705 cum
3071 4663 3166 4718 Spe
3208 4646 3433 4717 gaudet,
3473 4660 3540 4698 an

1965 4764 2185 4823 raptor,
2235 4766 2301 4804 an
2353 4749 2396 4801 is
2442 4746 2530 4816 qui
2585 4745 2900 4807 miseratus,
2932 4758 3024 4795 sua
3052 4739 3223 4811 egenti
3277 4735 3538 4805 largitur?

1965 4848 2092 4902 llaec
2140 4846 2318 4913 itaque
2346 4840 2640 4912 cogitantes
2661 4877 2676 4902 ,
2706 4853 2773 4890 ne
2814 4849 3004 4903 segnes
3035 4833 3199 4887 simus
3240 4828 3304 4885 ad
3334 4831 3543 4881 virtutis

1967 4952 2177 4995 cursom
2206 4932 2622 5005 capessendum;
2655 4928 2746 4984 sed
2778 4924 3021 4980 alacriter
3054 4925 3119 4978 ad
3167 4923 3282 4975 haec
3312 4919 3543 4990 'pulehra

1967 5028 2256 5085 certamina
2284 5040 2380 5079 nos
2406 5025 2751 5083 instruentes,
2776 5018 2923 5073 brevi
2952 5030 3191 5085 tempore
3216 5011 3539 5077 laboremus,

1968 5132 2027 5176 ut
2081 5131 2361 5192 perpetuas
2407 5123 2462 5170 et
2522 5111 2844 5167 immortales
2893 5122 3116 5163 coronas
3177 5105 3542 5172 accipiamus:

1967 5230 2099 5287 quas
2125 5213 2325 5267 utinam
2372 5208 2726 5276 adipiscamur
2766 5201 2933 5272 gratia
2981 5208 3036 5254 et
3080 5196 3404 5267 benignitate
3430 5195 3544 5287 Do-

1967 5286 2096 5364 mini
2144 5303 2311 5359 nostri
2359 5300 2483 5355 Jesu
2529 5296 2762 5360 Christi,
2790 5295 2874 5349 cui
2899 5292 3063 5364 gloria
3093 5299 3146 5346 et
3174 5287 3452 5361 imperium
3491 5286 3543 5340 in

1967 5400 2161 5458 sucula
2187 5394 2524 5453 saeculorum.
2556 5394 2744 5447 Amen.
