3900 6194
372 212 486 270 *159

1111 208 1170 264 S.
1209 206 1484 264 JOANNIS
1507 202 1972 262 CHRYSOSTOMI
2011 203 2324 262 ARCHIEP.
2365 209 2894 271 CONSTANTINOP.

3527 227 3631 281 MO

3439 357 3635 372 --ο

2153 339 2353 356 -ωη-

2354 342 2619 357 ———-

1552 410 1897 474 HOMlLlA
1949 404 2085 469 XL.
2133 413 2219 474 al.
2249 415 2413 477 XLI.

369 567 502 622 Car.
543 564 630 622 l2.
661 580 711 618 ν.
737 562 792 620 9.
844 561 906 617 Et
945 562 1190 616 transiens
1228 559 1366 624 inde,
1398 559 1527 613 venit
1552 558 1605 610 in
1641 568 1949 626 synagogam

441 673 661 712 eorum:
691 655 779 712 ll).
824 665 872 709 et
911 671 1022 708 ecce
1066 655 1214 707 homo
1251 660 1361 706 erat
1402 649 1471 704 ibi
1518 649 1703 703 habens
1741 663 1945 702 manum

440 749 660 802 aridam.

2049 564 2194 609 ratur
2214 599 2229 623 ,
2272 569 2320 612 et
2355 577 2446 631 ego
2474 578 2655 631 operor
2690 563 2883 636 (Joan.
2916 569 2969 623 5.
3022 571 3086 624 l7
3114 570 3156 635 ).
3183 571 3353 642 Super
3377 577 3637 645 apostolis

2048 665 2176 704 vero
2221 664 2500 710 accusatus
2547 657 2663 711 ait:
2700 654 2818 713 Non
2867 661 3054 732 legistis
3098 666 3221 733 quid
3263 668 3380 736 fecit
3431 667 3634 735 David,

2044 743 2251 811 quando
2282 746 2483 801 esui-ivit
2505 749 2612 819 ipse
2640 760 2685 803 et
2705 752 2792 821 qui
2830 769 2945 808 cum
2972 772 3029 809 eo
3055 759 3242 812 erant?
3268 761 3520 829 quomodo
3548 763 3637 816 in-

441 840 496 895 1.
527 840 757 894 Rursum
805 838 858 892 in
903 837 1122 892 sabbato
1150 842 1334 899 curat,
1373 833 1450 887 sic
1491 845 1720 902 purgans
1761 845 1824 886 ac
1851 829 1945 886 de-
2043 835 2209 889 troivit
2250 837 2303 890 in
2345 838 2553 893 domum
2602 841 2731 907 Dei,
2762 855 2810 897 et
2838 861 2993 913 panes
3018 844 3376 918 propositionis
3416 855 3638 906 comedit

373 933 598 990 tendens
641 931 1021 1002 discipulorum
1062 943 1276 983 suorum
1303 935 1468 997 gesta.
1500 924 1568 980 Et
1609 925 1699 979 alii
1727 923 1942 995 quidem

373 1026 711 1098 evangelista:
758 1023 973 1088 dicunt,
1019 1019 1437 1077 Jesumhomiue
1488 1017 1578 1072 illo
1609 1017 1661 1071 in
1709 1014 1943 1071 medium

369 1118 597 1175 adducto
621 1160 635 1183 ,
668 1118 1020 1188 interrogasse
1064 1115 1180 1168 illos
1201 1155 1214 1176 ,
1246 1111 1387 1166 Num
1415 1112 1527 1166 licet
1552 1108 1768 1164 sabbatis
1795 1108 1942 1162 bene-

371 1213 536 1281 facere
554 1208 742 1281 (Marc.
775 1207 826 1264 5.
855 1208 914 1271 4;
945 1204 1072 1260 Luc.
1095 1206 1147 1261 6.
1179 1204 1274 1275 9)?
1299 1201 1576 1273 Perpende
1605 1201 1810 1256 Domini
1843 1199 1943 1254 mi-

368 1300 735 1356 sericordiam.
792 1299 964 1368 lpsum
1012 1297 1063 1351 in
1108 1295 1286 1352 medio
1325 1295 1630 1360 constituit,
1663 1301 1722 1347 ut
1764 1291 1847 1347 vel
1876 1307 1945 1347 ex

368 1403 585 1465 aspectu
621 1393 762 1463 ipsos
790 1391 1060 1456 ﬂecteret,
1084 1400 1138 1446 et
1157 1405 1224 1445 ex
1245 1388 1551 1459 spectaculo
1580 1386 1730 1440 fructi
1755 1385 1944 1455 nequi-

369 1486 496 1540 tiam
522 1485 870 1555 deponerent,
900 1492 952 1537 et
979 1481 1246 1536 hominem
1276 1478 1490 1534 reveriti
1511 1519 1526 1545 ,
1557 1477 1941 1532 immanitatem

367 1561 516 1630 suam
543 1575 812 1631 sedarent.
841 1573 1040 1630 Verum
1079 1573 1156 1628 illi
1187 1571 1428 1627 indomiti
1454 1579 1505 1626 et
1532 1569 1804 1624 inhumani
1829 1583 1944 1622 ma-

369 1668 486 1724 lunt
525 1665 725 1723 Christi
770 1667 992 1738 gloriam
1045 1665 1275 1730 laedere,
1323 1679 1481 1734 quam
1526 1663 1667 1718 hunc
1701 1671 1943 1716 sanatum

371 1760 703 1830 conSpicere,
733 1758 984 1829 utrinque
1013 1757 1174 1812 animi
1216 1757 1531 1827 pravitatem
1561 1753 1905 1809 ostendentes
1924 1793 1939 1818 ,

367 1853 581 1924 etquod
603 1851 872 1908 Christum
895 1852 1268 1922 impugnarent
1287 1892 1301 1916 ,
1328 1857 1526 1903 etcum
1556 1855 1701 1902 tanta
1725 1855 1944 1900 conten-

357 1945 512 1999 tione
541 1943 592 1998 id
620 1943 858 2000 facerent
878 1985 893 2010 ,
923 1951 982 1998 ut
1001 1945 1164 1998 etiam
1208 1941 1396 1996 collata
1442 1939 1495 1994 in
1525 1939 1657 1994 alios
1685 1937 1941 1994 beneﬁcia

366 2036 800 2092 iuterturbarcnt.
831 2036 932 2090 Alii
959 2035 1172 2107 quidem
1201 2033 1542 2105 evangelista:
1568 2031 1752 2086 dicunt
1771 2031 1942 2101 ipsum

355 2131 741 2201 interrogasse;
765 2128 851 2183 hic
873 2143 998 2182 vero
1016 2127 1107 2191 ait,
1133 2126 1303 2196 ipsum
1330 2127 1710 2194 interrogatum
1735 2121 1938 2177 fuisse:

365 2220 433 2275 Et
448 2217 874 2290 interrogaverunt
892 2235 1020 2284 eum,
1043 2217 1234 2288 inquit,
1253 2217 1487 2281 dicentes,
1515 2216 1575 2271 Si
1596 2216 1707 2269 licet
1724 2214 1943 2269 sabbatis

362 2330 559 2378 curare,
582 2323 637 2365 ut
659 2319 950 2366 accusarent
967 2308 1416 2365 eum.Verisimile
1431 2318 1608 2363 autem
1635 2315 1718 2362 est
1738 2315 1943 2360 utrum-

362 2423 470 2476 que
487 2404 682 2460 factum
705 2419 842 2460 esse.
865 2402 1085 2458 Scelesti
1107 2403 1248 2457 enim
1272 2417 1392 2457 cum
1417 2408 1619 2468 essent,
1638 2400 1942 2470 scirentque

352 2500 533 2568 ipsum
551 2498 616 2553 ad
633 2498 957 2554 curationem
978 2495 1114 2550 haud
1130 2496 1290 2551 dubie
1309 2504 1589 2550 venturum
1608 2508 1749 2560 esse,
1774 2493 1944 2548 inter-

364 2592 642 2662 rogatione
689 2601 1012 2662 prmvertere
1035 2589 1184 2644 illum
1204 2588 1555 2654 studuerunt;
1581 2598 1857 2657 sperantes
1882 2601 1942 2642 se

363 2685 415 2738 id
437 2683 538 2739 hoc
564 2681 724 2738 modo
750 2681 1097 2754 impedituros
1127 2695 1264 2736 esse.
1288 2678 1412 2734 ldeo
1440 2677 1860 2749 interrogabant,
1882 2679 1944 2732 Si

363 2777 476 2830 licet
520 2775 737 2830 sabbatis
775 2791 977 2841 curare,
1007 2781 1195 2828 nonut
1223 2769 1525 2834 discerent,
1563 2771 1656 2825 sed
1700 2777 1756 2823 ut
1779 2783 1940 2823 accu-

362 2865 514 2922 sandi
542 2865 815 2920 materiam
856 2863 1132 2919 haberent.
1185 2861 1406 2917 Etiamsi
1448 2861 1618 2930 ipsum
1649 2875 1784 2930 opus
1812 2860 1941 2913 satis

362 2968 525 3025 esset,
557 2959 600 3013 si
631 2973 885 3013 accusare
920 2957 1252 3012 voluissent:
1280 2971 1346 3010 ex
1371 2954 1550 3010 verbis
1577 2962 1752 3008 tamen
1783 2967 1943 3006 occa-

363 3053 566 3108 sionem
586 3061 801 3123 captare
819 3051 1152 3118 studuerunt,
1172 3061 1229 3106 ut
1249 3049 1351 3106 sibi
1374 3049 1630 3120 majorem
1651 3048 1909 3104 crimiuau
1933 3079 1942 3088 -

352 3145 414 3200 -di
441 3147 645 3216 c0piam
672 3153 936 3216 pararent.
960 3143 1230 3214 Benignus
1255 3152 1432 3198 autem
1458 3142 1711 3196 Dominus
1737 3149 1790 3194 et
1810 3139 1941 3194 illud

361 3239 508 3304 facit,
542 3247 596 3293 ct
615 3230 921 3308 respondet,
941 3252 1037 3291 nos
1055 3234 1368 3291 modestiam
1395 3244 1449 3290 et
1477 3232 1939 3288 mansuetudinem

354 3333 561 3388 docens
588 3332 626 3397 ί,
676 3340 948 3400 totumque
994 3329 1044 3383 iu
1078 3329 1221 3400 ipsos
1259 3326 1523 3383 convertit
1553 3367 1569 3394 ,
1601 3326 1942 3396 ipsorumque

362 3422 805 3479 inhumanitatem
831 3420 1086 3478 ostendit.
1121 3419 1400 3475 Hominem
1441 3418 1492 3472 in
1522 3419 1698 3472 medio
1723 3417 1937 3483 statuit;

355 3533 466 3572 non
495 3512 634 3587 quod
660 3515 777 3571 illos
808 3516 1050 3582 timeret,
1076 3512 1171 3568 sed
1195 3511 1262 3566 ad
1289 3514 1522 3582 ipsorum
1549 3509 1854 3575 utilitatem,
1887 3516 1944 3562 ut

359 3607 428 3662 ad
455 3605 872 3663 misericordiam
915 3613 1150 3660 vocaret.
1186 3601 1317 3658 Cum
1363 3610 1538 3656 autem
1592 3616 1660 3656 ne
1699 3601 1776 3655 sic
1820 3600 1940 3670 qui-

361 3699 482 3755 dem
531 3699 648 3754 illos
677 3697 935 3762 ﬂecteret,
967 3705 1094 3750 tunc
1137 3693 1485 3751 contristatus
1513 3699 1626 3759 est,
1654 3691 1824 3762 inquit
1845 3698 1944 3755 ,et

359 3792 526 3847 iratus
546 3802 629 3847 est
650 3801 865 3862 propter
885 3789 1131 3844 duritiam
1156 3786 1334 3843 cordis
1353 3801 1538 3842 eorum
1565 3784 1755 3855 (Marc.
1779 3785 1832 3840 5.
1850 3785 1938 3852 55),

359 3885 598 3955 dixitque
623 3902 636 3937 :
664 3885 750 3939 11.
777 3879 903 3951 Quis
929 3891 1002 3936 est
1029 3898 1092 3936 ea:
1117 3881 1254 3935 vobis
1281 3879 1451 3942 homo,
1478 3879 1567 3947 qui
1596 3877 1773 3931 habeat
1801 3891 1942 3930 ovem

359 3993 544 4043 unum,
577 3986 622 4031 et
650 3977 694 4030 si
717 3977 768 4028 in
791 3975 987 4043 foveam
1019 3972 1251 4027 ceciderit
1275 3971 1496 4026 sabbatis
1518 4012 1534 4036 ,
1568 3985 1732 4023 nonne
1755 3983 1940 4037 appre-

354 4068 544 4123 hench
568 4084 678 4122 eam
706 4076 751 4122 et
780 4065 974 4136 eriget?
1001 4064 1086 4119 12.
1119 4065 1318 4131 Quanto
1345 4079 1465 4134 ergo
1492 4061 1668 4115 melior
1692 4071 1763 4114 est
1791 4059 1940 4113 homo

357 4161 487 4215 ove?
537 4166 714 4230 Itaque
755 4159 867 4212 licet
894 4158 1113 4212 sabbatis
1154 4157 1459 4228 benefacere.
1502 4153 1579 4208 Ne
1610 4151 1944 4223 impudenter

357 4264 552 4325 agant,
582 4269 713 4308 neve
741 4252 891 4323 quasi
925 4260 1373 4321 transgressorem
1403 4256 1688 4310 accusent,
1717 4259 1812 4315 per
1839 4244 1941 4299 hoc

350 4347 659 4417 exelnplum
689 4362 810 4402 cum
857 4344 960 4400 illis
989 4344 1355 4400 ratiocinatur.
1387 4341 1468 4397 Tu
1495 4356 1622 4395 vero
1651 4339 1779 4393 mihi
1815 4352 1938 4408 per-

359 4439 562 4510 pende,
591 4453 750 4507 quam
793 4437 940 4492 varie
968 4445 1024 4492 et
1053 4449 1212 4506 quam
1240 4442 1598 4504 congruenter
1625 4429 1816 4499 ubique
1843 4429 1942 4483 de-

358 4531 631 4586 fensiones
671 4537 824 4602 paret
866 4529 1006 4582 circa
1054 4525 1260 4581 sabbati
1301 4523 1640 4579 solutionem.
1676 4521 1807 4576 Nam
1851 4519 1940 4581 ubi

362 4639 563 4679 caecum
593 4622 828 4686 curavit,
871 4620 1150 4688 lutumque
1191 4615 1350 4680 fecit,
1384 4629 1489 4669 non
1520 4628 1640 4669 sese
1663 4611 1938 4682 purgavit,

359 4715 482 4772 licet
509 4713 578 4767 illi
609 4713 914 4768 incusarent
940 4711 958 4781 (
981 4705 1138 4763 Joan.
1161 4707 1216 4779 9)
1247 4726 1258 4762 :
1288 4706 1484 4762 etenim
1513 4704 1799 4765 creationis
1827 4715 1943 4757 mo-

355 4810 458 4863 dus
485 4807 566 4862 hic
592 4819 878 4876 expressus
904 4804 1077 4872 ipsum
1103 4817 1222 4857 esse
1248 4801 1380 4870 legis
1411 4800 1688 4853 Dominum
1714 4797 1940 4852 demon-

354 4904 578 4956 smtbat.
609 4901 664 4955 In
698 4899 986 4969 paralytico
1036 4894 1246 4969 (Matth.
1279 4895 1336 4963 9)
1358 4903 1534 4947 autem
1561 4935 1575 4959 ,
1604 4892 1694 4962 qui
1743 4891 1938 4945 lectum

357 4994 619 5063 portavit,
647 4991 773 5046 dum
804 4991 875 5044 illi
915 4996 1261 5053 accusarent,
1309 4987 1466 5040 modo
1493 4994 1549 5038 ut
1592 4985 1751 5049 Deus,
1781 4979 1939 5036 modo

359 5095 418 5139 ut
466 5086 644 5152 homo
672 5098 795 5138 sese
834 5091 1020 5153 purgat
1051 5099 1064 5134 :
1096 5089 1152 5134 ut
1191 5077 1353 5133 homo
1395 5091 1518 5132 cum
1562 5075 1725 5139 dicit,
1755 5073 1816 5128 Si
1838 5073 1940 5126 cir-

359 5178 709 5231 cumcisionem
747 5175 930 5244 accipit
966 5175 1113 5228 homo
1139 5173 1193 5225 in
1221 5171 1423 5225 sabbato
1442 5211 1458 5235 ,
1499 5177 1554 5220 ut
1593 5183 1693 5219 non
1721 5165 1942 5219 solvatur

359 5269 444 5321 lea:
469 5270 486 5335 (
511 5283 608 5322 nec
630 5263 798 5334 dixit,
828 5264 900 5323 Ut
941 5265 1101 5319 homo
1131 5259 1475 5332 adjuvetur),
1506 5258 1629 5310 mihi
1656 5253 1937 5309 irascimini

360 5361 479 5424 quia
528 5367 688 5410 totum
734 5357 986 5410 hominem
1029 5371 1213 5410 sanum
1257 5352 1355 5422 feci
1387 5347 1584 5424 (Joan.
1634 5347 1687 5402 7.
1718 5346 1854 5416 25)?
1883 5352 1942 5400 ut

365 5451 504 5506 Deus
531 5458 731 5513 autem,
759 5463 877 5503 cum
907 5448 1035 5503 dicit
1060 5464 1074 5500 :
1111 5445 1264 5499 Pater
1289 5459 1427 5497 meus
1456 5456 1612 5511 usque
1645 5439 1791 5493 modo
1816 5453 1942 5506 ope-

360 5611 441 5721 kl
468 5608 580 5679 alii,
612 5615 750 5655 81mm
790 5602 1116 5666 benignitatem
1158 5601 1506 5653 demonstrans.
1550 5605 1758 5661 Utraque
1797 5593 1942 5645 lectio

397 5684 479 5720 ττι-ι
506 5677 682 5721 potest.

397 5677 479 5720 arri
506 5677 682 5732 potest.

2051 924 2258 995 (Matth.
2291 927 2378 983 η.
2401 931 2454 986 5.
2483 933 2579 1002 4)⁶3
2601 932 2918 992 Sacerdotes
2944 954 3156 1010 quoque
3178 940 3232 995 in
3271 942 3505 999 medium
3532 946 3635 999 ad-

2049 1019 2213 1076 ducit.
2245 1021 2341 1078 Hic
2363 1039 2572 1080 rursum
2597 1068 2612 1091 ,
2645 1027 2725 1082 An
2765 1027 2878 1083 licet
2907 1031 3190 1097 insabbato
3217 1035 3532 1102 benefacere,
3565 1054 3637 1089 an

2050 1113 2385 1184 malefacerc?
2430 1115 2557 1180 Quis
2589 1119 2722 1172 enim
2763 1136 2826 1174 ea:
2870 1121 3007 1176 vobis
3052 1122 3250 1178 habebit
3294 1141 3432 1178 ovem
3473 1144 3634 1180 unam

2050 1205 2243 1275 (Marc.
2273 1207 2329 1263 5.
2352 1207 2448 1278 4)⁶2
2473 1207 2863 1267 Noveratenim
2889 1228 2984 1268 eos
3011 1215 3248 1284 pecunia:
3273 1217 3496 1287 cupidos
3518 1235 3637 1272 ma—

2047 1297 2129 1368 gis
2151 1313 2308 1369 quam
2354 1297 2682 1356 humanitate
2721 1302 2992 1372 pra-ditus.
3037 1303 3186 1359 Alius
3212 1320 3372 1374 porro
3400 1323 3636 1378 evange-

2051 1387 2170 1442 lista
2217 1387 2395 1460 (Ibid.
2433 1407 2482 1443 v.
2525 1391 2558 1446 5
2585 1390 2604 1461 j
2631 1393 2744 1458 ait,
2777 1392 2947 1462 ipsum
2997 1395 3476 1466 circumSpexisse,
3506 1415 3635 1454 cum

2050 1481 2152 1534 hoc
2199 1480 2584 1552 interrogaret,
2617 1492 2676 1537 ut
2720 1483 2805 1538 vel
2841 1493 3061 1554 aspectu
3104 1485 3250 1556 ipsos
3291 1490 3633 1544 attraheret:

2049 1583 2104 1626 at
2131 1585 2200 1628 ne
2228 1574 2305 1628 sic
2334 1574 2547 1643 quidem
2593 1575 2842 1631 meliores
2870 1575 3042 1632 effecti
3082 1587 3228 1634 sunt.
3257 1579 3354 1635 Hic
3383 1597 3512 1636 vero
3537 1597 3637 1636 so-

2049 1665 2158 1720 lum
2206 1665 2470 1737 loquitur,
2499 1667 2624 1722 alibi
2676 1684 2868 1725 manus
2907 1671 3068 1724 etiam
3117 1670 3341 1742 imponit
3371 1683 3426 1727 ut
3454 1684 3635 1729 sanet.

2049 1759 2296 1814 Attamen
2341 1757 2474 1813 nihil
2502 1775 2688 1815 eorum
2741 1760 2862 1817 illos
2906 1762 2971 1816 ad
3015 1763 3475 1821 mansuetudinem
3507 1765 3636 1820 alli-

2047 1849 2251 1916 ciebat;
2300 1849 2394 1906 sed
2440 1850 2602 1906 homo
2631 1853 2848 1923 quidem
2888 1854 3212 1922 satiabatur,
3257 1855 3330 1910 illi
3376 1873 3507 1912 vero
3538 1873 3638 1929 per

2049 1939 2166 2011 ejus
2187 1939 2548 1998 valetudinem
2579 1943 2872 2000 deteriores
2889 1945 3273 2002 efficiebantur.
3302 1949 3394 2004 llle
3420 1950 3639 2005 volebat

2048 2034 2192 2104 ipsos
2219 2043 2343 2091 ante
2368 2052 2565 2108 a‘grum
2593 2051 2802 2104 sanare,
2827 2038 3239 2112 innumerasque
3268 2043 3491 2098 medela:
3522 2045 3639 2100 vias

2051 2128 2306 2194 tcntabat,
2335 2139 2389 2184 et
2417 2145 2514 2201 per
2535 2145 2596 2185 ca
2624 2145 2743 2201 quae
2787 2142 2911 2186 ante
2955 2131 3183 2201 fecerat,
3215 2144 3270 2189 et
3297 2152 3391 2206 per
3418 2152 3480 2192 ea
3509 2154 3634 2208 qua:

2048 2219 2364 2291 loquebatur
2391 2237 2406 2275 :
2437 2224 2688 2294 quoniam
2727 2233 2905 2279 autem
2952 2225 3232 2281 incurabill
3262 2229 3452 2284 morbo
3481 2231 3637 2284 lahn-

2047 2313 2234 2369 rabant
2253 2357 2268 2382 ,
2301 2313 2368 2370 ad
2397 2331 2530 2386 Opus
2571 2331 2628 2370 se
2654 2318 2898 2371 contulit.
2947 2319 3032 2374 15.
3067 2315 3208 2374 Tunc
3233 2319 3361 2374 dixit
3391 2323 3588 2376 homini
3617 2340 3637 2376 :

2049 2405 2278 2462 Extende
2302 2425 2508 2463 manum
2534 2419 2692 2463 luant.
2745 2408 2808 2463 Et
2834 2412 3088 2476 extendit,
3117 2423 3164 2466 et
3193 2389 3421 2468 restituta
3449 2427 3522 2470 est
3552 2436 3639 2471 su-

2046 2503 2194 2556 nitati
2214 2545 2228 2570 ,
2257 2513 2312 2556 ut
2337 2513 2382 2557 et
2406 2501 2584 2557 altera.
2617 2502 2752 2572 Quid
2802 2505 2958 2575 igitur
2985 2504 3101 2560 illi?
3128 2506 3522 2577 Egrediuntur,
3557 2511 3638 2564 iu-

2046 2596 2190 2664 quit,
2237 2605 2290 2649 et
2333 2594 2675 2660 consultant,
2706 2606 2763 2650 ut
2805 2595 3110 2652 occiderent
3147 2613 3266 2651 eum
3295 2616 3306 2650 :
3337 2600 3411 2653 ait
3438 2601 3586 2654 enim
3619 2616 3633 2653 :

2050 2679 2137 2743 14.
2186 2687 2438 2742 Phariscei
2485 2700 2752 2756 exeuntes,
2804 2691 3072 2744 consilium
3111 2703 3346 2760 ceperunt
3392 2695 3637 2750 adversus

2046 2796 2160 2833 eum
2178 2823 2192 2846 ,
2220 2788 2416 2833 ut"-eum
2447 2781 2730 2850 perderent.
2759 2779 2896 2835 Nihil
2923 2782 3034 2838 Ιαξεί
3061 2784 3305 2840 occidere
3334 2788 3633 2842 tentabant.

2117 2870 2173 2926 2.
2207 2870 2409 2924 Invidia
2436 2883 2680 2943 quantum
2718 2872 2926 2927 malum.
2969 2904 3039 2913 —
3076 2873 3302 2929 Tantum
3330 2887 3411 2931 est
3433 2878 3636 2934 invidia

2049 2962 2268 3018 malum.
2308 2961 2440 3016 Nam
2474 2977 2537 3016 ea
2567 2977 2673 3016 non
2703 2962 2910 3017 alienos
2935 2963 3107 3019 solum
3129 3005 3145 3032 ,
3192 2964 3286 3020 sed
3313 2967 3477 3023 etiam
3505 2986 3634 3028 uro-

2050 3053 2273 3122 pinquos
2301 3068 2514 3122 semper
2541 3053 2831 3125 impugnat.
2859 3053 3067 3109 Marcus
3097 3065 3274 3111 autem
3299 3055 3452 3125 dicit,
3485 3060 3636 3129 ipsos

2046 3161 2166 3201 cum
2211 3145 2525 3201 Herodianis
2583 3145 2634 3199 id
2677 3143 3003 3200 deliberasse
3032 3145 3218 3218 (Ibid.
3250 3163 3298 3202 v.
3348 3149 3382 3204 6
3421 3150 3461 3220 ).
3493 3150 3637 3220 Quid

2048 3253 2177 3308 ergo
2220 3239 2306 3294 ille
2346 3246 2656 3292 mansuetus
2684 3247 2740 3292 et
2779 3238 2924 3292 mitis
2951 3238 2974 3292 ?
3001 3237 3127 3294 Haec
3156 3255 3276 3294 cum
3300 3241 3581 3298 didicisset
3612 3287 3628 3308 ,

2047 3331 2288 3386 secessit.
2319 3327 2405 3384 l5.
2428 3328 2582 3383 Iesus
2607 3339 2794 3396 autem,
2823 3329 3024 3399 inquit,
3054 3345 3169 3383 cum
3194 3330 3341 3384 sciret
3361 3333 3634 3404 cogitatio-

2047 3439 2135 3476 nes
2152 3437 2346 3488 corum,
2370 3420 2572 3475 recessit
2596 3418 2732 3474 inde.
2757 3419 2857 3475 Ubi
2885 3430 3010 3474 sunt
3035 3420 3068 3474 ii
3099 3419 3188 3490 qui
3219 3421 3434 3491 dicunt,
3464 3440 3632 3494 opor-

2048 3523 2165 3570 tere
2213 3514 2363 3584 signa
2408 3509 2694 3568 ﬁeri?His
2741 3511 2939 3582 quippe
2992 3512 3271 3578 ostendit,
3327 3513 3632 3585 improbam

2049 3609 2279 3661 animam
2305 3621 2373 3660 ne
2401 3605 2568 3676 signis
2597 3604 2812 3674 quidem
2840 3603 3214 3673 obtemperare
3248 3647 3263 3669 ,
3291 3605 3635 3678 ostenditque

2046 3701 2206 3758 etiam
2237 3699 2526 3770 discipulos
2552 3699 2669 3754 sine
2696 3713 2854 3754 causa
2897 3697 3159 3753 accusari.
3188 3698 3323 3752 illud
3351 3714 3508 3769 porro
3536 3700 3636 3756 ob-

2045 3791 2366 3849 servandum
2411 3799 2494 3846 est
2521 3831 2536 3856 ,
2569 3789 2714 3860 ipsos
2752 3787 2820 3844 ob
2862 3786 3118 3844 beneﬁcia
3160 3788 3404 3859 proximo
3439 3790 3632 3845 collata

2047 3886 2214 3956 magis
2239 3883 2491 3938 elferatos
2522 3895 2643 3936 esse
2670 3922 2685 3944 ,
2732 3888 2788 3936 et
2833 3878 2924 3935 ubi
2969 3878 3152 3935 vident
3193 3879 3422 3950 aliquem
3462 3891 3558 3935 aut
3602 3897 3632 3936 a

2049 3977 2238 4032 morbo
2257 3985 2347 4030 aut
2373 3990 2404 4028 a
2432 3973 2666 4044 nequitia
2688 3971 2988 4036 liberatum,
3024 3982 3150 4026 tunc
3175 3986 3430 4026 accusare
3452 4013 3468 4038 ,
3503 3982 3632 4028 tunc

2047 4069 2253 4124 feroces
2277 4082 2416 4122 esse.
2448 4066 2579 4120 Nam
2604 4079 2728 4121 cum
2753 4063 3088 4119 meretricem
3114 4061 3179 4118 ad
3209 4064 3632 4134 resipiscentiam

2046 4151 2374 4216 deducturus
2403 4167 2558 4225 erat,
2607 4155 3070 4212 calumniabantur
3113 4170 3276 4220 eum;
3320 4163 3374 4210 et
3415 4156 3633 4226 quando

2044 4267 2170 4307 cum
2217 4250 2514 4322 publicanis
2544 4247 2905 4312 comedebat,
2957 4245 3252 4301 similiter:
3299 4254 3357 4300 ut
3398 4255 3450 4299 et
3489 4261 3632 4300 nunc

2049 4361 2170 4401 cum
2198 4359 2414 4399 manum
2441 4343 2742 4398 restitutam
2771 4338 3044 4395 viderunt.
3089 4337 3169 4392 Tu
3195 4352 3324 4392 vero
3346 4336 3474 4390 mihi
3495 4353 3629 4391 con-

2049 4436 2225 4492 sidera
2253 4435 2520 4505 quomodo
2546 4442 2600 4488 et
2623 4432 2690 4486 ab
2720 4439 3041 4501 aegrotorum
3069 4443 3195 4484 cura
3218 4443 3327 4482 non
3355 4427 3582 4482 absistat
3613 4469 3628 4492 ,

2050 4539 2105 4582 et
2127 4528 2338 4581 illorum
2365 4524 2614 4580 invidiam
2640 4523 2862 4593 mitiget.
2901 4519 2968 4575 Et
2997 4529 3219 4590 sequuta:
3243 4529 3360 4573 sunt
3379 4535 3494 4572 eum
3522 4530 3632 4572 tur-

2051 4622 2127 4674 ba:
2153 4619 2355 4683 multae,
2381 4625 2424 4670 et
2447 4615 2640 4669 curavit
2668 4612 2786 4667 illos
2812 4628 3021 4678 omnes;
3060 4610 3148 4666 16.
3176 4619 3222 4664 et
3245 4610 3520 4681 increpavit
3549 4626 3631 4663 eos

2047 4712 2132 4783 qui
2149 4711 2311 4766 curati
2333 4708 2553 4779 fuerant,
2571 4715 2624 4760 ut
2647 4703 2834 4760 nemini
2858 4705 3028 4774 ipsum
3046 4701 3371 4773 manifestum
3387 4701 3629 4769 facerent.

2048 4797 2240 4858 Turba:
2267 4801 2464 4869 ubique
2504 4808 2555 4854 et
2595 4797 2855 4851 mirantur
2888 4804 2942 4849 et
2981 4801 3279 4864 sequuntur
3309 4808 3323 4846 :
3353 4791 3430 4846 illi
3454 4799 3630 4846 autem

2049 4909 2080 4948 a
2111 4892 2310 4947 malitia
2336 4906 2441 4945 non
2467 4888 2750 4944 absistunt.
2784 4885 2986 4940 Deinde
3026 4898 3094 4939 ne
3128 4882 3356 4938 turberis
3382 4879 3450 4937 de
3469 4881 3632 4952 gestis
3662 4927 3667 4956 ε

2045 4985 2222 5055 deque
2249 4980 2546 5038 incredibili
2574 4980 2788 5034 illorum
2815 4976 2992 5032 furore
3017 5017 3030 5041 ,
3070 4975 3388 5046 pr0phetam
3411 4973 3630 5028 adducit
3663 4977 3669 5029 ἶ

2050 5077 2167 5131 haec
2211 5074 2676 5146 przenuntiantem.
2725 5069 2892 5124 Tanta
2920 5067 3062 5122 enim
3102 5077 3218 5121 erat
3244 5065 3623 5135 prophetarum

2046 5168 2318 5225 accuratio
2343 5209 2358 5234 ,
2405 5174 2463 5220 ut
2505 5181 2574 5219 ne
2603 5165 2718 5218 hinc
2746 5161 2959 5232 quidem
2991 5159 3461 5230 praetermitterent
3494 5197 3510 5222 ,
3537 5155 3631 5210 sed

2049 5264 2160 5317 vias
2187 5260 2303 5331 ejus
2333 5268 2388 5314 et
2415 5258 2668 5313 transitus
2691 5254 3087 5325 prophetarent,
3116 5265 3327 5306 necnon
3348 5265 3450 5319 qua
3483 5265 3631 5302 mcu-

2051 5364 2105 5411 te
2128 5355 2243 5410 haec
2267 5351 2466 5408 iaceret
2495 5367 2510 5414 ;
2542 5357 2600 5404 ut
2623 5348 2800 5403 discas
2824 5387 2840 5412 ,
2895 5345 3016 5400 illos
3042 5351 3292 5398 movente
3317 5340 3518 5410 Spiritu
3546 5339 3629 5393 lo-

2048 5459 2243 5520 quutos
2268 5462 2409 5515 esse.
2456 5444 2590 5500 Nam
2619 5443 2664 5497 si
2695 5441 2970 5494 hominum
3004 5445 3208 5492 secreta
3247 5433 3497 5503 cognosci
3525 5445 3627 5484 non

2049 5549 2307 5614 possunt,
2334 5539 2499 5592 multo
2538 5534 2706 5605 magis
2749 5531 2944 5586 Christi
2993 5543 3184 5597 scopus
3210 5523 3373 5580 edisci
3403 5537 3508 5576 non
3539 5536 3628 5590 ρο)-

2050 5647 2173 5704 test,
2203 5635 2302 5692 nisi
2329 5632 2526 5704 Spiritu
2557 5627 2849 5686 revelantc.
2897 5622 3033 5692 Quid
3065 5630 3242 5676 autem
3273 5617 3466 5673 dixerit
3496 5629 3623 5687 pro.
