3900 6194
217 366 319 420 MT

221 484 393 551 plieta,
426 480 501 536 sic
531 476 682 534 affert
708 496 722 533 :
750 478 838 535 17.
881 478 947 534 Ut
986 478 1276 551 impleretur
1322 479 1454 550 quod
1495 480 1684 533 dictum
1709 488 1780 533 est

227 590 313 643 per
339 571 532 626 Isaiam
550 570 844 643 prophetam
868 571 1109 625 dicentem
1134 585 1154 626 :
1176 572 1262 627 18.
1292 571 1423 625 Ecce
1451 587 1575 641 puer
1599 586 1737 623 meus
1763 610 1779 633 ,

215 681 356 727 quem
381 663 526 734 elegi,
550 663 757 716 dilectus
782 679 933 725 meus,
958 664 1012 716 in
1038 679 1136 733 quo
1156 661 1451 733 complacuit
1466 662 1634 715 anima
1649 678 1776 715 mea.

221 753 415 807 Portam
445 754 674 821 spiritum
700 770 864 807 meum
887 770 1035 823 super
1060 769 1188 815 eum,
1219 762 1263 807 et
1282 753 1531 824 judicium
1555 752 1781 823 gentibus

217 845 479 898 nuntiabit.
512 844 595 900 19.
625 842 747 898 Non
779 846 1069 911 contendet,
1114 860 1270 912 neque
1315 843 1584 909 clamabit,
1626 858 1783 913 neque

214 938 380 991 audiet
401 937 510 1005 quis
536 938 589 991 in
618 937 794 1007 plateis
819 952 985 991 vocem
1001 938 1140 1007 ejus;
1159 936 1249 992 20.
1271 936 1519 991 calamum
1538 952 1781 1006 conquas-

213 1039 373 1081 satum
404 1045 503 1082 non
532 1030 847 1100 confringet,
885 1038 931 1083 et
974 1029 1134 1083 linum
1174 1029 1426 1099 fumigans
1462 1045 1561 1082 non
1594 1029 1783 1084 exstin-

211 1130 325 1190 guet
355 1162 370 1185 ,
411 1122 566 1175 donec
587 1121 803 1175 emiserit
833 1120 886 1174 in
911 1120 1165 1174 victoriam
1206 1120 1449 1184 iudicium
1487 1119 1656 1193 (Isai.
1686 1120 1776 1175 42.

214 1212 325 1279 1-5)
348 1231 363 1277 ;
392 1212 482 1265 21.
505 1220 550 1265 et
590 1212 643 1264 in
668 1211 865 1264 nomine
888 1212 995 1281 ejus
1015 1220 1181 1281 gentes
1205 1210 1492 1281 sperabunt.
1518 1211 1607 1266 His
1632 1227 1782 1265 manâ€”

211 1304 543 1358 suetudinem
566 1304 680 1372 ejus
706 1345 720 1369 ,
745 1313 797 1357 et
825 1310 1133 1372 potestatem
1161 1303 1477 1359 ineffabilem
1499 1305 1730 1360 celebrat
1758 1347 1776 1372 ,

211 1410 561 1464 magnamque
584 1403 637 1449 et
663 1403 897 1463 apertam
919 1393 1162 1464 gentibus
1182 1403 1387 1463 portam
1415 1395 1583 1463 aperit
1603 1435 1617 1458 ,
1639 1395 1776 1449 mala

208 1485 368 1538 etiam
396 1484 608 1539 Judmos
637 1486 880 1539 invasura
914 1484 1231 1553 praenuntiat
1257 1501 1271 1550 ;
1315 1494 1370 1539 et
1396 1484 1629 1540 ostendit
1660 1485 1777 1555 ejus

206 1590 328 1629 cum
378 1575 534 1630 Patre
587 1589 903 1629 consensum
930 1592 943 1627 :
970 1590 1089 1628 nam
1115 1575 1231 1638 ait,
1286 1573 1417 1630 Ecce
1444 1593 1568 1645 puer
1592 1593 1730 1632 meus
1757 1618 1774 1643 ,

203 1682 348 1732 quem
380 1665 524 1734 elegi,
547 1665 753 1718 dilectus
772 1681 929 1728 meus,
952 1666 1003 1718 in
1025 1682 1120 1732 quo
1139 1665 1444 1734 complacuit
1457 1668 1625 1720 anima
1646 1684 1775 1722 mea.

203 1755 257 1809 Si
286 1764 464 1809 autem
494 1755 650 1826 elegit
675 1771 795 1811 eum
830 1797 845 1820 ,
879 1756 1061 1825 utique
1098 1772 1203 1811 non
1251 1756 1538 1812 adversans
1570 1758 1667 1829 ipsi
1696 1760 1773 1814 le-

202 1861 322 1915 gem
351 1845 531 1911 solvit,
556 1860 729 1916 aeque
755 1855 812 1900 ut
838 1846 1079 1901 inimicus
1097 1846 1409 1917 legislatoris
1435 1848 1484 1903 id
1512 1849 1649 1919 agit,
1680 1850 1774 1904 sed

203 1948 261 1991 ut
286 1938 629 1992 consentiens
660 1979 675 2003 ,
709 1938 999 2007 eademque
1015 1952 1261 2007 operans.
1290 1938 1487 1994 Deinde
1526 1954 1774 1995 mansue-

204 2028 440 2082 tudinem
470 2028 587 2098 ejus
610 2029 901 2099 przedicans
930 2029 1057 2084 dicit
1087 2046 1101 2083 :
1127 2027 1247 2083 Non
1272 2029 1531 2084 contendet
1564 2072 1579 2097 ,
1619 2047 1778 2101 neque

199 2120 457 2174 clamabit.
486 2121 600 2190 Ipse
627 2121 822 2191 quippe
849 2121 1060 2175 volebat
1084 2136 1177 2176 eos
1212 2135 1402 2176 sanare
1438 2139 1451 2176 :
1484 2122 1602 2191 quia
1644 2137 1773 2177 vero

200 2211 373 2279 ipsum
398 2213 659 2281 repulcre,
691 2211 779 2267 ille
821 2210 1063 2265 reluctari
1092 2211 1278 2265 noluit.
1309 2212 1507 2267 Deinde
1537 2213 1651 2281 ejus
1676 2228 1772 2283 po-

200 2303 420 2357 tentiam
451 2302 763 2371 illorumque
799 2301 1209 2356 imbecillitatem
1239 2301 1527 2357 ostendens
1555 2344 1570 2368 ,
1599 2302 1727 2357 dicit
1755 2321 1768 2357 :

198 2395 465 2449 Calmnum
507 2403 888 2462 conquassatum
934 2409 1033 2446 non
1082 2394 1382 2465 confringet.
1440 2392 1573 2448 Nam
1619 2393 1772 2450 facile

196 2494 314 2539 erat
365 2500 459 2539 cos
499 2499 682 2538 mnnes
727 2494 784 2537 ut
821 2483 1079 2538 calamum
1123 2484 1454 2554 confringere
1486 2500 1500 2549 ;
1532 2486 1636 2539 imo
1666 2502 1770 2540 non

198 2575 361 2628 modo
382 2574 643 2628 calamum
669 2616 684 2640 ,
706 2574 799 2628 sed
824 2574 931 2644 jam
961 2585 1387 2644 conquassatum.
1414 2575 1479 2629 Et
1506 2576 1664 2630 linum
1690 2580 1776 2647 [u-

197 2670 396 2739 migans
416 2685 514 2721 non
536 2668 833 2737 exstinguet.
868 2668 963 2723 llic
989 2667 1198 2721 illorum
1223 2667 1351 2721 iram
1376 2668 1643 2722 incensam
1673 2669 1773 2723 de-

196 2761 366 2815 clarat
399 2801 413 2819 ,
446 2759 686 2829 illiusque
729 2758 1129 2822 fortitudinem,
1160 2775 1279 2828 qua:
1324 2767 1502 2828 posset
1540 2761 1769 2815 furorem

197 2853 434 2921 ipsorum
464 2851 693 2917 Solvere,
711 2859 765 2904 et
792 2865 911 2904 cum
935 2850 1181 2904 facilitate
1211 2866 1395 2921 magna
1413 2852 1766 2922 exstinguere.

200 2945 351 3001 Unde
372 2946 491 3011 ejus
519 2944 866 2998 mansuetudo
891 2944 1071 3014 ingens
1092 2944 1407 2999 ostenditur.
1434 2946 1566 3013 Quid
1591 2946 1770 3016 igitur?

195 3053 259 3091 an
292 3038 409 3091 lucc
436 3052 647 3105 semper
674 3045 827 3090 erunt
854 3036 877 3089 ?
912 3052 977 3089 an
1006 3052 1215 3105 semper
1240 3035 1375 3091 feret
1399 3052 1492 3092 eos
1516 3037 1769 3093 insidian-

199 3141 276 3185 tes
290 3145 353 3184 ac
384 3129 663 3183 furentes?
685 3130 883 3197 Apage;
913 3128 1005 3183 sed
1030 3143 1148 3183 cum
1177 3143 1270 3182 sua
1298 3128 1616 3193 exhibuerit,
1645 3140 1769 3185 tunc

197 3234 250 3278 et
294 3222 381 3277 illa
422 3230 778 3290 exsequetur:
808 3220 861 3273 id
906 3221 1045 3273 enim
1081 3204 1396 3289 significavit
1432 3221 1513 3274 his
1543 3222 1717 3277 verbis
1749 3239 1763 3275 :

196 3315 369 3369 Donec
385 3314 579 3369 emittat
601 3313 651 3366 in
677 3312 933 3367 victoriam
950 3313 1203 3383 judicium
1231 3329 1249 3377 ;
1296 3323 1342 3367 et
1361 3315 1412 3367 in
1441 3314 1637 3368 nomine
1659 3316 1767 3384 ejus

194 3418 364 3477 gentes
386 3405 657 3474 sperabunt
682 3421 702 3455 :
730 3403 1172 3473 quemadmodum
1201 3414 1256 3459 et
1283 3405 1479 3459 Paulus
1507 3406 1579 3459 ait
1612 3423 1625 3459 :
1664 3405 1769 3459 Pa-

192 3502 290 3555 rati
314 3517 511 3555 onmem
531 3500 911 3554 inobedientiam
940 3500 1116 3553 ulcisci
1140 3540 1155 3565 ,
1195 3501 1583 3570 cnm'completa
1609 3503 1763 3573 fuerit

193 3592 476 3647 obedientia
503 3601 664 3645 vestra
699 3590 773 3663 (1.
814 3589 931 3645 Cor.
972 3591 1058 3647 10.
1088 3591 1164 3663 6).
1191 3592 1325 3659 Quid
1352 3607 1477 3648 vero
1506 3595 1767 3664 significat

194 3685 322 3739 illud
352 3728 367 3752 ,
406 3685 533 3740 Cum
564 3686 781 3740 emiserit
818 3687 870 3740 in
908 3688 1166 3741 victoriam
1184 3687 1480 3757 judicium?
1503 3689 1636 3743 Cum
1667 3685 1763 3744 sua

192 3777 370 3829 omnia
394 3776 714 3845 impleverit,
746 3777 950 3847 inquit,
978 3788 1101 3832 tunc
1132 3778 1417 3833 vindictam
1441 3779 1687 3847 inducet,
1711 3789 1766 3836 et.

192 3868 447 3921 ultionem
502 3868 806 3937 perfectam.
854 3869 1003 3923 Tunc
1048 3871 1227 3940 gravia
1282 3871 1586 3939 patientur,
1639 3888 1760 3927 cum

192 3958 529 4027 splendidum
560 3960 803 4014 statuerit
832 3971 1112 4028 tropaeum,
1145 3970 1201 4015 et
1222 3960 1336 4030 ejus
1356 3960 1766 4031 justilicationes

191 4053 421 4107 vicerint
454 4071 468 4118 ;
501 4067 563 4107 ac
610 4070 678 4108 ne
729 4053 1063 4123 impudenter
1107 4054 1322 4123 quidem
1362 4055 1763 4111 contradicendi

189 4159 375 4198 ansam
403 4144 687 4213 relinquet.
704 4142 852 4199 Solet
868 4145 1009 4199 enim
1032 4144 1287 4212 judicium
1313 4144 1479 4215 ipsam
1500 4146 1761 4215 justitiam

189 4232 389 4289 dicere.
418 4234 523 4289 Sed
556 4251 659 4288 non
691 4235 744 4290 in
771 4234 873 4289 hoc
897 4244 1097 4290 tantum
1123 4236 1379 4291 consistet
1405 4236 1520 4306 ejus
1543 4252 1763 4293 oecono-

188 4326 294 4379 mia
318 4367 335 4391 ,
382 4326 524 4395 quod
554 4325 806 4382 increduli
850 4327 1171 4396 puniantur:
1203 4342 1385 4382 verum
1410 4328 1567 4382 etiam
1595 4338 1760 4383 totum

187 4417 374 4472 urbem
400 4416 651 4473 attrahat.
681 4418 1013 4487 Quapropter
1042 4418 1312 4487 subjunxit
1342 4436 1356 4472 :
1386 4418 1453 4472 Et
1475 4421 1527 4473 in
1556 4421 1757 4474 nomine

186 4511 298 4580 ejus
316 4519 486 4581 gentes
505 4511 797 4580 sperabunt.
831 4509 1029 4565 Deinde
1054 4520 1111 4564 ut
1133 4510 1329 4576 discas,
1358 4510 1460 4566 hoc
1488 4512 1644 4566 etiam
1675 4526 1763 4565 se-

187 4602 424 4656 cundum
468 4602 797 4656 voluntatem
840 4600 1012 4656 Patris
1055 4616 1176 4656 esse
1208 4643 1223 4669 ,
1261 4602 1314 4656 in
1347 4601 1461 4672 ipso
1505 4603 1764 4672 principio

185 4696 449 4766 propheta
499 4694 601 4751 hoc
642 4708 763 4749 cum
811 4694 1080 4763 prioribus
1122 4695 1499 4758 confirmavit,
1533 4692 1763 4750 dicens:

187 4785 415 4840 Dilectus
444 4801 610 4848 meus,
648 4785 701 4837 in
729 4801 827 4855 quo
864 4784 957 4838 sibi
984 4784 1290 4855 complacuit
1319 4785 1489 4837 anima
1515 4802 1643 4840 meo.
1672 4786 1765 4840 Et-

182 4877 330 4930 enim
360 4875 534 4945 palam
580 4884 657 4929 est
688 4874 938 4929 dilectum
974 4874 1263 4929 secundum
1303 4874 1570 4946 diligentis
1594 4891 1654 4930 se
1676 4892 1765 4928 vo-

185 4969 449 5023 luntatem
471 4967 586 5021 lucc
601 4966 810 5022 fecisse.
832 4965 920 5019 22.
954 4965 1096 5020 Tunc
1116 4966 1397 5021 obtulerunt
1423 4968 1466 5021 ei
1493 4966 1768 5020 daemonia-

183 5078 325 5126 cum,
355 5075 544 5114 cas-cunt
572 5070 619 5113 et
648 5069 860 5123 mutum,
888 5068 937 5113 et
975 5061 1161 5114 curavit
1195 5076 1332 5125 eum,
1364 5061 1432 5113 ita
1458 5068 1511 5113 ut
1533 5076 1692 5114 caâ€™cus
1718 5069 1766 5114 et

182 5164 360 5207 mutus
389 5153 672 5221 loqueretur
696 5161 741 5204 et
764 5151 970 5205 videret.

259 5246 315 5299 3.
359 5243 590 5299 Christus
635 5244 883 5310 beneï¬cus
910 5284 925 5307 ,
977 5242 1357 5297 Pliaristeorum
1398 5243 1637 5296 invidiam
1680 5260 1766 5297 ea:-

185 5340 331 5389 citat.
380 5335 599 5389 Invidia:
646 5334 841 5389 nullum
897 5352 990 5404 par
1032 5336 1240 5387 malum.
1308 5333 1481 5404 Ipsius
1523 5337 1762 5390 remedia.

181 5457 261 5468 â€”â€”
295 5427 341 5481 ÎŸ
388 5427 586 5479 malitia
631 5425 935 5480 daemonis!
981 5423 1270 5494 Utramque
1320 5424 1457 5478 viam
1496 5466 1511 5489 ,
1566 5442 1669 5496 qua
1721 5428 1765 5481 is

184 5518 493 5573 crediturus
523 5526 659 5578 erat,
689 5517 1048 5579 obstruxerat,
1079 5517 1252 5571 visum
1275 5524 1329 5570 et
1353 5516 1590 5571 auditum
1622 5536 1634 5571 :
1669 5518 1763 5573 sed

187 5622 474 5681 utramque
517 5608 762 5663 Christus
808 5608 1034 5677 aperuit.
1065 5608 1156 5663 25.
1192 5607 1254 5661 Et
1302 5610 1567 5678 stupebant
1610 5610 1767 5664 turbat

186 5707 413 5757 dicentes
445 5718 463 5755 :
493 5700 545 5756 Î
550 5719 629 5754 unt
644 5700 755 5771 Î³Î±á¿–á½±
777 5702 858 5754 hic
882 5710 956 5754 est
983 5699 1122 5768 [ilius
1165 5699 1372 5754 David?
1400 5699 1489 5754 24.
1518 5699 1765 5755 Î¡Î™Î¹Î±Î½á½¶Î´Ï‰á½¶

194 5807 367 5857 Â«ÎºÎµÎºÏ„Î·
389 5796 624 5851 dixerunt
659 5810 678 5848 :
712 5787 1368 5861 Hicnonejicitdtemonia,
1386 5789 1484 5844 nisi
1505 5791 1549 5842 in
1564 5791 1763 5849 Î’Î±Ïƒá½·Î»Î±Î¹

1227 366 1292 422 IN
1329 365 1735 423 ÎœÎ‘Î¤Î¤Î—á¾¸ÎžÎ—Îœ
1774 366 2001 424 IIOMIL.
2044 372 2153 429 XL.
2194 379 2264 431 al.
2306 377 2439 434 XLI.

3351 398 3457 452 ÎœÎž

1892 482 1989 537 bub
2018 487 2242 559 principe
2260 491 2637 548 dwntoniorum.
2657 494 2815 567 Atqui
2842 500 2965 569 quid
2988 505 3158 575 magni
3189 508 3355 563 turba:
3376 513 3456 563 di-

1891 590 2076 634 xerant
2099 582 2123 635 ?
2150 584 2400 639 Attamen
2429 587 2479 640 id
2511 586 2767 645 Pharisaei
2797 597 3166 652 non-tulerunt
3194 617 3209 653 :
3237 600 3313 655 sic
3338 602 3444 668 illi,

1890 681 1946 726 ut
1972 686 2130 742 supra
2161 674 2305 741 dixi,
2334 690 2546 747 semper
2569 695 2633 736 ex
2665 681 2937 739 beneï¬ciis
2968 690 3210 755 proximo
3240 692 3449 747 collatis

1888 766 2232 835 mordentur,
2262 768 2395 823 nihil
2421 770 2493 824 ita
2518 770 2623 827 illis
2646 773 2885 830 dolorem
2916 779 3079 845 parit,
3105 792 3159 833 ut
3181 780 3451 836 hominum
3504 798 3507 800 Î‡

1888 860 2049 915 salus.
2080 861 2408 933 Quamquam
2436 864 2591 921 Jesus
2610 878 2928 936 recesserat,
2953 878 3007 925 et
3036 872 3209 927 locum
3236 874 3455 929 dederat

1888 960 1945 1003 ut
1970 950 2047 1006 ira
2073 952 2389 1010 sedaretur:
2427 956 2518 1012 sed
2548 973 2732 1013 rursus
2774 975 3054 1017 accensum
3086 964 3282 1018 malum
3313 967 3405 1020 fuit
3438 1007 3452 1032 ,

1888 1040 2009 1110 quia
2038 1059 2223 1100 rursus
2257 1044 2573 1102 beneficium
2618 1048 2812 1104 factum
2841 1062 2950 1119 est,
2996 1054 3177 1124 il-lique
3206 1056 3451 1128 indignaâ€”

1886 1134 2079 1189 bantur
2104 1136 2222 1206 plus
2241 1154 2397 1207 quam
2420 1140 2532 1211 ipse
2551 1142 2781 1211 diemon,
2802 1146 2890 1215 qui
2915 1160 3209 1205 secesserat
3237 1164 3304 1208 ex
3331 1168 3453 1206 cor-

1887 1239 2016 1294 pore
2039 1268 2053 1292 ,
2082 1236 2137 1285 et
2161 1230 2458 1301 aufugerat,
2505 1234 2632 1289 nihil
2661 1235 2907 1306 loquutus
2934 1255 2949 1303 ;
3010 1240 3059 1293 hi
3089 1252 3263 1296 autem
3291 1246 3450 1298 modo

1886 1316 2032 1373 illum
2080 1320 2373 1378 interficere
2410 1326 2724 1393 tentabant,
2770 1330 2928 1384 modo
2972 1333 3448 1391 calumniabantur.

1885 1407 2017 1474 Quia
2046 1412 2186 1466 enim
2215 1413 2342 1469 illud
2379 1431 2483 1469 non
2520 1426 2665 1472 recte
2694 1420 3012 1488 procedebat
3042 1465 3057 1489 ,
3108 1426 3291 1494 gloria:
3339 1429 3454 1491 ejus

1888 1517 2083 1559 nocere
2103 1505 2367 1561 volebant.
2395 1507 2706 1578 Hujusmodi
2737 1527 2824 1566 res
2851 1524 2931 1569 est
2962 1516 3177 1579 invidia,
3214 1520 3296 1572 cui
3326 1522 3444 1573 nul-

1885 1594 1993 1647 lum
2038 1610 2130 1665 par
2169 1599 2389 1653 malum.
2436 1599 2568 1656 Nam
2615 1603 2855 1659 mmchus
2895 1607 3217 1677 voluptatem
3262 1613 3449 1667 saltem

1883 1687 2164 1755 quamdam
2185 1691 2412 1760 percipit
2431 1732 2445 1754 ,
2465 1701 2520 1746 et
2546 1692 2691 1749 brevi
2723 1704 2961 1765 tempore
2991 1710 3263 1768 peceatum
3294 1718 3447 1757 suum

1886 1776 2122 1844 perficit:
2152 1780 2358 1837 invidus
2383 1799 2509 1839 vero
2536 1800 2597 1841 se
2625 1787 2770 1856 prius
2800 1805 2955 1859 quam
2986 1808 3105 1846 eum
3135 1795 3223 1863 qui
3253 1795 3451 1851 invidet

1882 1870 2141 1938 supplicio
2167 1872 2350 1939 afficit,
2384 1891 2556 1946 neque
2578 1878 2736 1934 finem
2758 1896 3007 1949 umquam
3028 1887 3281 1953 peccandi
3306 1888 3446 1950 facit,

1880 1970 1934 2015 et
1956 1962 2008 2015 in
2031 1974 2248 2031 peccato
2274 1977 2538 2023 versatur.
2560 1967 2709 2025 Sicut
2734 1988 2823 2025 sus
2851 1974 2901 2027 in
2926 1976 3034 2029 luto
3058 2018 3071 2039 ,
3097 1986 3149 2031 et
3178 1978 3316 2032 sicut
3345 1980 3451 2034 da:-

1881 2068 2067 2108 mones
2091 2054 2157 2110 de
2180 2055 2376 2112 damno
2404 2068 2585 2114 nostro
2614 2061 2860 2117 laetantur
2891 2082 2905 2115 :
2939 2066 3015 2119 sic
3055 2076 3108 2121 et
3148 2069 3362 2122 invidus
3385 2071 3453 2125 de

1883 2147 2107 2229 proximi
2136 2149 2288 2203 malis
2310 2150 2506 2219 gaudet
2534 2170 2548 2206 :
2576 2161 2631 2207 et
2660 2155 2702 2207 si
2735 2156 2859 2224 quid
2892 2157 2990 2224 ipsi
3033 2162 3182 2211 triste
3221 2168 3274 2213 et
3317 2162 3452 2229 inju-

1880 2226 2108 2290 cu'ndum
2139 2240 2370 2305 eveniat,
2391 2250 2514 2297 tunc
2544 2242 2632 2297 ille
2661 2245 2885 2313 quiescit
2910 2256 2963 2300 et
2990 2226 3452 2316 respirat.alienas

1881 2343 2146 2384 mrumnas
2191 2331 2441 2400 gaudium
2478 2349 2597 2389 esse
2651 2350 2804 2390 sumn
2850 2349 3079 2406 putans,
3122 2350 3175 2395 et
3228 2341 3449 2395 aliorum

1879 2420 2015 2475 bona
2054 2424 2324 2492 preprium
2368 2420 2466 2480 sibi
2501 2429 2695 2481 malum
2728 2446 2742 2493 ;
2774 2446 2945 2499 neque
2989 2434 3292 2488 considerat
3325 2437 3448 2501 quid

1880 2512 1978 2566 sibi
2006 2528 2188 2581 suave,
2220 2516 2314 2571 sed
2335 2517 2461 2586 quid
2493 2521 2734 2587 proximo
2760 2537 3116 2599 zerumnosum
3145 2527 3231 2579 sit.
3264 2526 3449 2582 Nonne

1880 2602 2012 2658 tales
2034 2604 2274 2660 homines
2301 2606 2564 2676 lapidandi
2595 2618 2650 2664 et
2675 2602 2948 2679 suppliciis
2977 2615 3255 2684 torquendi
3281 2626 3409 2670 sunt
3432 2659 3446 2679 ,

1877 2704 1936 2749 ut
1962 2711 2121 2752 canes
2143 2698 2350 2765 rabidi,
2383 2709 2441 2754 ut
2468 2700 2739 2757 dmmones
2770 2703 2945 2759 infesti
2973 2747 2987 2770 ,
3012 2715 3069 2759 ut
3096 2707 3223 2775 ipsae
3248 2706 3397 2761 furno
3426 2708 3449 2760 Î¾â€™

1875 2785 2007 2841 Nam
2030 2788 2473 2855 quemadmodum
2504 2793 2758 2847 scarabaei
2786 2795 2835 2847 in
2868 2792 2992 2848 fimo
3013 2798 3317 2851 nutriuntur
3335 2839 3348 2860 ,
3368 2800 3448 2851 sic

1876 2888 1929 2932 et
1957 2878 2008 2932 hi
2032 2880 2082 2933 in
2105 2880 2292 2935 alienis
2316 2882 2703 2938 calamitatibus
2732 2926 2747 2949 ,
2775 2900 3089 2941 communes
3115 2897 3318 2943 naturae
3344 2890 3449 2943 ini-

1877 2969 1996 3023 mici
2026 2979 2079 3023 et
2112 2969 2314 3026 hostes.
2358 2971 2427 3026 Et
2462 2972 2552 3028 alii
2584 2974 2796 3044 quidem
2840 2977 2884 3030 si
2931 2977 3117 3032 brutas
3143 2979 3443 3034 animantes

1872 3058 2136 3129 jugulatas
2182 3062 2449 3129 viderint,
2485 3065 2845 3121 misericordia
2892 3080 3199 3137 moventur;
3228 3080 3282 3125 tu
3310 3088 3437 3126 vero

1876 3150 2144 3207 hominem
2164 3154 2348 3209 videns
2375 3155 2631 3212 beneficio
2660 3158 2929 3225 alIectum,
2955 3162 3214 3228 efferaris,
3242 3165 3446 3226 tremis.

1875 3243 2046 3312 palles
2071 3244 2321 3315 â€˜iEcquid
2367 3247 2470 3303 hoc
2512 3248 2691 3304 furore
2711 3250 2998 3306 deterius?
3026 3253 3148 3308 Ideo
3176 3253 3444 3309 furnicarii

1873 3344 1929 3389 et
1975 3336 2243 3405 publicani
2285 3338 2338 3393 in
2386 3354 2608 3409 regnum
2660 3342 2858 3399 intrare
2908 3353 3237 3413 potuerunt;
3285 3347 3445 3401 invidi

1874 3443 2021 3495 vero,
2052 3430 2140 3500 qui
2171 3433 2314 3485 intus
2337 3442 2489 3486 erant
2512 3474 2527 3497 ,
2559 3435 2756 3502 egressi
2780 3446 2905 3490 sunt
2931 3455 2943 3490 :
2971 3452 3091 3492 nam
3120 3437 3244 3492 Filii
3276 3442 3439 3510 regni.

1874 3518 2066 3588 inquit,
2100 3522 2237 3591 foras
2265 3522 2529 3590 ejicientur
2561 3523 2773 3594 (Matth.
2802 3526 2854 3580 8.
2883 3526 2995 3598 12).
3028 3528 3097 3583 Et
3126 3529 3197 3583 illi
3223 3531 3437 3599 quidem

1872 3611 1939 3667 ab
1967 3613 2195 3682 nequitia
2219 3616 2408 3684 erepti,
2431 3631 2550 3685 qua;
2574 3632 2858 3688 numquam
2876 3632 3309 3690 exspectaverant
3327 3638 3445 3678 con-

1872 3704 2078 3773 sequuti
2106 3714 2230 3759 sunt
2253 3724 2266 3759 :
2292 3705 2345 3760 hi
2375 3722 2501 3761 vero
2531 3708 2665 3762 bona
2689 3726 2806 3779 qua:
2832 3710 2941 3780 jam
2974 3713 3228 3768 tenebant
3252 3714 3445 3768 amise-

1872 3802 1997 3849 runt
2026 3811 2041 3860 ;
2072 3806 2124 3850 et
2140 3796 2265 3866 jure
2285 3796 2518 3867 quidem.
2540 3799 2650 3853 lloc
2670 3800 2812 3855 enim
2843 3800 3110 3858 diabolum
3140 3821 3207 3859 ex
3229 3804 3446 3859 homine

1871 3888 2032 3955 facit;
2063 3888 2163 3943 hoc
2188 3888 2417 3945 ferocem
2442 3891 2738 3947 daemonem
2760 3891 2942 3949 efï¬cit.
2978 3896 3065 3950 Sic
3082 3892 3252 3966 prima
3273 3898 3447 3951 caedes

1872 3980 2005 4035 facta
2036 3990 2119 4036 est
2147 3998 2162 4048 ;
2190 3982 2268 4037 sic
2293 3992 2494 4039 natura:
2522 3984 2662 4038 nulla
2692 3983 2869 4039 habita
2898 3988 3033 4041 ratio
3063 3988 3159 4041 fuit
3184 3986 3336 4058 (Gen.
3367 3989 3443 4053 4);

1872 4075 1950 4131 sic
1980 4085 2121 4132 terra
2159 4077 2360 4146 polluta
2404 4088 2522 4144 est;
2550 4078 2629 4132 sic
2675 4088 2857 4147 postea
2901 4094 2963 4133 os
3001 4094 3153 4135 suum
3197 4081 3445 4149 aperiens

1873 4180 2032 4234 terra,
2072 4170 2297 4235 Dathan,
2320 4170 2458 4225 Core
2479 4178 2533 4226 et
2557 4170 2778 4234 Ahiron,
2804 4181 3075 4242 totumque
3107 4172 3252 4226 illum
3276 4188 3443 4242 pepu-

1872 4262 1978 4316 lum
2010 4264 2217 4332 excepit
2245 4273 2300 4320 et
2324 4263 2547 4333 perdidit
2571 4263 2755 4333 (Num.
2786 4266 2900 4333 16).
2932 4267 3030 4327 At.
3063 4265 3259 4320 dixerit
3282 4267 3438 4336 quis-

1873 4358 2035 4426 piam,
2060 4356 2211 4411 facile
2234 4365 2318 4411 est
2342 4356 2409 4411 de
2434 4356 2629 4411 invidia
2654 4372 2907 4413 accusare
2929 4398 2944 4424 ,
2972 4358 3066 4414 sed
3099 4358 3398 4413 docendum
3424 4360 3438 4390 '

1871 4464 1977 4518 quo
2001 4457 2157 4515 pacto
2187 4447 2346 4503 invidi
2375 4447 2443 4502 ab
2470 4448 2570 4503 hoc
2606 4449 2794 4503 morbo
2826 4449 3136 4503 liberentur.
3165 4448 3445 4515 Quomodo

1872 4552 1999 4607 ergo
2029 4537 2372 4593 liberabimur
2397 4538 2465 4593 ab
2486 4538 2761 4609 iniquitate
2783 4538 3149 4608 hujuscemodi
3171 4540 3193 4592 ?
3217 4539 3275 4594 Si
3303 4541 3450 4614 cegi-

1873 4640 2066 4696 temus,
2090 4631 2226 4686 sicut
2240 4630 2547 4686 fornicatori
2573 4648 2679 4686 non
2704 4632 2827 4687 licet
2848 4632 3045 4687 intrare
3064 4636 3117 4686 in
3137 4633 3442 4696 ecclesiam,

1872 4721 1950 4775 sic
1976 4737 2148 4792 neque
2175 4720 2389 4788 invido;
2421 4724 2528 4777 imo
2568 4725 2744 4777 minus
2784 4724 2909 4778 huic
2950 4724 3114 4778 licere
3156 4740 3315 4794 quam
3348 4725 3443 4778 illi.

1872 4812 2023 4868 Nunc
2042 4814 2252 4882 quidem
2274 4814 2469 4869 malum
2499 4814 2627 4869 illud
2653 4816 2801 4885 quasi
2822 4815 3126 4870 indifferens
3155 4830 3274 4870 esse
3304 4815 3445 4869 vidc~

1875 4914 2000 4979 tur;
2028 4904 2250 4975 ideoque
2276 4906 2559 4977 negligitur
2584 4922 2597 4959 :
2622 4907 2714 4960 scd
2739 4905 2782 4961 si
2813 4906 3149 4961 manifestum
3180 4907 3345 4961 semel
3375 4909 3444 4958 sit

1875 4997 2070 5051 malum
2107 5012 2230 5053 esse
2254 5041 2267 5061 ,
2300 4998 2453 5053 facile
2481 5000 2548 5054 ab
2585 5015 2650 5054 eo
2677 5001 2995 5055 resiliemns.
3027 5001 3171 5067 Luge
3200 5002 3358 5069 igitur
3386 5010 3441 5054 et

1874 5086 2200 5157 ingemisce;
2230 5088 2522 5142 lamentare
2549 5098 2601 5141 et
2631 5088 2799 5142 Deum
2832 5104 3069 5158 precare.
3108 5088 3263 5142 Disce
3288 5093 3439 5158 quasi

1877 5179 1945 5235 de
1977 5181 2296 5250 gravissimo
2319 5192 2538 5251 peccato
2575 5182 2742 5247 affici,
2782 5182 3219 5250 etpmnitentiam
3261 5177 3438 5252 agerc.

1874 5271 1940 5326 Et
1969 5273 2012 5328 si
2054 5273 2133 5329 sic
2168 5272 2392 5330 affectus
2439 5274 2607 5327 fueris
2632 5314 2646 5338 ,
2682 5274 2790 5328 cito
2831 5274 2901 5328 ab
2923 5274 3025 5327 hoc
3067 5275 3254 5328 morbo
3304 5275 3440 5327 liber

1873 5363 2086 5418 evades.
2121 5365 2311 5434 Ecquis
2354 5365 2559 5433 ignorat
2584 5404 2598 5427 ,
2625 5363 2831 5431 inquies
2855 5404 2870 5427 ,
2901 5363 3152 5417 invidiam
3180 5379 3301 5420 esse
3326 5380 3441 5418 ma-

1874 5459 1981 5513 lum
2008 5457 2030 5510 ?
2060 5458 2272 5527 Ignorat
2309 5456 2523 5525 quidem
2550 5471 2708 5509 nemo
2746 5473 2759 5519 ;
2792 5456 2887 5510 sed
2922 5468 3098 5512 tamen
3127 5471 3232 5511 non
3261 5472 3441 5526 parem

1874 5564 1993 5605 esse
2032 5549 2271 5601 morlmm
2299 5556 2484 5616 putant
2511 5546 2847 5601 fornicationi
2887 5556 2942 5602 et
2981 5547 3264 5603 adulterio.
3312 5547 3441 5602 Nam

1874 5643 1991 5711 quis
2012 5655 2257 5709 umquam
2290 5653 2411 5694 sese
2433 5631 2720 5705 damnavit,
2750 5640 2890 5710 quod
2925 5639 3069 5710 gravi
3102 5638 3299 5693 invidia
3338 5644 3437 5692 du-

1937 5792 1951 5823 Â¹
1974 5793 2109 5859 Lege
2126 5794 2210 5847 sed
2230 5789 2581 5860 inquirendum.
