3900 6194
454 273 552 328 H3

447 395 566 440 ctus
587 383 811 438 fuisset?
837 381 1182 449 Quandonam
1214 382 1333 452 quis
1354 385 1561 452 rogavit
1585 381 1770 446 Deum,
1803 389 1860 434 ut
1880 379 2022 434 circa

448 475 588 529 hunc
608 475 855 529 morbum
883 473 981 528 sibi
1006 474 1264 544 propitius
1291 475 1476 528 esset?
1505 474 1672 528 Nemo
1693 473 1875 544 utique
1901 488 2020 528 um-

441 582 621 636 quam;
645 566 741 622 sed
757 567 800 621 si
813 565 1016 635 jejunet
1030 580 1092 620 ac
1113 565 1374 622 tantillum
1399 565 1635 636 pecuniae
1655 565 1747 620 det
1776 564 2018 634 pauperi,

441 659 780 729 quantumvis
796 658 1102 724 sitiovidus,
1116 659 1249 714 nihil
1269 673 1329 714 se
1347 673 1507 729 grave
1526 658 1807 714 admisisse
1830 667 1978 728 putat
2001 675 2016 724 ;

443 751 568 805 licet
605 751 922 821 gravissimo
960 752 1197 806 omnium
1228 752 1414 806 morbo
1433 759 1692 808 teneatur.
1745 748 2018 806 Undenam

440 844 571 898 Cain
591 855 696 899 tam
711 845 966 900 scelestus
981 845 1198 902 ell‘ectus
1214 846 1330 901 est?
1351 845 1492 901 unde
1506 844 1671 901 Esau?
1692 846 1830 900 unde
1846 843 2019 898 Laba-

441 939 493 991 ni
522 938 649 994 ﬁlii?
671 941 808 996 unde
829 940 922 995 ﬁlii
944 940 1165 995 Jacobi?
1195 941 1334 994 unde
1353 939 1492 994 Core
1519 980 1534 1004 ,
1576 938 1780 994 Dathan
1811 947 1866 993 et
1887 937 2016 992 Abi-

439 1032 577 1085 ron?
607 1031 746 1086 unde
779 1029 942 1087 Maria
961 1036 985 1084 ’ί
1011 1031 1152 1086 unde
1176 1033 1352 1087 Aaron
1379 1031 1402 1086 ?
1431 1029 1570 1084 unde
1589 1029 1704 1100 ipse
1733 1027 2018 1083 diabolus?

509 1127 565 1182 4.
598 1124 729 1180 Cum
766 1124 851 1179 his
881 1125 984 1180 hoc
1027 1124 1188 1179 etiam
1219 1122 1486 1194 perpende
1509 1163 1526 1186 .
1561 1132 1611 1178 te
1651 1137 1755 1176 non
1782 1137 1906 1176 eum
1931 1121 2015 1174 cui

437 1217 643 1274 invides
673 1218 873 1273 laedere
901 1258 918 1284 ,
951 1216 1045 1272 sed
1085 1217 1136 1270 in
1163 1216 1390 1286 teipsum
1423 1215 1654 1286 gladium
1684 1224 1914 1270 vertere.
1959 1213 2012 1266 In

436 1327 544 1381 quo
569 1311 712 1366 enim
741 1311 964 1365 Abelum
986 1309 1117 1364 Cain
1142 1310 1275 1364 hesit
1295 1308 1319 1362 ?
1340 1309 1490 1362 illum
1519 1309 1675 1362 citius
1704 1307 1787 1361 vel
1818 1305 2016 1360 invitus

435 1406 491 1460 in
523 1420 740 1476 regnum
771 1404 934 1469 misit,
963 1419 1126 1474 seque
1151 1402 1418 1458 sexcentis
1443 1401 1665 1456 involvit
1693 1399 1867 1454 malis.
1899 1398 2014 1466 Qua

434 1496 489 1550 in
521 1511 582 1551 re
620 1495 820 1551 Jacobo
848 1495 1028 1550 nocuit
1074 1493 1221 1548 Esau
1248 1494 1272 1547 ?
1299 1508 1478 1547 annon
1519 1491 1608 1547 ille
1631 1491 1782 1546 dives
1817 1499 1934 1546 erat
1961 1499 2016 1544 et

432 1587 579 1641 inille
598 1586 752 1641 bonis
779 1585 1071 1648 fruebatur,
1105 1584 1189 1638 hic
1212 1599 1340 1638 vero
1369 1592 1584 1652 paterna
1612 1581 1773 1637 domo
1793 1580 2012 1647 excidit,

437 1689 492 1733 et
535 1689 655 1745 post
697 1687 926 1732 structas
971 1677 1192 1732 insidias
1218 1676 1272 1730 in
1302 1676 1475 1730 aliena
1520 1673 1738 1744 regione
1765 1671 2014 1728 erravit?

435 1770 575 1838 Quid
621 1778 800 1824 autem
831 1769 1014 1824 Jacobi
1059 1767 1200 1823 ﬁlii?
1233 1783 1301 1822 an
1348 1765 1638 1836 .losephum
1679 1766 1733 1820 in
1774 1764 2018 1835 pejorcm,

431 1874 628 1917 statum
654 1862 1029 1926 adduxerunt,
1057 1862 1264 1917 etiamsi
1287 1875 1454 1931 usque
1480 1860 1546 1915 ad
1576 1858 1886 1930 sanguinem
1917 1873 2010 1913 ve-

431 1955 639 2008 nissent
663 1953 686 2006 ?
711 1953 900 2008 Nonne
924 1952 1224 2009 istifamem
1255 1945 1418 2023 passi,
1447 1967 1511 2006 ac
1538 1951 1606 2006 de
1635 1948 1890 2006 extremis
1918 1964 2011 2020 pe-

430 2047 647 2104 riclitati
671 2058 814 2110 sunt,
843 2047 933 2104 ille
955 2061 1084 2102 vero
1113 2062 1207 2102 rex
1236 2047 1288 2100 in
1317 2055 1424 2100 tota
1453 2045 1686 2116 IEgypto
1711 2043 1852 2098 fuit?
1875 2042 2041 2099 Nam‘

431 2150 630 2209 quanto
658 2139 824 2210 magis
849 2139 1047 2194 invidia
1077 2138 1426 2203 laboraveris,
1462 2146 1607 2191 tanto
1630 2137 1830 2205 majora
1855 2135 1903 2190 ei
1924 2134 2010 2190 cui

428 2231 637 2287 invides
662 2232 799 2286 bona
828 2231 1098 2286 concilias.
1122 2230 1261 2285 Deus
1276 2229 1419 2285 enim
1440 2271 1455 2295 ,
1474 2229 1561 2300 qui
1589 2237 1778 2283 cuncta
1807 2228 2009 2296 perspi-

429 2326 505 2380 cit
536 2367 552 2390 ,
588 2340 708 2380 cum
731 2325 875 2379 videt
896 2339 1018 2379 eutn
1032 2321 1163 2378 laedi
1189 2322 1280 2392 qui
1309 2322 1441 2377 nihil
1470 2321 1628 2390 laesit,
1655 2321 1803 2376 illum
1831 2319 2005 2389 erigit,

430 2417 878 2486 illustrioremque
915 2414 1117 2483 efﬁcit;
1167 2414 1404 2471 invidum
1450 2429 1579 2470 vero
1626 2414 1828 2486 plectit.
1871 2413 2004 2468 Nam

429 2511 471 2565 si
497 2525 610 2576 eos,
635 2510 808 2580 quide
833 2510 986 2566 malis
1011 2509 1344 2565 inimicorum
1367 2508 1632 2576 laetentur,
1650 2524 1756 2564 non
1786 2509 2007 2577 impuni-

428 2613 513 2658 tos
556 2604 684 2658 sinit
727 2602 853 2677 (Ne
896 2602 1121 2674 gaudeas
1159 2602 1308 2668 enim,
1339 2601 1526 2672 inquit,
1544 2603 1608 2656 de
1636 2618 1754 2656 casu
1779 2601 2008 2655 inimicu-

426 2713 541 2750 rum
575 2706 890 2761 tuonuume
911 2695 1114 2764 quando
1166 2694 1303 2750 Deus
1353 2695 1536 2760 uideat,
1565 2704 1612 2748 et
1653 2693 1915 2763 displiceat
1959 2693 2006 2747 ei

428 2785 608 2860 (Prov.
630 2788 722 2843 Ἡ.
748 2788 838 2842 17.
857 2785 944 2858 l8]
970 2789 1023 2856 ):
1052 2786 1220 2840 multo
1247 2787 1422 2840 minus
1438 2801 1533 2840 eos
1553 2786 1641 2854 qui
1659 2783 1896 2839 invident
1916 2785 2002 2850 iis,

425 2879 672 2950 aquibus
694 2878 828 2933 nihil
854 2877 966 2932 laesi
992 2886 1136 2933 sunt.
1181 2877 1373 2932 Feram
1399 2877 1578 2946 itaque
1609 2876 1745 2932 hanc
1773 2916 1789 2942 ,
1823 2876 2005 2931 multis

425 2972 739 3027 instructam
783 2971 1046 3041 capitibus
1073 3012 1090 3034 ,
1130 2971 1526 3026 exscindamus.
1591 2970 1766 3026 Multa:
1807 2970 2005 3040 quippe

423 3073 548 3118 simt
568 3063 776 3118 invidia:
801 3063 1025 3134 species.
1052 3061 1184 3117 Nam
1210 3062 1255 3116 si
1279 3062 1446 3131 is,qui
1467 3077 1526 3117 se
1553 3071 1816 3116 amantem
1837 3071 2000 3128 amat,

424 3155 560 3209 nihil
600 3155 720 3224 plus
750 3153 930 3219 habet,
959 3169 1117 3228 quam
1147 3153 1462 3225 publicanus
1484 3193 1500 3219 ,
1532 3154 1618 3222 qui
1665 3169 1725 3209 se
1755 3153 1884 3207 nihil
1913 3153 2006 3207 he-

423 3248 638 3304 tlentem
667 3247 791 3302 odio
821 3246 1011 3312 habet,
1041 3226 1149 3317 quo
1177 3248 1228 3299 in
1255 3246 1372 3300 loco
1395 3244 1600 3300 stabit?
1624 3245 1892 3315 quomodo
1921 3245 2002 3300 ef-

421 3341 585 3410 fugiet
611 3339 907 3410 gehennam
929 3382 944 3406 ,
989 3355 1110 3396 cum
1139 3338 1368 3395 ethnicis
1403 3338 1554 3408 pejor
1581 3338 1752 3394 factus
1776 3340 1888 3394 sit?
1918 3339 2002 3394 ld-

419 3432 566 3486 circo
627 3431 914 3486 admodum
980 3430 1140 3486 doleo
1170 3471 1188 3496 ,
1239 3430 1382 3501 quod
1428 3431 1518 3501 qui
1583 3430 1839 3501 angelos,
1893 3431 2002 3485 imo

419 3523 730 3595 angelorum
761 3523 1040 3578 Dominum
1072 3522 1270 3578 imitari
1290 3522 1424 3592 jussi
1464 3536 1680 3589 sumus,
1729 3523 1997 3580 diabolum

419 3617 709 3671 imitemur.
760 3614 893 3670 Nam
938 3615 1105 3670 multa
1144 3625 1200 3671 et
1246 3616 1300 3670 in
1345 3615 1583 3670 Ecclesia
1629 3616 1825 3672 invidia
1873 3625 1996 3683 est;

421 3710 696 3778 multoque
718 3708 888 3778 magis
918 3708 971 3762 in
1002 3707 1158 3762 nobis
1186 3748 1202 3774 ,
1227 3722 1388 3778 quam
1415 3707 1468 3762 in
1498 3707 1744 3763 subditis.
1781 3707 1906 3764 Ideo
1931 3709 1998 3766 ad

417 3816 519 3856 nos
545 3815 723 3854 sermo
751 3808 1005 3880 vertatur.
1039 3798 1216 3867 Quare
1239 3839 1253 3863 ,
1285 3798 1371 3853 dic
1399 3797 1529 3852 mihi
1553 3839 1568 3864 ,
1598 3800 1841 3869 proximo
1863 3800 2000 3855 invi-

417 3892 559 3946 des?
585 3891 718 3959 Quia
744 3889 944 3945 honore
972 3898 1026 3944 et
1059 3889 1371 3944 celebritate
1395 3888 1660 3945 fruentem
1686 3889 1867 3946 vides?
1889 3891 1998 3948 Nec

417 3985 621 4055 cogitas
647 3992 902 4054 quantum
933 3983 1056 4037 muli
1087 3983 1320 4037 honores
1347 3982 1646 4037 aﬁerantiis
1667 3984 1755 4053 qui
1786 4001 1890 4038 non
1916 3995 1996 4040 at-

418 4076 687 4131 tendunt?
713 4074 773 4128 In
797 4090 988 4128 vanam
1005 4075 1228 4143 gloriam
1257 4074 1524 4128 extollunt
1551 4115 1566 4137 ,
1598 4074 1650 4128 in
1680 4075 1873 4129 fastum
1899 4117 1914 4142 ,
1940 4076 1992 4130 in

414 4170 798 4239 arrogantiam,
827 4168 880 4224 in
907 4167 1211 4238 superbiam
1237 4209 1252 4232 ,
1284 4167 1698 4238 negligentiores
1719 4169 1951 4224 reddunt
1975 4211 1992 4238 ,

415 4277 480 4318 ac
517 4270 712 4333 praeter
746 4262 861 4316 haec
907 4261 1043 4318 mala
1077 4301 1092 4326 ,
1137 4259 1292 4315 facile
1341 4270 1696 4314 marcescunt.
1736 4260 1995 4332 Quodque

414 4354 782 4425 gravissimum
803 4361 906 4419 est,
927 4353 1063 4407 mala
1088 4351 1214 4406 hinc
1230 4352 1508 4421 importata
1535 4363 1752 4408 manent
1775 4353 1994 4408 immor-

415 4448 538 4503 talia
567 4463 583 4502 :
614 4449 854 4517 voluptas
885 4460 1010 4502 vero
1035 4446 1123 4501 ubi
1167 4445 1393 4514 primum
1423 4445 1687 4515 apparuit,
1738 4447 1988 4502 avolavit.

415 4541 582 4597 llisne
609 4582 624 4608 ,
667 4555 850 4611 quaeso
871 4581 888 4607 ,
930 4539 1000 4595 de
1038 4539 1216 4594 causis
1261 4537 1515 4594 invides?
1542 4539 1646 4593 Sed
1675 4549 1990 4608 potestatem

416 4637 634 4692 multam
660 4635 819 4689 habet
843 4633 930 4688 ille
943 4633 1081 4702 apud
1104 4633 1473 4702 imperantem,
1502 4632 1679 4686 omnia
1702 4647 1792 4688 sus
1818 4632 1991 4704 deque

411 4736 589 4785 versat
616 4741 714 4797 pro
737 4724 923 4788 lubito,
946 4725 1287 4779 adversantes
1306 4724 1404 4778 sibi
1425 4723 1719 4790 ulciscitur,
1747 4724 1990 4780 adulato-

412 4835 503 4877 res
527 4818 798 4874 beneﬁciis
825 4815 991 4871 afﬁcit
1015 4858 1030 4880 ,
1063 4831 1356 4885 magnaque
1385 4814 1575 4870 fruitur
1600 4816 1854 4886 potentia.
1880 4817 1992 4872 Sae-

411 4910 669 4966 cularium
696 4907 970 4963 hominum
1000 4907 1112 4962 hzec
1136 4907 1295 4961 verba
1317 4915 1461 4962 sunt.
1493 4905 1626 4960 Nam
1653 4907 1987 4977 spiritualem

411 5004 680 5059 hominem
703 5002 844 5057 nulla
877 5017 962 5056 res
985 5001 1173 5055 dolore
1201 5000 1416 5054 afﬁcere
1453 5008 1646 5068 potest.
1681 5001 1819 5066 Quid
1845 5001 1988 5055 enim

412 5099 485 5154 illi
515 5098 636 5151 mali
665 5097 868 5152 faciet?
895 5111 962 5149 an
987 5110 1023 5149 a
1059 5094 1315 5164 dignitate
1341 5093 1600 5163 dejiciet?
1641 5093 1706 5146 Et
1731 5093 1855 5163 quid
1889 5093 1990 5148 hoc

411 5193 538 5246 est?
567 5193 622 5247 Si
652 5193 794 5247 enim
819 5192 963 5262 juste
984 5232 1000 5257 ,
1044 5190 1095 5243 id
1138 5189 1268 5243 utile
1295 5188 1394 5257 ipsi
1420 5188 1524 5243 erit
1555 5205 1568 5242 :
1597 5187 1727 5242 nihil
1753 5187 1894 5243 enim
1920 5189 1990 5242 ita

409 5285 522 5339 Deo
541 5285 799 5354 displicet,
832 5299 990 5353 quam
1021 5283 1065 5337 si
1092 5283 1212 5352 quis
1239 5281 1456 5350 indigne
1483 5280 1786 5335 sacerdotio
1810 5281 1990 5350 funga-

409 5385 513 5430 tur.
538 5374 633 5429 Sin
659 5376 853 5443 iujuste
877 5417 891 5440 ,
937 5374 1090 5443 culpa
1119 5387 1282 5443 penes
1318 5373 1672 5442 deponentem
1709 5372 1813 5426 erit
1838 5413 1854 5437 ,
1885 5388 1989 5426 non

407 5483 572 5541 penes
600 5468 899 5539 depositum
932 5485 947 5521 :
981 5482 1100 5520 nam
1127 5467 1216 5536 qui
1257 5465 1453 5535 injuste
1493 5464 1621 5534 quid
1671 5464 1868 5532 patitur
1899 5504 1913 5526 ,
1943 5463 1988 5518 si

407 5562 619 5616 fortiter
648 5561 782 5616 ferat
808 5600 824 5625 ,
866 5559 1122 5627 majorem
1152 5558 1275 5611 hinc
1303 5556 1440 5625 apud
1469 5555 1637 5610 Deum
1667 5554 1992 5608 nanciscitur

410 5653 706 5708 libertatem
738 5665 801 5704 ac
826 5649 1090 5703 ﬁduciam.
1138 5648 1216 5702 Ne
1242 5648 1418 5717 itaque
1443 5646 1494 5701 id
1519 5647 1570 5699 in
1595 5660 1758 5712 scopo
1788 5643 1983 5698 haben-

409 5759 549 5814 mus,
579 5754 632 5798 ut
653 5741 891 5798 fruamur
918 5737 1171 5808 potentia,
1197 5737 1416 5809 honore,
1449 5735 1780 5802 auctoritate,
1805 5733 1898 5790 sed
1929 5744 1984 5791 ut

1222 267 1278 324 S.
1316 266 1592 324 JOANNIS
1626 264 2097 322 CIIRYSOSTOMI
2136 263 2453 322 ARCHIEP.
2495 262 3025 324 CONSTANTINOP.

3602 279 3698 334 413

2127 378 2181 433 in
2215 381 2410 432 virtute
2436 390 2596 450 atque
2619 378 2954 451 philosophia
2981 400 3277 442 versemur.
3319 385 3449 445 Nam
3474 391 3698 463 dignita-

2128 479 2207 524 tes
2235 469 2300 524 ad
2329 470 2494 525 multa
2525 472 2635 526 Deo
2657 489 2759 526 non
2787 475 2979 545 placita
3002 479 3257 546 patranda
3286 482 3545 540 induettnt
3567 528 3585 556 ,
3616 499 3698 542 at-

2124 575 2230 630 que
2256 560 2453 630 ingenti
2493 577 2626 632 opus
2653 573 2735 619 est
2777 567 2987 632 animo,
3020 577 3074 623 ut
3108 570 3364 642 dignitate
3401 591 3464 631 ac
3513 588 3700 646 poten-

2125 652 2195 706 tia
2234 664 2379 708 recte
2408 664 2651 710 utamur:
2684 659 2770 726 qui
2817 675 2944 713 vero
2989 676 3019 715 a
3062 662 3314 732 dignitate
3355 667 3701 740 detruditur,

2124 743 2253 798 velit
2282 745 2415 800 nolit
2445 747 2851 818 philosophatur
2879 768 2894 804 :
2925 760 2981 805 at
3005 753 3096 822 qui
3136 753 3222 808 illa
3255 757 3446 812 fruitur
3479 800 3494 824 ,
3524 761 3702 816 simile

2123 837 2250 907 quid
2274 840 2490 908 patitur,
2517 856 2580 895 ac
2603 843 2646 896 si
2677 842 2796 912 quis
2821 859 2942 898 cum
2972 845 3204 902 formosa
3227 851 3396 918 puella
3430 852 3700 920 habitans,

2122 927 2240 998 lege
2264 943 2508 986 arceatur
2528 949 2596 988 ne
2618 933 2759 988 illam
2783 935 2991 991 lascivis
3012 953 3259 1009 umquam
3277 944 3442 997 oculis
3456 946 3698 1014 aSpiciat.

2123 1020 2265 1076 Talis
2309 1035 2391 1077 est
2418 1026 2674 1094 potentia.
2706 1027 2934 1098 Ideoque
2976 1031 3171 1087 multos
3215 1050 3351 1105 pene
3395 1037 3591 1093 invitos
3635 1042 3700 1095 ad

2120 1117 2497 1170 contumeliam
2525 1119 2850 1174 inferendam
2878 1121 3082 1177 induxit
3104 1165 3119 1186 ,
3151 1127 3217 1179 ad
3253 1127 3384 1182 iram
3414 1129 3652 1186 inritavit
3681 1173 3699 1199 ,

2121 1203 2312 1274 linguae
2339 1206 2548 1263 frenum
2581 1210 2710 1280 ipsis
2729 1211 2968 1278 abstulit,
2997 1225 3049 1270 et
3076 1215 3292 1286 januam
3321 1220 3430 1276 oris
3455 1223 3655 1278 avulsit
3681 1265 3698 1289 ,

2121 1297 2263 1351 venti
2287 1297 2454 1356 instar
2477 1301 2712 1357 animum
2736 1304 3148 1376 circumquaque
3175 1310 3336 1378 agitat
3360 1352 3376 1379 ,
3405 1323 3461 1367 et
3493 1315 3544 1368 in
3574 1331 3701 1384 pro-

2117 1389 2334 1445 fundum
2379 1393 2638 1450 malorum
2676 1396 2926 1466 scapham
2970 1398 3248 1471 demergit.
3281 1403 3417 1470 Quid
3449 1405 3610 1476 igitur
3637 1408 3691 1462 in

2120 1488 2266 1535 tanto
2293 1483 2530 1551 periculo
2563 1486 2772 1540 miraris
2797 1496 2850 1542 et
2876 1488 3214 1546 invidendum
3243 1505 3392 1562 putas
3421 1495 3445 1548 ?
3473 1505 3529 1550 et
3547 1513 3698 1567 qua:-

2117 1585 2239 1626 nant
2261 1572 2376 1628 haec
2402 1585 2485 1629 est
2511 1575 2776 1633 dementia
2800 1578 2824 1631 ?
2853 1580 2981 1634 Cum
3011 1581 3076 1636 iis
3105 1599 3232 1638 vero
3259 1601 3376 1654 quae
3407 1586 3547 1642 dicta
3573 1600 3700 1645 sunt

2117 1663 2288 1734 cogita
2317 1707 2332 1731 ,
2356 1677 2483 1737 quot
2503 1669 2744 1724 inimicos
2772 1681 2826 1726 et
2849 1685 3206 1742 accusatores,
3232 1688 3362 1748 quot
3389 1680 3701 1738 adulatores

2117 1755 2310 1812 habeat
2329 1773 2389 1814 se
2416 1760 2742 1817 obsidentes.
2773 1763 3015 1821 Hazccioe
3053 1767 3212 1837 igitur
3238 1809 3254 1831 ,
3277 1785 3458 1841 quzeso
3479 1814 3496 1839 ,
3535 1773 3698 1844 digna

2115 1858 2241 1904 sunt
2269 1867 2387 1920 quze
2409 1852 2560 1908 beata
2589 1854 2947 1924 praedicantur
2970 1858 2993 1912 ?
3020 1858 3220 1929 Ecquis
3241 1860 3342 1918 hoc
3360 1861 3602 1920 dixerit?
3627 1867 3698 1920 At

2115 1943 2255 2012 apud
2287 1944 2561 2014 populum,
2592 1947 2822 2017 inquies,
2844 1949 3163 2006 celebratur.
3200 1952 3402 2023 Ecquid
3428 1955 3532 2011 hoc
3559 1967 3648 2012 est
3675 1959 3698 2011 ?

2114 2033 2295 2104 Neque
2323 2036 2464 2090 enim
2489 2037 2715 2108 populus
2739 2048 2822 2096 est
2850 2040 2987 2098 Deus
3005 2083 3021 2109 ,
3049 2043 3136 2098 cui
3158 2043 3279 2101 vita:
3306 2047 3543 2108 rationes
3566 2051 3693 2105 red-

2113 2127 2322 2184 diturus
2341 2129 2431 2185 sit.
2459 2129 2639 2201 Itaque
2663 2133 2880 2202 quando
2911 2135 3164 2205 populum
3196 2137 3355 2208 dicis,
3383 2140 3519 2196 nihil
3541 2142 3694 2200 aliud

2111 2235 2380 2276 memoras
2407 2264 2422 2288 ,
2450 2239 2608 2293 quam
2636 2224 2817 2280 obices
2845 2265 2862 2291 ,
2893 2227 3144 2294 scopulos
3166 2269 3180 2294 ,
3216 2228 3402 2286 brevia
3422 2273 3438 2300 ,
3476 2233 3692 2290 latentia

2111 2328 2260 2368 saxa.
2295 2313 2387 2372 Illa
2418 2316 2560 2371 enim
2592 2316 2642 2371 in
2669 2319 2865 2387 populo
2892 2319 3194 2388 celebritas,
3227 2331 3426 2392 quanto
3446 2326 3688 2394 splendi-

2109 2403 2312 2460 diorem
2343 2406 2538 2474 reddit,
2559 2416 2706 2464 tanto
2732 2409 3022 2479 majoribus
3053 2421 3195 2481 patet
3222 2415 3494 2484 periculis,
3523 2419 3690 2483 curis,

2109 2498 2450 2553 mmroribus.
2478 2497 2608 2554 Nam
2627 2500 2716 2570 qui
2743 2501 2861 2555 talis
2882 2510 2984 2567 est,
3011 2518 3112 2558 nec
3135 2513 3279 2560 stare
3301 2521 3401 2562 nec
3425 2509 3693 2578 respirare

2110 2598 2308 2658 potest,
2339 2605 2460 2646 cum
2489 2600 2597 2646 tam
2617 2592 2867 2648 acerbum
2895 2592 3088 2649 habeat
3122 2595 3417 2652 dominum.
3457 2599 3532 2657 Et
3559 2602 3691 2672 quid

2108 2680 2229 2736 dico
2257 2692 2399 2738 stare
2425 2683 2509 2738 vel
2548 2685 2815 2754 respirare
2839 2688 2863 2740 ?
2892 2686 3110 2743 Etiamsi
3155 2690 3202 2744 is
3237 2694 3506 2750 sexcentis
3535 2696 3690 2752 bonis

2108 2775 2358 2844 operibus
2387 2777 2456 2832 sit
2477 2777 2730 2846 pneditus
2749 2819 2764 2842 ,
2786 2779 3001 2836 difﬁcile
3031 2782 3082 2836 in
3112 2798 3332 2855 regnum
3367 2787 3688 2857 ingreditur.

2107 2866 2249 2922 Nihil
2272 2869 2413 2923 enim
2437 2869 2754 2927 labefactare
2783 2873 2919 2928 solet
2947 2915 2964 2941 ,
3007 2884 3066 2930 tit
3094 2877 3384 2933 multorum
3413 2881 3690 2939 existima-

2108 2961 2200 3026 tio,
2234 2978 2351 3031 qua:
2377 2963 2607 3028 timidos,
2643 2966 2929 3022 illiberales
2947 3009 2962 3033 .
2987 2968 3290 3026 adulatores
3317 2973 3689 3032 simulatores-

2108 3069 2212 3124 quc
2238 3054 2382 3110 facit.
2413 3055 2521 3112 Cur
2557 3074 2686 3129 ergo
2713 3060 2965 3117 Pharisaei
2994 3061 3246 3120 dicebant
3267 3065 3543 3124 Christum
3571 3070 3688 3127 dae-

2107 3147 2406 3202 moniacum
2451 3151 2617 3204 esse?
2660 3151 2851 3208 Annon
2893 3154 3014 3221 quia
3058 3154 3197 3225 vulgi
3235 3158 3688 3218 existimationem

2106 3241 2436 3310 captabant?
2463 3240 2572 3297 Cur
2618 3252 2795 3300 autem
2835 3246 2988 3300 multi
3019 3257 3219 3304 rectam
3249 3248 3317 3306 de
3346 3251 3440 3306 illo
3467 3263 3690 3310 senten-

2107 3333 2233 3386 tiam
2274 3333 2568 3390 ferebant?
2604 3335 2792 3392 Nonne
2821 3337 2944 3407 quia
2981 3338 3083 3395 hoc
3112 3341 3304 3397 morbo
3337 3357 3444 3399 non
3473 3345 3689 3403 detine-

2105 3423 2298 3480 bantur
2322 3426 2346 3480 ?
2373 3426 2516 3482 Nihil
2544 3429 2685 3483 enim
2709 3470 2724 3495 ,
2751 3429 2884 3484 nihil
2905 3442 3055 3486 certe
3075 3432 3319 3490 homines
3345 3435 3424 3492 sic
3451 3437 3688 3508 iniquos,

2104 3518 2184 3574 sic
2215 3520 2408 3575 stultos
2435 3520 2621 3587 efﬁcit,
2643 3537 2802 3591 quam
2825 3522 2965 3593 quod
2991 3523 3058 3578 ad
3087 3525 3374 3582 multorum
3404 3528 3685 3586 existima-

2106 3614 2304 3668 tionem
2333 3612 2539 3668 inbient
2561 3631 2576 3678 ;
2599 3613 2731 3668 nihil
2760 3614 2829 3668 ita
2856 3615 3110 3685 probatos
3129 3626 3288 3686 atque
3303 3604 3682 3678 adamantinos

2103 3704 2298 3768 reddit,
2330 3713 2390 3759 ut
2418 3705 2609 3760 famam
2626 3705 2925 3775 despicere.
2949 3707 3125 3776 Quare
3153 3707 3442 3766 fortissimo
3459 3714 3687 3785 quisque

2102 3811 2238 3866 opus
2267 3797 2427 3852 habet
2450 3799 2628 3853 animo
2657 3840 2671 3863 ,
2704 3808 2762 3852 ut
2788 3799 2947 3870 hujus
2968 3802 3114 3856 venti
3140 3802 3357 3872 impetui
3383 3813 3438 3861 et
3463 3807 3518 3860 vi
3546 3809 3684 3864 resi-

2101 3902 2244 3945 stere
2268 3891 2454 3960 possit.
2482 3890 2612 3944 Nam
2640 3891 2853 3962 quando
2874 3907 3130 3962 prospere
3152 3909 3265 3949 rem
3278 3897 3406 3965 agit,
3435 3899 3685 3953 omnibus

2101 3995 2160 4037 se
2185 3983 2460 4051 anteponit
2490 3998 2505 4046 ;
2545 3998 2667 4038 cum
2697 3983 2960 4038 contraria
2989 3984 3240 4039 accidunt
3265 4028 3280 4050 ,
3308 3987 3549 4057 seipsum
3570 3991 3684 4046 suf-

2100 4073 2283 4129 fodere
2309 4074 2454 4143 cupit
2479 4090 2494 4139 ;
2525 4082 2579 4129 et
2601 4073 2703 4130 hoc
2730 4075 2830 4145 ipsi
2860 4085 2914 4131 et
2929 4077 3173 4146 gehenna
3203 4079 3362 4134 simul
3382 4090 3437 4137 et
3455 4097 3682 4154 regnum

2102 4177 2207 4232 est,
2239 4182 2361 4222 cum
2389 4167 2492 4224 hoc
2509 4168 2673 4224 animi
2701 4168 2890 4224 morbo
2917 4171 3180 4228 obruitur.

2169 4259 2223 4314 5.
2256 4258 2518 4324 Haeceine,
2545 4275 2746 4330 quaeso,
2780 4260 2971 4316 invidia
3005 4261 3164 4332 digna
3187 4265 3349 4320 sunt?
3373 4281 3554 4323 nonne
3583 4287 3680 4340 po-

2101 4351 2205 4406 tius
2243 4351 2452 4406 fletibus
2485 4367 2548 4406 ac
2589 4352 2876 4422 lacrymis?
2910 4353 3102 4424 Utique
3135 4355 3186 4411 id
3215 4357 3466 4415 omnibus
3509 4362 3681 4430 palam

2097 4455 2198 4499 est.
2232 4445 2311 4498 Tu
2340 4460 2470 4500 vero
2494 4444 2721 4514 idipsum
2745 4447 2893 4511 facis,
2926 4461 3047 4503 cum
3077 4449 3127 4505 ei
3155 4451 3345 4521 quisic
3377 4442 3685 4512 celebratur

2096 4536 2323 4602 invides,
2351 4553 2414 4592 ac
2441 4538 2486 4592 si
2527 4539 2644 4608 quis
2676 4539 2941 4594 hominem
2976 4541 3163 4598 videns
3201 4543 3433 4600 vinctum
3479 4562 3545 4602 ac
3581 4548 3682 4604 fla-

2094 4631 2246 4699 gellis
2272 4645 2486 4696 caesum,
2520 4631 2587 4684 ab
2620 4630 3018 4702 innumerisque
3055 4634 3183 4690 feris
3211 4646 3496 4707 raptatum,
3541 4639 3680 4694 invi-

2095 4723 2248 4778 deret
2276 4722 2440 4791 ipsius
2470 4723 2637 4793 plagis
2674 4733 2730 4778 et
2762 4725 3086 4781 vulneribus.
3117 4727 3249 4782 Nam
3277 4739 3406 4798 quot
3436 4729 3681 4788 homines

2095 4815 2149 4869 in
2179 4816 2374 4884 populo
2403 4823 2544 4882 sunt,
2589 4825 2665 4870 tot
2694 4817 2853 4872 habet
2891 4818 2978 4874 hic
3009 4820 3234 4884 vincula,
3271 4831 3345 4877 tot
3382 4822 3634 4881 dominos
3663 4844 3677 4879 :

2093 4907 2342 4978 quodque
2366 4911 2576 4977 gravius
2601 4919 2703 4975 est,
2734 4909 2959 4966 diversae
2979 4923 3103 4966 sunt
3127 4913 3349 4984 singulis
3366 4919 3672 4982 sententiae,

2093 5013 2148 5058 et
2171 5019 2288 5074 quae
2307 5002 2476 5057 menti
2504 5015 2819 5059 succurrunt
2841 5004 2909 5060 de
2929 5007 3284 5063 servientibus
3309 5009 3412 5064 sibi
3438 5019 3681 5067 statuunt

2094 5110 2301 5161 omnes,
2335 5093 2463 5148 nihil
2489 5096 2875 5161 examinantes,
2905 5096 2998 5152 sed
3033 5113 3152 5167 qua:
3193 5098 3317 5154 huic
3351 5100 3435 5156 vel
3464 5101 3544 5158 illi
3567 5103 3677 5158 visa

2095 5185 2290 5241 fuerint
2313 5185 2713 5241 conﬁrmantes.
2742 5187 2867 5241 llaec
2887 5189 3077 5256 quibus
3105 5187 3372 5256 ﬂuctibus,
3406 5207 3512 5262 qua
3542 5201 3676 5248 tem-

2096 5285 2298 5346 pestate
2329 5275 2567 5346 graviora
2598 5293 2704 5332 non
2731 5278 2894 5332 sunt?
2922 5279 3129 5334 Etenim
3169 5282 3215 5335 is
3254 5281 3406 5337 facile
3443 5284 3621 5339 statim
3645 5301 3675 5339 a

2094 5369 2363 5438 voluptate
2402 5367 2636 5433 inﬂatur,
2671 5377 2727 5424 et
2765 5369 2919 5425 facile
2960 5386 3171 5427 rursum
3201 5372 3582 5444 submergitur,
3625 5374 3676 5428 in

2095 5459 2217 5514 vitae
2242 5459 2656 5528 inaequabilitate
2683 5475 2916 5528 semper,
2948 5462 3001 5516 in
3029 5462 3209 5532 quiete
3238 5479 3527 5534 numquam
3562 5482 3679 5534 per-

2093 5562 2260 5606 stans.
2290 5550 2422 5604 Nam
2462 5561 2742 5622 antequam
2775 5554 2827 5605 in
2865 5554 3137 5610 concionis
3171 5554 3436 5610 theatrum
3478 5557 3676 5622 veniat,

2092 5649 2150 5696 et
2171 5649 2452 5710 antequam
2474 5640 2794 5695 laboriosam
2821 5645 3113 5698 orationem
3141 5645 3376 5714 incipiat,
3406 5646 3599 5700 anxius
3623 5655 3679 5700 et

2094 5743 2328 5790 tremens
2347 5742 2426 5790 est
2447 5751 2461 5802 ;
2490 5743 2609 5804 post
2634 5733 2867 5791 solutum
2896 5752 3021 5793 vero
3046 5735 3310 5794 theatrum
3336 5737 3420 5796 vel
3446 5752 3676 5796 merere
