3922 6364
219 295 332 350 413

214 414 411 483 φησὶν,
441 412 524 464 ὄτι
557 412 852 484 πονηρὺνὴ
890 413 1185 482 βασκανίας
1229 416 1439 484 Ἀγνοεῖ
1475 419 1575 488 μὲν
1602 421 1793 483 οὐδείς’
1829 423 1891 476 Οὐ

216 497 334 565 μὴν
367 494 463 565 τὴν
488 491 658 559 αὐτὴν
689 497 815 566 περὶ
839 497 1093 567 πορνείας
1115 498 1204 549 καὶ
1237 500 1482 568 μοιχείας
1511 501 1692 570 ἔχουσι
1715 504 1889 570 δόξαν,

211 579 317 631 καὶ
349 578 474 648 περὶ
505 577 597 630 τοῦ
627 579 830 641 πάθους
866 581 1076 633 τούτου.
1102 582 1239 633 Πότε
1265 583 1394 651 γοῦν
1426 584 1618 637 ἑαυτοῦ
1654 604 1734 650 τις
1761 605 1891 640 κατ-

209 662 364 729 έγνω
393 661 607 733 πικρῶς
635 662 938 733 βασκήνας;
976 665 1105 716 πότε
1144 665 1273 718 (-)εόν
1309 665 1540 734 ἠξίωσεν
1585 668 1725 740 ὑπὲρ
1770 671 1891 722 τού-

207 762 312 798 του
352 744 448 798 τοῦ
481 747 807 814 νοσήματος,
838 746 977 798 ῶο-εε
1009 749 1260 815 γενέσθαι
1288 751 1435 822 αὐτῷ
1462 753 1655 818 ἴλεωνς
1701 754 1890 819 Οὐδεὶς

205 828 497 882 οὐδέποτε·
533 829 648 882 ἀλλ’
679 831 725 883 εί
754 831 1040 898 νηστεύσει
1066 832 1105 862 ¹¹
1135 833 1229 885 καὶ
1259 834 1448 902 πένητι
1473 835 1548 905 δῷ
1577 837 1768 906 μικρὸν
1792 839 1889 907 ἀρ-

209 908 428 977 γύριον,
487 912 592 964 κᾶν
637 910 896 982 μυριάκις
943 910 1208 979 βάσκανος
1240 909 1296 985 ᾖ,
1351 915 1501 968 οὐδὲν
1543 917 1754 985 ἡγεῖται
1802 935 1891 969 πει

207 995 508 1063 ποιηκέναι
541 995 733 1055 δεινὸν,
770 994 847 1064 τῷ
885 995 1102 1047 πάντων
1157 997 1480 1068 μιαρωτέρῳ
1528 999 1888 1069 κατεχόμενος

205 1078 400 1132 πάθει.
453 1077 624 1131 Πόθεν
661 1077 791 1146 γοῦν
822 1080 850 1131 6
895 1079 1037 1131 Κάῖν
1078 1079 1316 1143 τοιοῦτος
1363 1081 1610 1144 ἐγένετος
1651 1081 1812 1134 πόθεν
1860 1083 1890 1133 ὁ

221 1161 431 1226 Ἡσαῦς
473 1161 638 1214 πόθεν
667 1162 716 1214 οί
743 1160 837 1214 τοῦ
868 1161 1052 1215 Λάϐαν
1090 1163 1306 1229 παῖδες;
1339 1163 1502 1216 πόθεν
1547 1166 1595 1216 οί
1634 1164 1725 1216 τοῦ
1787 1165 1890 1215 Ἰαο

206 1244 332 1298 κὼϐ
358 1245 466 1298 υίοί
486 1263 501 1312 ;
525 1245 688 1298 πόθεν
713 1247 762 1298 οί
798 1245 923 1316 περὶ
944 1246 1087 1316 Κορὲ
1122 1249 1215 1299 καὶ
1248 1247 1425 1301 Δαθάν
1464 1251 1557 1302 καὶ
1593 1249 1884 1318 Ἀϐειρώνς

206 1329 379 1382 πόθεν
409 1329 638 1399 Μαρίας
679 1327 842 1381 πόθεν
899 1327 1139 1399 Ἀαρών;
1177 1329 1341 1382 πόθεν
1369 1331 1530 1396 αὐτὸς
1555 1335 1582 1386 ὁ
1611 1333 1882 1399 διάϐολος;

275 1447 344 1501 δ’.
367 1447 524 1500 Μετὰ
549 1445 753 1499 τούτων
771 1447 988 1498 κάκεῖνο
1008 1445 1196 1508 ἐννόει,
1227 1447 1384 1500 ὅτιού
1408 1448 1496 1500 τὸν
1526 1447 1885 1519 φθονούμενον

203 1529 441 1592 ἀδικεῖς,
471 1529 608 1582 ἀλλά
637 1529 776 1580 κατά
805 1528 1004 1581 σαυτοῦ
1033 1529 1093 1581 16
1133 1529 1284 1598 ξίφος
1324 1530 1503 1595 ὠθεῖς.
1555 1532 1618 1583 Τί
1656 1533 1762 1602 γὰρ
1795 1531 1885 1584 τὸν

210 1611 385 1665 Ἅϐελ
409 1611 667 1682 ἠδίκησεν
690 1613 717 1664 6
740 1610 878 1663 Κάῖν
902 1627 916 1674 ;
939 1612 1050 1665 Οὐκ
1066 1612 1271 1666 ἐκεῖνον
1295 1613 1392 1683 μὲν
1413 1616 1454 1646 ¹³
1475 1615 1768 1687 ταχύτερον
1793 1618 1885 1669 καὶ

202 1697 360 1750 ἀκων
385 1698 468 1759 είς
505 1694 779 1765 βασιλείαν
805 1695 1184 1765 παρέπεμψεν.
1210 1697 1399 1750 ἑαυτὸν
1423 1697 1478 1750 δὲ
1503 1698 1717 1768 μυρίοις
1741 1716 1888 1768 περι-

203 1781 401 1850 ἐπειρε
436 1781 645 1840 κακοῖς.
681 1779 745 1830 Τί
791 1777 882 1829 τὸν
923 1778 1114 1830 Ἰακὼϐ
1160 1779 1439 1847 ἔϐλαψενό
1476 1781 1677 1847 Ἠσαῦ;
1711 1781 1829 1851 οὐχὶ
1859 1785 1887 1836 6

207 1864 312 1931 μὲν
335 1861 589 1914 ἐπλούτει
632 1862 724 1914 καὶ
773 1861 980 1930 μυρίων
1007 1862 1275 1915 ἀπέλαυεν
1304 1864 1348 1895 ¹³
1373 1863 1611 1932 ἀγαθῶν,
1637 1865 1796 1928 αὐτὸς
1830 1865 1886 1918 δὲ

203 1946 304 1998 καὶ
356 1945 460 2013 τῆς
513 1943 770 2014 πατρῴας
823 1944 999 2007 οίκίας
1048 1945 1330 2010 ἐξέπιπτε,
1376 1948 1467 2000 καὶ
1514 1949 1571 2000 ἐν
1629 1948 1884 2018 ἀλλοτρία

203 2029 484 2082 ἐπλανᾶτο
519 2028 654 2098 μετά
682 2028 782 2098 τὴν
822 2027 1113 2099 ἐπιϐουλὴν
1154 2030 1400 2100 ἐκείνην;
1432 2031 1497 2083 Τί
1522 2031 1577 2083 δὲ
1618 2033 1667 2084 οἱ
1698 2032 1886 2096 παῖδες

200 2113 396 2165 τούτου
435 2112 528 2164 τὸν
553 2113 597 2142 ⁸⁸
642 2110 836 2182 Ἰωσὴφ
877 2110 1139 2181 ἐποίησαν
1169 2113 1336 2185 χείρω
1361 2115 1425 2174 ⁸⁵.
1460 2115 1554 2167 καὶ¹
1584 2116 1756 2169 ταῦτα
1782 2117 1882 2186 μέ·-

200 2213 326 2266 χρις
353 2196 588 2266 αἵματος
616 2194 898 2259 ἐλθόντεςς
945 2194 1092 2267 1442]
1119 2199 1239 2268 οὐχὶ
1279 2193 1421 2253 οὗτοι
1457 2201 1554 2264 μὲν
1591 2202 1684 2254 καὶ
1728 2201 1884 2271 λιμὸν

201 2281 510 2350 ὑπέμειναν
534 2280 628 2332 καὶ
661 2279 788 2349 περὶ
820 2278 928 2331 τῶν
974 2281 1216 2349 ἐσχάτων
1251 2283 1646 2346 ἐκινδύνευσαν,
1679 2288 1883 2348 ἐκεῖνος

293 2363 553 2432 βασιλεὺς
588 2361 777 2430 γέγονε
823 2361 920 2432 τῆς
968 2363 1244 2431 Αἰγύπτου
1290 2367 1545 2436 ἀπάσηςς
1580 2370 1728 2438 Ὂσῳ
1774 2368 1883 2439 γὰρ

199 2448 267 2498 ἂν
307 2445 534 2516 φθονῇς,
562 2443 799 2514 τοσούτῳ
824 2444 945 2514 γίνῃ
985 2445 1027 2475 ¹⁶
1063 2446 1322 2516 μειζόνων
1359 2449 1615 2519 πρόξενος
1665 2452 1882 2518 ἀγαθῶν

99 2529 106 2534 ’
197 2531 277 2598 τῷ
309 2527 679 2597 φθονουμένῳ.
713 2528 845 2590 Θεὸς
869 2528 977 2599 γάρ
1004 2529 1149 2582 ἐστιν
1187 2530 1216 2581 6
1247 2530 1417 2584 ταῦτα
1452 2531 1492 2563 ιτ
1519 2533 1754 2603 ἐφορῶν·
1788 2536 1882 2586 καὶ

196 2615 326 2667 ὅταν
378 2613 466 2683 ῐδῃ
511 2610 600 2664 τὸν
645 2611 796 2664 οὐδὲν
845 2611 1135 2666 ἀδικοῦντα
1178 2613 1548 2684 ἀδικούμενον,
1591 2616 1754 2668 αὑτὸν
1783 2618 1882 2686 μὲν

198 2697 423 2765 ἐπαίρει
452 2693 653 2765 μᾶλλον
680 2695 775 2748 καὶ
799 2697 943 2747 ποιεῖ
967 2695 1217 2767 λαμπρδν
1247 2697 1438 2768 ταύτῃ,
1473 2698 1530 2752 σὲ
1559 2699 1614 2751 δὲ
1643 2699 1880 2762 κολάζει.

200 2782 259 2833 ΕΞ
285 2780 400 2850 γάρ
435 2781 567 2842 τοὺς
593 2778 954 2848 ἐφηδομένους
979 2781 1092 2841 τοῖς
1126 2777 1338 2849 ἐχθροῖς
1376 2780 1474 2833 οὐκ
1501 2781 1724 2851 ἀφίησιν
1766 2783 1886 2834 ἀτι-

200 2861 421 2934 μωρητὶ
456 2859 766 2932 παρελθεῖν,
789 2861 884 2927 Μὴ
914 2861 1185 2929 ἐπίχαιρε
1216 2865 1344 2933 γὰρ,
1375 2863 1560 2932 φησὶν,
1589 2865 1688 2916 ἐπὶ
1726 2864 1878 2917 πτώ-

190 2966 329 3018 ματ’
361 2945 596 3014 ἐχθρῶν
631 2944 879 3014 σουοιιή
925 2962 1070 2998 ποτε
1123 2946 1221 3014 ιδῃ
1266 2949 1299 3000 δ
1351 2945 1513 3012 Θεὸς,
1544 2949 1642 3001 καὶ
1686 2951 1757 3002 οὐ
1790 2949 1876 3017 μὴ

195 3030 393 3098 ἀρέσῃ
441 3027 637 3092 αὐτῷ·
689 3027 867 3097 πολλῷ
919 3028 1116 3097 μᾶλλον
1165 3029 1293 3092 τοὺς
1344 3030 1727 3100 βασκαίνοντας
1769 3036 1881 3097 τοῖς

194 3115 346 3168 οὐδὲν
402 3113 742 3184 ἠδικηκόσιν.
788 3113 1142 3182 Ἐκκόψωμεν
1180 3112 1359 3166 τοίνυν
1399 3113 1461 3166 τὸ
1512 3115 1882 3185 πολυκέφαλον

195 3198 409 3270 θηρίον.
435 3199 548 3253 Καὶ
581 3198 689 3270 γὰρ
719 3195 890 3251 πολλά
913 3197 980 3250 τά
1010 3197 1122 3267 εἴδη
1152 3199 1251 3267 τῆς
1275 3196 1590 3267 βασκανίας.
1628 3199 1692 3253 El
1718 3201 1826 3270 γὰρ
1852 3201 1882 3252 6

193 3283 285 3335 τὸν
328 3282 594 3352 φιλοῦντα
635 3281 866 3349 ἀγαπῶν
915 3280 1070 3334 οὐδὲν
1113 3280 1272 3333 πλέον
1303 3280 1415 3350 ἔχει
1453 3280 1548 3333 τοῦ
1574 3281 1825 3347 τελώνου,
1852 3284 1882 3337 6

193 3368 284 3419 16v
315 3358 474 3420 οὐδὲν
511 3365 800 3418 ἀδικοῦντα
838 3363 1010 3435 μισῶν
1049 3362 1151 3417 ποῦ
1204 3363 1498 3434 στήσεται;
1544 3363 1661 3427 πῶς
1696 3365 1751 3416 δὲ
1785 3367 1880 3419 ἐκ·

194 3451 460 3518 φεύξεται
505 3449 602 3518 τὴν
633 3445 1016 3518 γέενναν,,τῶν
1047 3445 1276 3500 ἐθνικῶν
1312 3445 1509 3517 χείρων
1557 3447 1836 3518 γινόμενος
1863 3465 1878 3514 ;

195 3533 286 3586 Διὸ
327 3532 425 3584 καὶ
466 3531 671 3601 σφόδρα
707 3529 996 3600 ὀδυνῶμαι,
1027 3527 1110 3580 ὅτι
1142 3528 1192 3579 οἱ
1219 3526 1344 3588 τοὺς
1368 3526 1653 3595 ἀγγέλους,
1681 3530 1882 3598 μᾶλλον

191 3619 249 3670 δὲ
280 3618 326 3647 *⁸
359 3615 470 3667 τῶν
495 3614 740 3682 ἀγγέλων
774 3612 866 3666 τὸν
895 3610 1173 3679 Δεσπότην
1203 3609 1484 3680 μιμεῖσθαι
1518 3609 1878 3680 κελευόμενοι,

193 3700 286 3751 τὸν
317 3697 568 3750 διάϐολον
596 3695 886 3767 ζηλοῦμεν.
917 3695 1027 3748 Καὶ
1041 3693 1148 3765 γὰρ
1173 3691 1340 3763 πολλὴ
1365 3693 1458 3745 καὶ
1477 3692 1532 3744 ἐν
1549 3695 1614 3763 τῇ
1657 3694 1882 3768 Ἐκκλη-

196 3785 290 3852 σία
323 3784 357 3851 ἡ
391 3781 656 3849 βασκανία
678 3796 694 3811 ο
727 3778 926 3849 μᾶλλον
950 3778 1006 3830 δὲ
1041 3779 1084 3809 ¹⁹
1109 3779 1168 3830 ἐν
1193 3778 1325 3848 ἡμῖν
1351 3777 1382 3847 ἢ
1420 3778 1477 3830 ἐν
1499 3781 1611 3841 τοῖς
1639 3780 1879 3850 ἀρχομέ-

193 3883 328 3926 νοις.
359 3864 451 3916 Διὸ
475 3864 570 3915 καὶ
592 3865 724 3932 ἡμῖν
766 3863 948 3924 αὐτοῖς
991 3860 1319 3914 διαλεκτέον.
1352 3860 1506 3923 Τίνος
1535 3860 1644 3931 γὰρ
1671 3861 1876 3922 ἕνεκεν,

191 3950 318 4002 εἰπέ
351 3966 467 4019 μοι,
492 3946 804 4017 βασκαίνεις
827 3944 905 4016 τῷ
926 3945 1182 4014 πλησίον;
1215 3944 1334 3996 Ὅτι
1357 3944 1520 4014 τιμῆς
1541 3943 1880 3998 ἀπολαύοντα

195 4034 417 4102 βλέπεις
447 4033 540 4084 καὶ
574 4029 824 4101 χρηστῶν
859 4028 1119 4100 ῥημάτων
1144 4045 1158 4093 ;
1188 4022 1323 4081 Εἶτα
1357 4029 1456 4081 οὑκ
1484 4030 1682 4092 ἐννοεῖς
1712 4029 1878 4082 πόσον

192 4119 425 4188 φέρουσι
451 4113 620 4168 κακὸν
649 4114 704 4167 αί
734 4113 892 4183 τιμαὶ
917 4114 1029 4176 τοῖς
1060 4110 1136 4182 μὴ
1169 4110 1561 4181 προσέχουσιν;
1609 4114 1689 4174 εἰς
1729 4129 1879 4164 κενο-

189 4201 376 4265 δοξίαν
428 4199 703 4269 αἴρουσαι,
752 4198 831 4259 είς
871 4194 1068 4264 τῦφον,
1121 4195 1202 4257 εἰς
1253 4193 1532 4255 ἀπόνοιαν,
1581 4196 1660 4256 είς
1712 4194 1878 4263 ὑπερ·

189 4285 378 4354 mpm.
435 4281 842 4354 ρᾳθυμοτέρους
883 4277 1166 4332 ποιοῦσαν
1215 4277 1307 4328 καὶ
1350 4277 1490 4347 μετά
1529 4277 1730 4330 τούτων
1770 4275 1877 4330 τῶν

191 4369 385 4420 κακῶν
410 4367 502 4418 καὶ
531 4363 880 4435 μαραίνονται
917 4361 1132 4433 ῥαδίως.
1157 4359 1230 4412 Τὸ
1257 4358 1366 4428 γὰρ
1393 4358 1457 4429 δὴ
1499 4358 1878 4429 χαλεπώτατον

190 4451 376 4512 τοῦτο,
406 4451 487 4502 ὅτι
526 4449 594 4502 τὰ
625 4448 722 4518 μὲν
764 4447 823 4511 ἐξ
859 4444 1023 4499 αὑτοῦ
1068 4445 1112 4475 ¹⁰
1157 4445 1304 4496 κακά
1335 4441 1580 4496 ἀθάνατα
1626 4444 1803 4513 μένειο
1841 4447 1874 4514 ἡ

189 4537 247 4589 δὲ
274 4535 443 4604 ἡδονὴ
477 4531 615 4602 ὁμοῦ
660 4549 719 4584 τε
773 4531 946 4600 ἐφάνη
997 4529 1093 4582 καὶ
1135 4527 1377 4598 ἀπέπτη.
1427 4527 1524 4580 Διά
1568 4527 1738 4580 ταῦτα
1786 4523 1876 4580 οὖν

192 4619 552 4689 βασκαίνεις;
607 4615 731 4670 εἱπέ
785 4631 895 4684 μοι.
953 4611 1091 4664 Ἀλλ’
1132 4610 1379 4676 ἐξουσίαν
1431 4610 1542 4680 ἔχει
1595 4609 1746 4680 παρὰ
1798 4611 1878 4680 τῷ

190 4699 490 4770 κρατοῦντι
525 4698 744 4768 πολλὴν,
773 4697 865 4750 καὶ
897 4696 1018 4763 ἄγει
1047 4694 1140 4748 καὶ
1174 4693 1327 4764 φέρει
1359 4693 1532 4746 πάντα
1566 4693 1687 4745 ὅποι
1713 4693 1874 4753 θέλει,

191 4788 288 4838 καὶ
314 4786 445 4847 τοὺς
478 4781 916 4853 προσκρούοντας
951 4779 1128 4843 λυπεῖ,
1183 4777 1276 4831 καὶ
1319 4777 1446 4840 τοὺς
1488 4775 1878 4836 κολακεύοντας

190 4870 493 4938 εὐεργετεῖ,
523 4867 617 4919 καὶ
660 4865 858 4934 πολλὴν
891 4864 1002 4934 ἔχει
1042 4862 1288 4931 δύναμιν.
1325 4860 1601 4913 Βιωτικῶν
1627 4860 1670 4890 ²¹
1704 4857 1878 4910 ταῦτα

189 4955 260 5006 τά
306 4954 549 5022 ῥήματα,
585 4951 679 5002 καὶ
716 4947 824 5001 τῶν
851 4950 918 5018 τῇ
975 4949 1044 5018 γῇ
1095 4945 1531 5016 προσηλωμένων
1577 4942 1877 5012 ἀνθρώπων

190 5037 331 5089 ἐστί.
368 5036 472 5087 Τὸν
517 5033 624 5103 γὰρ
673 5031 1040 5101 πνευματικὸν
1084 5030 1235 5082 οὐδὲν
1289 5028 1528 5098 λυπῆσαι
1569 5027 1872 5096 δυνήσεται.

191 5123 258 5174 Τί
322 5121 434 5190 γάρ
486 5117 634 5188 αὑτῴ
683 5120 729 5150 ’⁸
774 5117 1067 5187 ἐργάσεται
1131 5113 1345 5178 δεινόν;
1406 5111 1875 5183 ἀποχειροτονήσει

191 5205 290 5272 τῆς
350 5201 544 5267 ἀξίαςς
600 5199 707 5252 Καὶ
759 5200 811 5252 τί
870 5199 1059 5263 τοῦτο;
1093 5199 1188 5250 Ἂν
1228 5199 1325 5268 μὲν
1363 5199 1471 5269 γὰρ
1511 5195 1750 5258 δικαίως,
1783 5195 1877 5246 καὶ

191 5287 486 5354 ὠφελεῖται
507 5301 520 5315 ’
549 5285 701 5337 οὐδὲν
731 5285 837 5352 γὰρ
862 5283 1003 5335 οὑτω
1030 5282 1314 5354 παροξύνει
1349 5283 1501 5341 Θεὸν,
1533 5283 1607 5344 ὡς
1652 5280 1712 5332 16
1747 5281 1874 5349 παρ’

1791 5376 1858 5397 σιτ-

193 5371 352 5436 ἀξίαν
386 5370 664 5440 ίερᾶσθαι·
698 5368 764 5422 ἂν
802 5366 858 5420 δὲ
894 5366 1112 5430 ἀδίκως,
1166 5367 1224 5419 τὸ
1272 5365 1522 5436 ἔγκλημα
1578 5363 1738 5416 πάλιν
1790 5363 1858 5411 ἐπ

1317 300 1381 354 IN
1421 302 1837 359 nummum
1879 291 2111 360 IIOMI‘L.
2152 303 2265 359 XL.
2303 306 2375 361 al.
2418 305 2552 360 xu.

3566 312 3671 370 4M

2000 420 2224 484 ἐκεῖνον,
2254 421 2352 474 οὐκ
2383 422 2475 474 ἐπὶ
2507 422 2693 476 τοῦτον
2722 428 2922 495 χωρεῖ·
2956 426 2984 478 6
3017 425 3124 498 γὰρ
3152 427 3348 492 ἀδίκως
3379 445 3432 481 τι
3462 428 3670 489 παθὼν.

1999 505 2093 556 καὶ
2124 503 2380 572 γενναίως
2412 503 2667 571 ἐνεγκὼν,
2701 505 2919 559 πλείονα
2956 507 3126 579 ταύτῃ
3168 511 3362 562 κτᾶται
3410 511 3544 581 πρὸς
3581 513 3672 566 τὸν

1997 588 2138 640 Θεὸν·
2155 586 2252 658 τὴν
2278 587 2609 658 παρρησίαν.
2642 589 2732 661 Μὴ
2772 590 2948 644 τοίνυν
2983 591 3142 644 τοῦτο
3171 594 3480 665 σκοπῶμεν,
3523 596 3672 660 ὅπως

1997 662 2146 738 ὦμεν
2187 671 2243 721 ἐν
2290 669 2648 734 δυναστείαις,
2693 672 2788 724 καὶ
2831 672 2888 724 ἐν
2929 676 3130 743 τιμαῖς,
3170 677 3263 728 καὶ
3290 662 3669 742 ἐν’ὲξουσίαις,

1996 753 2112 805 ἀλλ’
2140 753 2286 815 ὅπως
2317 747 2464 823 ὦμεν
2497 755 2554 806 ἐν
2579 755 2743 827 ἀρετῇ
2792 757 2885 812 καὶ
2928 757 3231 830 φιλοσοφίᾳ.
3279 759 3366 822 Ὣς
3398 762 3460 813 αἵ
3490 779 3552 829 γε
3585 761 3673 827 ἐξ.

1995 837 2170 889 ουσίαι
2201 836 2368 890 πολλά
2390 837 2498 889 τῶν
2524 837 2602 908 τῷ
2626 839 2744 908 Θεῷ
2773 840 2849 910 μὴ
2875 841 3173 894 δοκούντων
3198 846 3370 896 ποιεῖν
3398 844 3666 909 πείθουσι,

1998 923 2087 973 καὶ
2122 922 2325 992 σφόδρα
2367 923 2617 993 νεανικῆς
2665 923 2746 975 δεῖ
2788 923 2985 993 ψυχῆς,
3031 925 3170 978 ὥστε
3213 928 3278 996 τῇ
3331 924 3548 997 ἐξουσίᾳ
3589 930 3667 991 είς

1994 1003 2111 1056 δέον
2141 1004 2464 1074 χρήσασθαι.
2501 1005 2559 1057 Ὁ
2594 1004 2690 1075 μὲν
2722 1005 2833 1076 γὰρ
2864 1008 3305 1079 ἀπεστερημένος
3352 1010 3538 1080 αὐτῆς,
3573 1009 3668 1062 καὶ

1994 1085 2134 1138 ἑκὼν
2165 1086 2256 1138 καὶ
2292 1087 2439 1139 ἀκων
2465 1085 2771 1155 φιλοσοφεῖ·
2802 1089 2830 1139 6
2861 1087 2917 1140 δὲ
2950 1089 3236 1143 ἀπολαύων
3274 1091 3464 1162 αὐτῆς,
3493 1092 3668 1145 τοιοῦ-

1990 1171 2081 1222 τόν
2107 1187 2159 1221 τι
2191 1169 2412 1239 πάσχει,
2437 1164 2547 1222 οἷον
2585 1169 2650 1223 ἂν
2679 1171 2730 1222 εί
2755 1187 2838 1233 τις
2873 1170 3011 1244 κόρῃ
3053 1173 3314 1227 συνοικῶν
3342 1175 3536 1228 εὐειδεῖ
3572 1177 3668 1228 καὶ

1993 1252 2150 1322 καλῇ,
2204 1252 2402 1321 νόμους
2447 1251 2654 1316 δέξαιτο
2699 1251 2848 1324 [445]
2908 1254 3172 1325 μηδέποτε
3216 1259 3295 1320 είς
3331 1258 3499 1329 αὐτὴν
3537 1259 3665 1312 ίδεῖν

1991 1334 2320 1397 ἀκολάστως.
2371 1335 2619 1387 Τοιοῦτον
2651 1338 2760 1407 γαρ
2793 1338 2826 1406 η
2874 1336 3111 1402 ἐξουσία.
3162 1340 3254 1392 Διὸ
3304 1340 3532 1406 πολλοὺς
3570 1344 3666 1397 καὶ

1991 1417 2221 1480 ἄκοντας
2252 1419 2330 1481 είς
2362 1418 2423 1471 τὸ
2452 1418 2691 1489 ὑϐρίζειν
2723 1419 2965 1480 ἐνέϐαλε,
3004 1421 3096 1474 καὶ
3131 1421 3298 1493 θυμὸν
3333 1423 3540 1494 ἤγειρε,
3569 1426 3665 1478 καὶ

1991 1500 2201 1570 χαλινὸν
2235 1500 2476 1572 γλώττης
2507 1501 2712 1571 ἀφεῖλε.
2741 1503 2834 1555 καὶ
2861 1501 3029 1573 θύραν
3065 1503 3335 1558 ἀνέσπασε
3377 1508 3662 1577 στόματος,

1989 1583 2177 1652 ὥσπερ
2200 1584 2304 1636 ὑπὸ
2329 1584 2632 1653 πνεύματος
2659 1583 2756 1655 τὴν
2778 1585 2953 1657 ψυχὴν
2975 1587 3422 1661 ἀναρριπίζουσα,
3457 1592 3549 1643 καὶ
3581 1593 3663 1654 είς

1989 1664 2078 1718 τὸν
2107 1665 2331 1735 ἔσχατον
2363 1667 2470 1718 τῶν
2509 1666 2694 1720 κακῶν
2727 1667 2885 1738 βυθὸν
2931 1671 3394 1735 καταποντίζουσα
3427 1673 3486 1725 16
3525 1674 3689 1727 σκά-

1989 1765 2106 1816 φος.
2136 1749 2237 1801 Τὸν
2275 1746 2366 1803 οὖν
2393 1750 2438 1780 ’³
2467 1751 2524 1801 ἐν
2549 1750 2788 1821 τοσούτῳ
2813 1752 3040 1822 κινδύνῳ
3072 1753 3389 1824 θαυμάζεις,
3435 1756 3528 1808 καὶ
3562 1756 3660 1825 ζη-

1987 1829 2153 1883 λωτὸν
2184 1827 2322 1885 εἶναι
2371 1831 2509 1903 φῄςς
2551 1833 2644 1885 καὶ
2689 1834 2862 1906 πόσης
2898 1835 3070 1888 ταῦτα
3119 1837 3338 1904 ἀνοίας;
3378 1838 3660 1908 Ἐννόησον

1986 1913 2114 1981 γοῦν
2141 1915 2279 1985 μετά
2304 1915 2411 1968 τῶν
2441 1916 2760 1986 εἰρημένων,
2789 1917 2987 1981 πόσους
3012 1919 3236 1990 ἐχθροὺς
3280 1922 3373 1974 καὶ
3421 1923 3654 1991 κατηγό-

1990 2015 2134 2068 ρους,
2170 1998 2366 2060 πόσους
2406 1997 2462 2050 δὲ
2508 1999 2744 2062 κόλακας
2771 1994 2925 2064 οὗτος
2967 2001 3078 2072 ἔχει
3107 2003 3521 2077 πολιορκοῦντας
3555 2008 3656 2059 αὑ·-

1985 2082 2095 2136 τόν.
2119 2081 2282 2134 Ταῦτ’
2303 2077 2414 2143 οὖν,
2439 2081 2559 2133 εἰπέ
2595 2099 2706 2152 μοι,
2735 2085 3094 2154 μακαρισμῶν
3126 2085 3284 2152 ἀξια;
3324 2087 3434 2140 Καὶ
3473 2088 3554 2150 τίς
3590 2088 3660 2142 ἂν

1985 2163 2143 2216 τοῦτο
2165 2163 2343 2226 εἴποις
2381 2163 2540 2216 Ἀλλά
2565 2164 2713 2235 παρά
2749 2165 2825 2236 τῷ
2847 2165 2980 2236 λαῷ,
3004 2166 3187 2237 φησὶν,
3216 2168 3507 2240 εὐδοκιμεῖ.
3546 2170 3659 2224 Καὶ

1985 2246 2036 2298 τί
2077 2245 2267 2309 τοῦτο;
2308 2247 2382 2298 Οὐ
2427 2247 2534 2317 γὰρ
2562 2247 2626 2316 δὴ
2667 2249 2694 2299 6
2724 2249 2848 2312 λαός
2876 2251 3019 2302 ἐστιν
3043 2251 3071 2303 6
3096 2251 3245 2316 Θεὸς,
3270 2245 3312 2319 ᾧ
3333 2251 3516 2322 μέλλει
3554 2252 3657 2318 τάς

1985 2329 2211 2392 εὐθύνας
2231 2332 2638 2399 ὑπέχειν.”Ωστε
2659 2332 2784 2384 ὅταν
2800 2332 2926 2385 λαὸν
2947 2332 3126 2404 εἴπης,
3147 2335 3299 2387 οὐδὲν
3317 2335 3442 2389 ἄλλο
3455 2335 3654 2404 λέγεις,

1985 2412 2018 2483 ἢ
2058 2413 2351 2483 προϐόλους
2389 2413 2629 2482 ἐτέρους,
2664 2415 2756 2467 καὶ
2790 2416 3099 2480 σκοπέλους,
3135 2417 3230 2469 καὶ
3269 2418 3523 2487 ὑφάλους,
3561 2423 3658 2474 καὶ

1987 2496 2264 2558 σπιλάδας.
2291 2496 2363 2548 Τὸ
2387 2496 2493 2564 γὰρ
2523 2497 2827 2567 εὐδοκιμεῖν
2853 2500 2910 2551 ἐν
2937 2499 3112 2569 δήμῳ,
3140 2500 3250 2569 ὅσῳ
3283 2501 3658 2574 λαμπρότερον

1985 2581 2146 2642 ποιεῖ,
2172 2579 2410 2650 τοσούτῳ
2461 2577 2678 2645 μείζους
2714 2580 2825 2650 ἔχει
2862 2581 2990 2644 τούς
3031 2580 3327 2647 κινδύνους,
3359 2584 3458 2646 τὰς
3489 2602 3656 2656 φρον-

1982 2662 2168 2727 τίδας,
2221 2663 2320 2725 τάς
2367 2663 2624 2732 ἀθυμίας.
2677 2663 3039 2718 Ἀναπνεῦσαι
3091 2665 3200 2735 γὰρ
3247 2667 3276 2718 6
3326 2667 3567 2732 τοιοῦτος
3619 2670 3655 2739 ἢ

1985 2746 2177 2814 στῆναι
2209 2748 2269 2798 οὐ
2318 2745 2539 2798 δύναται
2586 2745 2743 2809 ὅλως,
2788 2746 2929 2800 οὕτω
2963 2751 3159 2818 πικρὸν
3204 2750 3342 2820 ἔχων
3367 2752 3655 2823 δεσπότην.

1984 2829 2094 2882 Καὶ
2118 2830 2172 2880 τί
2192 2829 2336 2897 λέγω
2368 2829 2556 2899 στῆναι
2591 2829 2686 2883 καὶ
2701 2830 2748 2861 ³⁸
2775 2830 3142 2898 ἀναπνεῦσαις
3172 2834 3292 2887 Κᾶν
3335 2835 3502 2907 μυρία
3527 2853 3658 2892 κατε

1982 2912 2278 2983 ορθώματα
2311 2915 2409 2986 ἔχῃ
2441 2916 2469 2967 6
2508 2913 2768 2977 τοιοῦτος,
2799 2914 3072 2979 δυσκόλως
3113 2918 3193 2980 είς
3235 2916 3509 2988 βασιλείαν
3537 2921 3656 2972 eia-

1983 2997 2222 3067 ἐρχεται.
2282 2998 2446 3051 Οὐδὲν
2491 2999 2599 3069 γάρ
2642 2997 2814 3062 οὕτως
2864 3000 3311 3071 ἐκτραχηλιάζειν
3341 3004 3387 3034 ’⁵
3441 3002 3656 3068 εἴωθεν,

1983 3079 2058 3143 ὡς
2079 3081 2111 3151 ἡ
2141 3081 2290 3151 παρά
2312 3080 2419 3133 τῶν
2445 3080 2654 3133 πολλῶν
2681 3081 2825 3146 δόξα,
2849 3081 3075 3146 δειλοὺς,
3104 3083 3370 3151 ἀγεννεῖς,
3396 3085 3655 3153 κόλακας,

1983 3163 2283 3234 ὑποκριτὰς
2316 3163 2562 3216 ποιοῦσα.
2599 3164 2754 3226 Τίνος
2792 3163 2922 3232 γοῦν
2950 3164 3134 3218 ἕνεκεν
3168 3166 3217 3218 οί
3243 3167 3525 3237 Φαρισαῖοι
3564 3167 3657 3220 16v

1982 3249 2216 3319 Χριστὸν
2257 3247 2438 3314 ἔλεγον
2488 3241 2784 3319 δαιμονᾷν;
2825 3249 2925 3302 οὐκ
2965 3250 3152 3320 ἐπειδὴ
3204 3251 3305 3318 τῆς
3357 3251 3507 3323 παρὰ
3545 3253 3657 3306 τῶν

1983 3331 2194 3384 πολλῶν
2226 3332 2532 3402 ἐπεθύμουν
2559 3331 2753 3401 δόξης;
2783 3331 2957 3384 Πόθεν
2981 3331 3038 3385 δὲ
3066 3335 3114 3386 οἱ
3144 3333 3328 3387 πολλοὶ⁵
3359 3335 3458 3406 τὴν
3487 3337 3656 3408 ὀρθὴν

1992 3414 2123 3485 περὶ
2152 3413 2316 3466 αὐτοῦ
2343 3414 2534 3485 ἔφερον
2558 3414 2770 3484 ψῆφον;
2803 3413 2919 3469 Οὐκ
2940 3415 3130 3487 ἐπειδὴ
3166 3416 3340 3488 τούτῳ
3376 3419 3436 3470 ού
3469 3421 3657 3472 κατεί-

1980 3512 2136 3567 χοντο
2167 3495 2244 3566 τῷ
2281 3498 2586 3567 νοσήματι;
2622 3497 2788 3551 Οὐδὲν
2817 3497 2946 3568 γὰρ,
3001 3499 3154 3551 οὐδὲν
3184 3499 3328 3553 οὕτω
3368 3503 3518 3554 ποιεῖ
3551 3519 3657 3556 πα-

1986 3579 2253 3650 ρανόμους
2301 3580 2396 3632 καὶ
2443 3581 2724 3651 ἀνοήτους,
2772 3579 2847 3642 ὡς
2879 3580 2939 3632 τὸ
2983 3582 3119 3651 πρὸς
3165 3583 3264 3653 τὴν
3291 3582 3400 3636 τῶν
3443 3582 3655 3638 πολλῶν

1981 3663 2269 3732 κεχηνέναι
2316 3661 2508 3726 δόξαν
2543 3663 2694 3714 οὐδὲν
2733 3662 3051 3732 εὐδοκίμους
3103 3664 3196 3716 καὶ
3237 3664 3650 3734 ἀδαμαντίνους,

1979 3744 2056 3808 ὼς
2102 3745 2165 3797 τὸ
2206 3744 2407 3817 ταύτης
2440 3746 2732 3816 ὑπερορᾷν.
2784 3747 2875 3798 Διὸ
2904 3747 2995 3798 καὶ
3038 3747 3242 3818 σφόδρα
3291 3748 3546 3819 νεανικῆς
3572 3749 3657 3803 δεῖ

1978 3827 2157 3898 ψυχῆς
2196 3827 2275 3899 τῷ
2313 3827 2559 3898 μέλλοντι
2589 3828 2726 3900 πρὸς
2761 3829 3029 3898 τοσαύτην
3075 3829 3320 3900 ἀντέχειν
3349 3829 3528 3902 ῥύμην
3560 3832 3654 3886 καὶ

1981 3911 2103 3981 βίαν
2131 3912 2458 3982 πνεύματος.
2492 3910 2596 3965 Καὶ
2618 3913 2725 3983 γὰρ
2755 3913 2881 3966 ὅταν
2912 3913 3180 3984 εὐημερῇ,
3211 3911 3427 3966 πάντων
3457 3913 3652 3968 ἑαυτὸν

1979 3995 2267 4067 προτίθησι
2293 4012 2307 4026 ⁸
2340 3995 2433 4050 καὶ
2457 3997 2584 4050 ὅταν
2611 3997 2868 4050 τάναντία
2896 3997 3186 4068 ὑπομείνῃ,
3209 3995 3502 4068 κατορύξαι
3529 3997 3655 4050 ἐαυ-

1978 4078 2068 4131 τὸν
2107 4078 2353 4149 βούλεται
2376 4097 2390 4110 ο
2426 4079 2519 4132 καὶ
2546 4079 2702 4133 τοῦτο
2727 4079 2874 4150 αὐτῷ
2913 4080 3009 4134 καὶ
3038 4079 3233 4148 γέεννα
3259 4080 3354 4134 καὶ
3381 4079 3650 4150 βασιλεία,

1978 4163 2106 4216 ὅταν
2131 4163 2460 4236 ὑποϐρύχιος
2491 4167 2595 4220 ὑπὸ
2622 4166 2716 4220 τοῦ
2747 4167 2951 4232 πάθους
2978 4167 3201 4238 γένηται
3226 4165 3440 4220 τούτου.

2049 4283 2111 4336 ε’.
2140 4283 2321 4337 Ταῦτα
2361 4281 2455 4338 οὖν
2503 4285 2713 4355 φθόνων
2757 4285 2904 4352 ἀξια,
2950 4283 3068 4338 εἰπέ
3122 4301 3211 4354 μοι
3237 4285 3320 4350 ⁹⁶;
3367 4283 3483 4339 ἀλλ’
3530 4283 3654 4356 οὐχὶ

1981 4364 2190 4436 θρήνων
2221 4369 2312 4421 καὶ
2349 4369 2637 4440 δακρύων;
2684 4370 2853 4422 Παντί
2899 4387 3000 4420 που
3043 4367 3220 4438 δῆλον.
3249 4369 3322 4421 Σὺ
3371 4369 3429 4422 δὲ
3454 4369 3652 4424 ταύτὸν

1981 4450 2152 4510 ποιεῖς
2177 4448 2384 4516 φθονῶν
2418 4449 2495 4521 τῷ
2533 4449 2704 4514 οὑτως
2730 4449 3124 4520 εὐδοκιμοῦντι,
3154 4449 3342 4521 ὥσπερ
3385 4449 3451 4505 ἂν
3479 4450 3533 4503 εί
3566 4468 3652 4514 τις

1977 4528 2257 4598 δεδεμένον
2307 4530 2430 4584 ίδὼν
2480 4533 2573 4586 καὶ
2622 4534 3107 4604 μεμαστιγωμένον
3143 4533 3236 4587 καὶ
3295 4534 3400 4588 ὑπὸ
3439 4535 3652 4607 μυρίων

1979 4613 2269 4682 ἑλκόμενον
2297 4615 2520 4687 θηρίων,
2551 4617 2872 4670 ἐϐάσκαινεν
2902 4616 3052 4687 αὐτῷ
3073 4616 3183 4670 τῶν
3207 4619 3537 4690 τραυμάτων
3557 4621 3653 4674 καὶ

1983 4696 2279 4766 μαστίγων.
2324 4699 2431 4751 Kal
2464 4699 2573 4771 γὰρ
2609 4701 2766 4764 ὅσους
2811 4699 2876 4753 ἂν
2912 4699 3228 4771 ἀνθρώπους
3271 4701 3300 4754 6
3327 4700 3498 4772 δῆμος
3527 4702 3648 4774 ἔχῃ,

1977 4778 2262 4843 τοσούτους
2301 4782 2396 4834 καὶ
2433 4779 2586 4847 οὗτος
2618 4783 2872 4854 δεσμοὺς,
2907 4783 3194 4848 τοσούτους
3225 4785 3521 4849 δεσπότας⁹
3556 4787 3651 4840 καὶ

1977 4859 2038 4914 16
2064 4860 2127 4932 δὴ
2181 4862 2578 4936 χαλεπώτερον,
2621 4865 2703 4918 ὅτι
2753 4867 2848 4919 καὶ
2891 4865 3145 4938 διάφορον
3174 4867 3377 4924 τούτων
3419 4869 3652 4934 ἕκαστος

1978 4942 2203 5014 γνώμην
2231 4945 2365 5016 ἕχει,
2402 4948 2495 5001 καὶ
2531 4949 2598 5000 τὰ
2629 4949 2850 5001 ἐπιόντα
2891 4950 3020 5020 περὶ
3047 4948 3142 5004 τοῦ
3182 4951 3522 5014 δουλεύοντος
3550 4951 3648 5003 a6-

1977 5029 2088 5089 τοῖς
2115 5027 2442 5098 ψηφίζονται
2479 5031 2700 5094 πάντες,
2728 5032 2882 5086 οὐδὲν
2909 5032 3316 5101 βασανίζοντες,
3355 5031 3470 5085 ἀλλ’
3503 5032 3653 5103 άπερ

1979 5111 2044 5164 ἂν
2065 5112 2142 5182 τῷ
2164 5113 2294 5168 δεῖνι
2322 5114 2450 5188 δόξῃ
2482 5115 2577 5168 καὶ
2609 5115 2686 5185 τῷ
2714 5116 2866 5181 δεῖνι,
2899 5115 3072 5169 ταῦτα
3102 5115 3196 5168 καὶ
3233 5116 3387 5168 αὐτοὶ
3418 5115 3648 5185 κυροῦν-

1976 5213 2086 5257 τες.
2124 5196 2295 5250 Ποίων
2326 5193 2418 5251 οὖν
2445 5197 2618 5253 ταῦτα
2657 5199 2937 5268 κυμάτων,
2969 5197 3120 5250 ποίου
3161 5197 3428 5260 κλύδωνος
3453 5200 3513 5251 οὐ
3543 5215 3645 5268 χα-

1976 5278 2258 5351 λεπώτερα
2283 5297 2298 5346 ;
2332 5282 2444 5335 Καὶ
2473 5283 2579 5354 γάρ
2602 5281 2698 5334 καὶ
2723 5283 2960 5349 φυσᾶται
2988 5281 3183 5350 ἀθρόον
3205 5281 3313 5335 ὑπὸ
3329 5285 3426 5352 τῆς
3454 5281 3648 5353 ἡδονῆς

1975 5365 2001 5417 6
2035 5365 2294 5431 τοιοῦτος,
2327 5367 2421 5420 καὶ
2456 5366 2774 5438 βαπτίζεται
2800 5366 2963 5421 πάλιν
2997 5367 3252 5433 εὐκόλως,
3283 5368 3342 5422 ἐν
3361 5366 3648 5438 ἀνωμαλίᾳ

267 5548 307 5580 ¹¹
345 5545 594 5616 νηστεύει
637 5545 770 5598 ΕιὶιΙ.
800 5559 851 5598 et
881 5546 960 5601 sic
994 5562 1076 5612 pr.
1215 5543 1287 5616 De
1318 5539 1885 5616 solmcismnllixlin}

2065 5539 2246 5616 ,λιιι-ῃ.
2542 5543 2585 5573 ¹²
2623 5543 2733 5596 Οὐκ
2765 5545 2977 5616 ἐκεῖνον
3001 5542 3122 5615 μέν]
3153 5542 3243 5616 Sic
3363 5542 3459 5598 Ge.
3488 5545 3642 5616 Atyn.

195 5635 252 5673 el.
288 5614 436 5671 Floi'.
480 5633 531 5685 p.
565 5617 948 5670 ἳ45.Ἑκεῖνον
981 5617 1097 5683 μέν.
1123 5614 1183 5668 C.
1232 5614 1291 5668 Ι),
1330 5615 1562 5685 Ἐκεῖνον

201 5692 243 5721 ⁸⁵
279 5683 503 5751 τούτους
545 5688 604 5739 οὐ
635 5687 725 5739 τὸν
756 5690 820 5740 Α.
865 5687 923 5740 li.
954 5698 1136 5739 (:mzlra
1175 5685 1317 5738 Flnr.
1344 5695 1398 5737 ιιι
1423 5683 1604 5736 Vrrss.

198 5762 296 5815 Cc.
379 5761 422 5789 ’δ
461 5757 539 5827 δέ]

577 5759 695 5810 add.
738 5758 828 5809 καί
863 5757 998 5811 ιςιιιι.
1080 5758 1120 5788 ¹⁹
1163 5757 1254 5809 καὶ
1285 5755 1483 5823 μᾶλλον
1511 5755 1568 5805 δέ
1605 5752 1659 5804 F.

204 5821 601 5896 τρυσιῢπιυν
627 5829 752 5896 add.
779 5828 1116 5896 πραγμάτων
1136 5830 1193 5880 (Σ,
1215 5821 1470 5879 Νυίιιιίιιιι
1490 5824 1882 5896 ιιςιιιιειτιιιιι-Ιιιι

2077 5821 2197 5896 Mox
2235 5822 2534 5894 ἀνθρώπιον
2564 5844 2673 5896 op}.
2699 5828 2762 5880 Α.

1597 5611 1695 5682 μὲν
1721 5612 1829 5677 γάρ
1855 5611 1914 5660 Α.
1940 5610 1999 5663 Ε.

1685 5683 1724 5712 ³⁵
1755 5683 1971 5749 χείρονα
1993 5680 2053 5734 (Σ.
2087 5685 2266 5750 χεῖρον
2303 5682 2448 5736 Flor.

1741 5744 1785 5781 ³⁷⁵
1825 5744 2008 5820 αὑτοῦι
2045 5744 2135 5803 Sil:
2161 5744 2294 5806 lllor.
2320 5765 2372 5807 rt
2395 5755 2552 5808 codd.
2583 5744 2764 5808 αὐτῶν
2801 5756 2926 5809 Sav.
2948 5755 3080 5809 Ben.
3125 5757 3166 5787 ¹¹

2081 5611 2123 5641 ¹·³
2165 5610 2254 5664 διε
2285 5612 2342 5683 lg.
2370 5612 2429 5666 Γ.
2458 5611 2602 5666 Flor.
2641 5623 2820 5666 caeleri
2852 5610 3145 5683 ἀπήλαυεν.
3171 5614 3476 5667 ἀπέλαυσεν
3506 5613 3642 5670 Ιιὶιίό.

2529 5685 2570 5713 ¹⁶
2592 5684 2724 5754 γένῃ
2748 5684 2880 5739 Εειιι.
2963 5686 3002 5716 ¹⁷
3028 5683 3224 5754 ταῦταζ
3279 5685 3450 5737 πάντα
3497 5684 3644 5738 Flor.

3240 5754 3490 5826 ιωτικῶν]
3515 5755 3643 5808 add.

2841 5829 2886 5859 ²²
2915 5829 3078 5880 αὐτόν
3107 5827 3170 5881 Α.
3204 5827 3261 5879 F.
3287 5836 3340 5881 et
3362 5840 3506 5880 corr.
3532 5840 3644 5880 we.

205 5873 1396 5970 θζψίίηΤί
1424 5873 1670 5968 ’Ἠίῗξαίι
1703 5893 1822 5964 ἥρ.
1848 5891 1906 5948 υ.
1940 5873 2005 5945 Εἴ
2079 5894 2139 5971 ³⁵,
2161 5873 2574 5967 ἐκτραχηλίζειν
2598 5894 2638 5951 F
2647 5936 2683 5967 .1
2739 5897 2784 5934 ³⁸
2830 5897 2950 5953 εἰπέ
2988 5896 3102 5971 μοι]
3137 5895 3506 5952 εῖποιαιΑοϐ.
3540 5892 3612 5948 ί).
