3900 6194
330 220 435 274 4η

327 333 524 385 tionem
569 329 826 398 proferre.
871 326 1022 394 Quod
1062 339 1240 382 autem
1277 326 1406 382 dicit
1451 325 1552 379 hoc
1597 323 1898 394 signiﬁcat:

243 443 256 496 ξ
324 421 566 490 Apostoli
611 421 663 474 in
710 435 818 489 quo
859 419 1108 489 ejiciuut?
1133 419 1249 473 Jam
1278 418 1421 472 enim
1463 417 1751 484 ejecerant,
1782 429 1903 468 cum

246 503 253 511 ”
325 520 644 582 potestatem
671 511 738 566 ab
767 511 854 566 illo
881 511 1232 581 accepissent,
1266 523 1439 578 neque
1463 519 1638 562 tamen
1667 507 1786 562 illos
1809 520 1902 560 ac-

323 605 581 659 cusabant
607 622 622 658 :
649 619 822 674 neque
847 603 990 659 enim
1031 613 1213 656 contra
1260 617 1348 657 res
1390 602 1553 672 ipsas,
1583 599 1674 653 sed
1719 607 1903 652 contra

325 711 610 767 personam
648 705 850 750 tantum
882 693 1173 765 litigabant.
1210 691 1281 749 Ut
1319 691 1565 746 ostendat
1593 690 1771 761 igitur,
1808 704 1904 744 eos

323 804 392 843 ex
435 787 630 841 invidia
677 787 850 841 solum
893 785 980 840 illa
1018 785 1236 850 dixisse,
1262 785 1531 849 apostolos
1576 782 1628 836 in
1669 780 1902 836 medium

323 879 560 934 adducit.
588 877 723 933 Nam
743 879 786 932 si
811 893 911 947 ego
936 878 1011 932 sic
1033 877 1205 947 ejicio,
1237 877 1404 930 multo
1433 875 1598 945 magis
1635 874 1731 940 illi,
1754 873 1842 944 qui
1869 888 1902 928 ιι

324 960 413 1026 ine
439 978 751 1042 potestatem
775 980 1114 1040 acceperunt.
1146 971 1392 1024 Attamen
1419 969 1551 1022 nihil
1571 967 1740 1023 simile
1768 967 1904 1022 dixi-

323 1063 421 1118 stis
452 1064 577 1118 illis.
605 1061 712 1118 Cur
731 1078 859 1133 ergo
888 1079 972 1118 me
995 1063 1275 1125 accusatis,
1307 1063 1393 1133 qui
1419 1071 1604 1117 auctor
1629 1063 1732 1117 illis
1747 1079 1902 1129 sum;

324 1154 446 1208 illos
485 1170 612 1210 vero
653 1155 877 1210 crimine
915 1155 1113 1211 liberos
1153 1154 1400 1209 mittitis?
1441 1155 1556 1209 Non
1610 1156 1712 1210 hoc
1740 1169 1835 1210 vos
1870 1172 1900 1212 a

324 1247 584 1317 supplicio
611 1248 875 1314 liberabit,
903 1247 996 1303 sed
1037 1245 1224 1317 majori
1259 1247 1584 1302 damnationi
1611 1247 1852 1315 subjiciet
1882 1262 1897 1299 :

324 1338 447 1394 ideo
472 1339 766 1409 subjuuxit,
794 1338 903 1408 Ipsi
920 1339 1121 1410 judices
1150 1341 1296 1393 vestri
1319 1349 1483 1393 erunt.
1506 1337 1637 1394 Cum
1667 1340 1805 1394 enim
1833 1356 1902 1396 ex

322 1433 474 1486 vobis
503 1433 609 1487 sint
637 1434 760 1498 orti,
789 1443 844 1488 et
887 1433 1001 1488 hzec
1027 1441 1337 1499 exerceant,
1368 1450 1489 1489 cum
1527 1433 1657 1488 mihi
1689 1435 1903 1496 obtem-

324 1534 512 1594 pereat
540 1534 596 1580 et
627 1526 899 1590 obeuiant,
931 1527 1144 1595 planum
1184 1537 1266 1582 est
1295 1527 1414 1582 illos
1447 1527 1900 1584 condemnaturos

321 1630 440 1668 esse
465 1630 560 1670 eos
587 1617 675 1684 qui
705 1618 969 1671 contraria
1017 1616 1218 1673 faciunt
1248 1628 1302 1672 et
1345 1618 1546 1674 dicunt.
1586 1619 1674 1675 28.
1718 1620 1779 1674 Si
1802 1637 1896 1673 au-

323 1717 420 1761 tem
447 1709 502 1761 in
549 1709 747 1778 Spiritu
791 1709 889 1763 Dei
916 1710 1168 1764 daemonia
1214 1711 1381 1781 ejicio,
1418 1713 1641 1781 profecto
1683 1713 1905 1782 pervenit

320 1800 377 1852 in
412 1814 496 1854 vos
548 1817 762 1870 regnum
812 1800 924 1854 Dei.
971 1800 1106 1869 Quid
1155 1810 1264 1866 est,
1317 1802 1594 1875 Regnum?
1629 1804 1902 1858 Adventus

322 1905 496 1945 meus.
529 1890 664 1946 Vide
690 1891 956 1960 quomodo
984 1908 1168 1947 rursus
1197 1908 1288 1947 eos
1317 1894 1512 1949 alliciat
1552 1906 1605 1950 et
1633 1905 1802 1961 curet,
1834 1894 1899 1948 ad

323 1997 583 2052 suamque
625 1983 981 2053 cognitionem
1006 1986 1022 2016 ¹
1049 1985 1341 2055 pertrahat,
1388 1986 1735 2057 ostendatque
1781 1988 1902 2042 illos

319 2075 460 2129 bona
490 2089 584 2129 sua
631 2075 960 2145 impugnare,
989 2086 1043 2131 et
1093 2087 1274 2132 contra
1324 2078 1550 2135 salutem
1595 2095 1743 2136 suam
1791 2080 1900 2135 liti-

320 2166 486 2235 gare?
510 2165 641 2220 Cum
687 2177 976 2236 Oportet-et,
1013 2168 1204 2238 inquit,
1247 2169 1477 2239 gaudere
1521 2181 1577 2228 ct
1613 2172 1898 2237 exsultare,

321 2257 445 2328 quia
474 2273 662 2329 magna
710 2259 796 2312 illa
847 2269 903 2314 et
953 2259 1234 2315 ineffabilia
1279 2261 1499 2318 daturus
1519 2262 1756 2330 advenit,
1783 2280 1901 2334 quae

321 2349 447 2404 olim
480 2349 750 2420 propheta:
778 2351 1105 2417 cecinerunt,
1152 2361 1207 2408 et
1257 2353 1397 2422 quod
1447 2353 1596 2408 vobis
1639 2353 1778 2410 bene
1805 2371 1897 2425 ge.

322 2440 471 2494 rendi
503 2450 708 2510 tempus
744 2441 1020 2498 advenerit
1048 2459 1062 2495 :
1096 2459 1190 2499 vos
1222 2445 1544 2499 contrarium
1574 2444 1762 2509 facitis,
1795 2463 1900 2501 non

321 2529 480 2584 modo
505 2531 641 2584 bona
679 2549 782 2585 non
826 2533 1167 2602 accipientes,
1195 2534 1289 2590 sed
1320 2535 1480 2589 etiam
1517 2537 1902 2592 calumniantes

321 2629 583 2684 etcausas
603 2622 1085 2677 comminiscentes.
1126 2623 1406 2679 Mattba-us
1443 2625 1652 2695 quidem
1702 2629 1810 2680 ait:
1844 2627 1903 2683 Si

320 2722 487 2766 autem
516 2729 605 2782 ego
629 2714 680 2767 in
708 2714 905 2783 Spiritu
930 2713 1022 2770 Dei
1045 2715 1189 2784 ejicio
1217 2733 1235 2779 ;
1259 2717 1430 2772 Lucas
1456 2735 1583 2772 vero
1613 2737 1624 2772 :
1651 2718 1713 2774 Si
1737 2733 1902 2774 autem

322 2818 414 2873 ego
440 2803 492 2856 in
515 2803 671 2874 digito
699 2803 789 2858 Dei
815 2806 960 2877 ejicio
985 2807 1234 2861 dwmonia
1262 2808 1410 2880 (Luc.
1445 2811 1531 2866 Η.
1557 2811 1650 2882 ‘20)
1681 2830 1694 2866 :
1717 2823 1902 2867 osten-

322 2894 455 2948 dens
493 2897 741 2950 tuaximre
784 2899 1031 2964 potentia:
1067 2915 1201 2968 opus
1254 2915 1373 2955 esse
1425 2903 1573 2969 illud,
1632 2903 1902 2960 danuonas

323 2985 538 3054 ejicere,
569 3001 631 3040 ac
660 2988 842 3056 gratia:
879 3003 984 3042 non
1018 2990 1268 3060 vulgaris.
1313 2991 1445 3046 llinc
1483 3002 1658 3048 autem
1673 2993 1902 3049 ratioei-

323 3075 437 3129 nari
465 3077 578 3129 vnlt
613 3086 668 3130 et
703 3077 902 3140 dicere,
935 3079 990 3134 Si
1036 3079 1136 3135 hoc
1181 3082 1251 3135 ita
1293 3093 1396 3148 est,
1440 3100 1569 3156 ergo
1601 3083 1764 3140 Filius
1810 3087 1900 3141 Dei

321 3167 553 3223 advenit.
611 3169 719 3224 Sed
761 3170 863 3226 hoc
901 3187 1005 3226 non
1046 3173 1192 3240 dicit,
1229 3189 1408 3230 verum
1452 3177 1696 3244 obscure,
1737 3179 1805 3233 ita
1848 3191 1904 3235 ιιι

321 3259 428 3314 illis
447 3275 730 3315 onerosum
758 3277 862 3316 non
890 3272 1051 3327 esset,
1087 3265 1137 3319 id
1184 3267 1481 3322 subindicat
1506 3269 1729 3324 dicens:
1767 3270 1904 3342 Ergo

321 3355 542 3422 pervenit
574 3353 627 3406 in
655 3369 741 3408 vos
766 3371 976 3425 regnum
1003 3355 1118 3410 Dei.
1151 3357 1332 3412 Viden’
1357 3360 1669 3429 sapientiam
1712 3363 1900 3433 ingen-

323 3443 471 3499 tem?
505 3445 580 3499 Ex
600 3446 686 3512 iis,
713 3462 832 3516 quae
858 3448 933 3501 illi
963 3448 1306 3519 objiciehant,
1347 3454 1631 3521 conspicuo
1674 3455 1905 3510 ostendit

321 3535 605 3591 adventum
627 3553 803 3592 suum.
835 3539 1033 3596 Deinde
1059 3551 1110 3596 ut
1141 3543 1258 3598 illos
1284 3547 1597 3612 attraheret,
1629 3564 1735 3602 non
1775 3549 1904 3604 dicit

320 3627 652 3697 simpliciter,
680 3629 916 3685 Pervenit
942 3648 1170 3703 regnum,
1215 3635 1311 3690 sed
1350 3636 1552 3705 adjicit,
1583 3639 1662 3692 Ad
1687 3655 1812 3706 vos;
1841 3655 1905 3696 ac

321 3718 366 3772 si
396 3707 616 3782 diceret,
654 3719 814 3775 Vobis
837 3721 1126 3776 adveniunt
1147 3724 1304 3779 bona.
1333 3726 1440 3781 Cur
1463 3743 1590 3798 ergo
1611 3729 1662 3784 in
1691 3733 1903 3802 propria

321 3808 458 3863 bona
486 3810 603 3865 sine
647 3825 806 3866 sensu
849 3813 1018 3866 estis?
1043 3829 1140 3869 cur
1174 3827 1358 3870 contra
1409 3829 1639 3874 vestram
1679 3822 1904 3877 salutem

322 3901 421 3971 ipsi
450 3904 732 3974 pugnatis?
760 3904 870 3958 Hoc
895 3916 976 3960 est
1004 3917 1209 3976 tempus
1251 3909 1401 3974 illud,
1441 3911 1582 3981 quod
1611 3913 1737 3968 olim
1782 3930 1905 3984 pro-

320 3991 496 4062 pheta:
532 3993 929 4063 praedixerunt:
961 3995 1062 4051 hoc
1099 3998 1306 4066 signum
1355 4000 1614 4058 adventus
1655 4021 1748 4074 per
1786 4006 1904 4061 illos

321 4085 606 4154 decantati,
639 4089 781 4157 quod
824 4105 1018 4160 nempe
1061 4091 1237 4146 divina
1290 4095 1522 4163 potentia
1562 4095 1678 4152 luce
1728 4098 1900 4154 ﬁant”.

319 4178 451 4235 Nam
477 4181 616 4249 quod
647 4183 794 4247 tiant,
826 4197 922 4237 vos
949 4184 1154 4250 nostis;
1191 4186 1330 4255 quod
1369 4198 1545 4243 autem
1587 4189 1762 4245 divina
1806 4207 1902 4261 po-

321 4271 508 4337 tentia,
539 4287 626 4328 res
661 4273 790 4344 ipsa:
823 4274 1075 4330 clamant.
1106 4275 1287 4347 Neque
1325 4281 1466 4334 enim
1501 4280 1616 4335 ﬁeri
1648 4292 1818 4352 potest
1846 4293 1905 4340 ut

323 4373 536 4420 satanas
565 4381 708 4420 nunc
734 4366 803 4422 sit
838 4367 1046 4434 fortior,
1076 4369 1182 4423 imo
1213 4372 1514 4427 necessario
1543 4383 1624 4428 est
1661 4376 1901 4431 imbecil-

318 4454 402 4508 lus
435 4471 450 4508 :
481 4469 587 4509 non
613 4465 786 4525 potest
804 4465 980 4512 autem
1009 4459 1301 4516 imbecillus
1329 4462 1447 4532 quis
1476 4461 1666 4520 fortem
1703 4466 1901 4522 daemo-

318 4560 443 4601 nem
471 4545 683 4616 ejicere.
726 4547 851 4604 limo
887 4565 1045 4619 porro
1070 4551 1299 4618 dicebat,
1322 4555 1555 4610 caritatis
1579 4557 1684 4612 vim
1719 4567 1902 4614 osten-

318 4637 474 4704 dens,
496 4653 559 4692 ac
586 4638 788 4693 dissidii
819 4649 976 4710 atque
1009 4640 1159 4712 litigii
1195 4644 1630 4702 imbecillitatem.
1673 4647 1902 4719 Ideoque

318 4732 434 4802 ipse
463 4731 765 4803 frequenter
797 4733 1086 4804 discipulos
1126 4735 1270 4792 circa
1307 4738 1582 4794 caritatem
1633 4739 1896 4809 hortatur,

319 4824 663 4895 declaratque
690 4824 959 4880 diabolum
986 4826 1116 4881 nihil
1155 4843 1262 4882 non
1297 4844 1458 4898 agere
1486 4839 1544 4885 ut
1572 4829 1712 4886 illam
1746 4835 1898 4889 aule-

317 4927 420 4974 rat.
452 4916 580 4972 Post
610 4916 898 4972 secundam
938 4932 1068 4988 ergo
1101 4918 1421 4975 solutionem
1453 4922 1663 4976 tertiam
1687 4938 1898 4994 quoque

319 5009 524 5064 inducit
540 5007 725 5065 dicens
757 5009 885 5064 :29.
919 5009 1181 5076 Quomodo
1221 5021 1378 5078 potest
1408 5013 1588 5084 aliquis
1628 5014 1819 5069 introre
1845 5017 1899 5070 in

317 5100 521 5153 domum
546 5101 708 5172 fortis,
739 5111 784 5154 et
811 5117 929 5155 vasa
952 5101 1090 5156 illius
1116 5102 1353 5172 diripere,
1381 5105 1476 5158 nisi
1507 5105 1647 5176 prius
1672 5107 1898 5178 ligaverit

321 5192 517 5261 fortem,
550 5200 598 5244 et
622 5200 741 5244 tunc
759 5208 880 5246 vasa
904 5193 1011 5264 ejus
1048 5193 1304 5264 diripiat?
1328 5193 1476 5262 Quod
1501 5212 1604 5251 non
1627 5200 1794 5267 possit
1813 5214 1897 5255 sa-

318 5288 468 5334 tanas
490 5288 730 5335 satanam
753 5281 968 5352 ejicere,
994 5298 1060 5338 ex
1089 5287 1509 5354 praecedentibus
1537 5287 1731 5359 liquet;
1753 5290 1895 5360 quod

316 5380 494 5427 autem
523 5387 630 5427 non
650 5374 866 5430 omnino
897 5375 1064 5445 possit
1092 5379 1210 5448 quis
1239 5377 1386 5433 illum
1411 5379 1628 5448 ejicere,
1663 5381 1763 5437 nisi
1789 5383 1894 5452 pri-

318 5479 464 5520 mum
500 5465 783 5533 superarit,
829 5465 970 5535 apud
1007 5482 1194 5523 omnes
1231 5468 1284 5523 in
1329 5470 1575 5528 confesso
1613 5483 1712 5530 est.
1755 5472 1891 5542 Quid

385 5600 403 5670 ξ
434 5602 626 5670 quidam
648 5600 939 5670 habentuad
960 5617 1188 5670 suamque
1209 5613 1502 5659 sentatttznn.

381 5663 403 5694 ²
434 5660 539 5726 Alii;
555 5667 687 5714 tanta
707 5662 812 5714 luta
833 5663 969 5728 ﬁant.

1035 215 1090 272 s.
1130 213 1410 271 JOANNIS
1443 207 1900 290 cunvsosroat

2006 207 2267 266 BCHIEP.
2295 212 2830 268 CONSTANTINOP.

3477 221 3578 276 ΗΒ

2014 321 2171 392 igitur
2190 339 2255 379 ex
2295 324 2378 378 his
2409 326 2724 381 coniicitur?
2761 326 2913 395 Quod
2950 328 3096 398 prius
3125 327 3320 384 dictum
3351 341 3455 398 est,
3488 336 3606 389 sed.

2008 413 2164 484 longe
2192 415 2435 470 validius.
2455 416 2680 472 Tantum
2701 418 2873 482 abest,
2898 418 3086 487 inquit,
3111 430 3166 473 ut
3190 421 3435 488 adjutore
3468 433 3586 478 utar

2007 503 2242 574 diabolo,
2268 517 2326 560 ut
2349 522 2470 562 eum
2498 509 2658 563 etiam
2694 509 2994 580 impugnem
3042 521 3097 565 et
3138 512 3402 579 vinciam;
3431 516 3586 584 cujus

2007 596 2085 651 rei
2119 597 2325 666 signum
2355 607 2455 665 est,
2497 601 2638 670 quod
2683 616 2807 657 vasa
2837 603 2953 672 ejus
2976 602 3243 672 diripiam.
3287 605 3415 660 Vide
3450 598 3585 677 quo-

2007 685 2164 740 modo
2186 688 2530 756 contrarium,
2560 705 2716 761 quam
2744 691 2818 746 illi
2857 707 3018 760 supra
3051 703 3286 750 statuere
3313 695 3587 752 conaban—

2008 784 2125 840 tur,
2175 775 2588 834 demonstretur.
2638 781 2714 836 llli
2762 782 2904 838 enim
2958 785 3243 841 ostendere
3292 788 3584 857 volebant,

2007 866 2179 936 ipsum
2205 883 2309 922 non
2333 869 2383 923 vi
2411 873 2619 940 propria
2654 872 2924 930 daunonas
2957 876 3150 945 ejicere
3174 895 3188 930 :
3213 877 3303 933 ille
3326 893 3455 934 vero
3483 879 3586 937 de-

2006 967 2287 1026 monstrat,
2318 975 2378 1016 se
2412 978 2518 1016 non
2552 965 2713 1018 modo
2742 967 3033 1033 dmmonas,
3064 969 3156 1030 sed
3195 969 3404 1024 illorum
3433 974 3587 1042 priu-

2006 1051 2176 1119 cipem
2205 1051 2420 1121 ligatum
2449 1054 2498 1107 vi
2525 1053 2784 1123 detinere,
2824 1057 3078 1128 illumque
3114 1060 3340 1129 priorem
3371 1063 3586 1131 propria

2005 1154 2266 1215 potestate
2293 1147 2517 1211 vicisse;
2554 1149 2695 1217 quod
2730 1165 2760 1202 a
2791 1151 2948 1204 rebus
2990 1153 3157 1220 gestis
3187 1153 3589 1222 comprobatur.

2004 1236 2135 1292 Nam
2154 1238 2199 1293 si
2227 1238 2314 1293 hic
2338 1239 2583 1310 princeps
2597 1250 2696 1305 est,
2718 1243 3005 1312 caeterique
3023 1243 3216 1297 subditi
3247 1260 3260 1296 :
3287 1247 3578 1314 quomodo,

2005 1328 2096 1383 illo
2136 1344 2240 1385 non
2285 1330 2427 1386 victo
2454 1331 2493 1398 ⁸,
2525 1345 2624 1386 nec
2665 1331 2905 1400 cedente,
2955 1333 3006 1387 hi
3050 1333 3447 1404 diriperentur?
3489 1337 3588 1390 llic

2003 1435 2132 1497 vero
2162 1421 2370 1477 videtur
2391 1422 2520 1476 mihi
2549 1422 2821 1494 prophetia
2849 1439 2970 1480 esse
2999 1426 3138 1496 quod
3163 1425 3375 1482 dicitur.
3399 1427 3587 1499 Neque

2005 1514 2148 1568 enim
2173 1514 2331 1570 modo
2350 1515 2622 1572 daemones
2647 1533 2770 1572 vasa
2798 1517 2996 1573 diaboli
3025 1529 3168 1585 sunt,
3190 1522 3283 1576 sed
3316 1523 3473 1576 etiam
3498 1523 3589 1577 bu-

2005 1606 2176 1661 mines
2240 1607 2331 1677 qui
2373 1608 2663 1663 secundum
2703 1610 2874 1679 ipsum
2920 1624 3226 1681 operantur.
3276 1613 3454 1668 Palam
3504 1625 3592 1671 εει

2004 1698 2161 1767 igitur
2194 1697 2281 1753 hic
2308 1698 2410 1754 dici
2440 1715 2561 1755 eum
2591 1717 2696 1755 non
2726 1701 2996 1758 daemonas
3031 1705 3200 1759 solum
3239 1706 3454 1774 ejicere,
3488 1710 3586 1762 sed

2003 1791 2164 1845 etiam
2193 1805 2430 1848 errorem
2461 1808 2526 1847 ex
2553 1802 2666 1848 toto
2704 1795 2834 1849 orbe
2860 1795 3250 1852 eliminatur-um
3289 1815 3428 1864 esse,
3463 1799 3586 1852 dia-

2004 1880 2218 1951 bolique
2247 1884 2539 1952 praastigias
2583 1885 2897 1952 solttturum,
2947 1896 3002 1942 et
3053 1888 3228 1943 omnia
3277 1905 3398 1960 quae
3442 1890 3586 1945 illius

2003 1983 2128 2027 sunt
2152 1973 2352 2028 inutilia
2390 1974 2740 2030 redditurum.
2789 1977 2973 2048 Neque
3016 1978 3168 2046 dixit,
3218 1980 3426 2051 Rapiet,
3468 1983 3586 2046 sed,

2005 2065 2250 2134 Diripiet;
2273 2065 2550 2121 declarans
2579 2067 2704 2122 illud
2734 2085 2852 2123 cum
2876 2079 3136 2140 potestate
3159 2070 3349 2126 factum
3372 2056 3515 2128 esse.

2073 2159 2128 2214 '5.
2159 2158 2372 2214 Fortem
2403 2171 2578 2215 autem
2609 2161 2756 2216 illum
2781 2163 3052 2233 appellat,
3083 2179 3187 2220 nou
3224 2165 3366 2235 quod
3396 2176 3586 2219 natura

2005 2251 2124 2305 talis
2151 2253 2265 2310 sit:
2297 2251 2468 2317 absit;
2499 2253 2593 2308 sed
2637 2254 2866 2322 priorem
2907 2256 3210 2326 signiﬁcans
3251 2258 3589 2328 tyrannidem

2003 2359 2070 2401 ex
2100 2343 2417 2414 negligentia
2448 2354 2630 2400 nostra
2659 2347 2962 2402 stabilitam.
2994 2348 3083 2404 30.
3115 2349 3214 2416 Qui
3253 2367 3353 2404 non
3379 2361 3452 2405 est
3481 2367 3590 2404 me-

2004 2452 2138 2500 cum,
2167 2446 2341 2490 contra
2366 2453 2445 2490 me
2471 2446 2579 2502 est;
2609 2448 2656 2491 et
2675 2440 2760 2509 qui
2783 2455 2976 2493 meeum
2999 2455 3099 2494 non
3123 2441 3336 2512 colligit,
3366 2444 3587 2513 spargit.

2005 2527 2144 2582 Ecce
2166 2538 2407 2599 quartam
2433 2530 2773 2584 solutionem.
2796 2531 2932 2599 Quid
2961 2531 3122 2588 volo?
3150 2533 3339 2603 inquit.
3367 2534 3474 2588 Deo
3502 2537 3588 2587 ol-

2007 2616 2146 2672 ferre
2179 2659 2194 2680 .
2245 2619 2494 2675 virtutem
2535 2620 2762 2687 docere,
2807 2638 3028 2693 regnum
3072 2624 3406 2681 aununtiare.
3451 2627 3588 2692 Quid

2005 2709 2248 2764 diabolus
2273 2721 2328 2766 et
2355 2711 2625 2767 dtemones
2644 2713 2863 2768 volunt?
2884 2714 2977 2770 His
2996 2717 3282 2772 contraria.
3307 2717 3590 2784 Quomodo

2006 2801 2165 2871 igitur
2191 2804 2253 2863 is,
2281 2803 2369 2871 qui
2400 2821 2607 2858 mecum
2637 2821 2740 2858 non
2773 2806 3006 2877 colligit,
3037 2823 3208 2878 neque
3233 2825 3439 2864 mecum
3465 2822 3587 2875 est,

2007 2909 2212 2947 mecum
2256 2906 2567 2963 operaturus
2593 2897 2711 2951 est?
2740 2897 2938 2968 etquid
2980 2899 3100 2954 dico
3144 2915 3352 2955 mecum
3393 2916 3589 2972 opera-

2009 2987 2194 3040 turus?
2244 2986 2354 3041 1ιιιο
2409 2990 2773 3055 contrarium;
2824 2992 2970 3060 cupit
3016 2992 3157 3046 enim
3216 3008 3334 3048 mea
3379 2993 3590 3062 disper-

2007 3093 2149 3146 gere.
2181 3078 2278 3146 Qui
2311 3094 2438 3149 ergo
2477 3096 2582 3134 non
2622 3082 2780 3136 modo
2814 3098 3022 3139 mecum
3051 3100 3156 3139 non
3190 3095 3464 3155 cperatur,
3493 3088 3591 3143 sed

2007 3171 2166 3224 etiam
2215 3169 2505 3241 dispergit,
2548 3173 2814 3243 quomodo
2863 3183 3060 3229 tantam
3106 3192 3313 3232 mecum
3367 3194 3591 3234 concor-

2008 3259 2148 3314 diam
2171 3261 2464 3325 exhiberet,
2481 3272 2539 3316 ut
2563 3280 2768 3319 mecum
2790 3264 3060 3321 daemonas
3088 3267 3343 3336 ejiceret?
3366 3270 3474 3326 lloc
3495 3288 3590 3324 au-

2010 3359 2114 3405 tcm
2163 3367 2268 3406 non
2317 3353 2384 3408 de
2425 3353 2638 3409 diabolo
2679 3365 2906 3424 tantum,
2951 3357 3045 3413 sed
3092 3359 3262 3428 ipsum
3304 3360 3370 3416 de
3411 3363 3592 3434 seipsu

2007 3443 2294 3498 verisimile
2316 3453 2397 3499 est
2423 3444 2641 3506 dixisse.
2666 3456 2850 3516 utpote
2875 3448 2962 3517 qui
2985 3461 3168 3504 contra
3197 3451 3468 3507 diabolum
3497 3455 3588 3520 sit,

2007 3543 2062 3588 ct
2087 3549 2204 3604 quae
2242 3534 2381 3590 illius
2427 3545 2551 3591 sunt
2596 3537 2885 3608 dispergat.
2917 3539 2981 3594 Et
3010 3545 3299 3612 quomodo,
3347 3545 3586 3616 inquies,

2007 3625 2095 3695 qui
2126 3641 2230 3680 non
2271 3636 2354 3682 est
2398 3643 2637 3692 mecum,
2668 3639 2851 3684 contra
2891 3647 2976 3686 me
3016 3633 3132 3688 est?
3160 3633 3214 3689 Id
3244 3644 3346 3702 est,
3377 3651 3444 3691 eo
3473 3636 3590 3705 ipso

2008 3717 2151 3786 quod
2199 3733 2305 3772 non
2345 3719 2580 3791 colligat.
2624 3720 2678 3776 Si
2717 3732 2891 3776 autem
2924 3722 3025 3779 hoc
3064 3741 3246 3779 verum
3272 3738 3384 3792 est,
3417 3731 3590 3782 multo

2007 3811 2286 3881 magis.qui
2314 3822 2498 3866 contra
2542 3815 2710 3882 ipsum
2758 3825 2859 3880 est,
2890 3831 3011 3870 cum
3050 3818 3138 3871 illo
3179 3833 3282 3873 non
3312 3830 3587 3889 cperatur.

2007 3900 2138 3955 Nam
2167 3903 2210 3956 si
2240 3903 2283 3956 is
2309 3903 2396 3972 qui
2429 3920 2549 3958 cum
2598 3905 2690 3958 illo
2720 3921 2822 3960 non
2865 3919 3148 3976 operatur,
3177 3909 3419 3965 inimicus
3455 3925 3536 3968 εει
3571 3931 3586 3967 :

2008 3993 2174 4047 multo
2205 3995 2372 4064 magis
2387 3994 2477 4064 qui
2503 3996 2793 4065 impugnat.
2821 3997 2945 4052 llam
2974 4014 3133 4068 porro
3158 4002 3336 4055 omnia
3358 4003 3503 4068 dicit,
3530 4016 3589 4060 ut

2007 4085 2253 4140 ostendat
2281 4102 2524 4157 magnam
2554 4089 2652 4143 sibi
2686 4105 2804 4144 cum
2831 4089 3043 4144 diabolo
3082 4091 3411 4148 inimicitiam
3437 4110 3580 4150 esse.

2010 4175 2103 4230 Dic
2141 4175 2292 4240 mihi,
2323 4193 2527 4246 quiusa.
2558 4179 2602 4231 si
2649 4179 2787 4248 quis,
2814 4195 2933 4234 cum
2978 4181 3047 4236 sit
3086 4184 3422 4251 pugnandum
3444 4227 3460 4250 ,
3490 4186 3584 4240 tibi

2007 4266 2206 4321 auxilio
2235 4282 2353 4323 esse
2381 4269 2542 4334 nolit,
2574 4285 2751 4325 nonne
2787 4272 2871 4326 vel
2898 4288 2962 4327 eo
2991 4273 3106 4342 ipso
3147 4286 3333 4329 contra
3363 4284 3413 4328 te
3438 4277 3541 4330 erit
3561 4279 3585 4328 ?

2006 4359 2157 4426 Quod
2190 4361 2232 4414 si
2260 4361 2383 4416 alibi
2406 4360 2581 4427 dicat,
2612 4362 2711 4427 Qui
2737 4380 2839 4417 non
2880 4375 2952 4420 est
2978 4375 3150 4418 contra
3178 4382 3292 4432 vos,
3334 4384 3424 4437 pro
3450 4368 3586 4423 vobis

2007 4463 2082 4503 est
2105 4448 2259 4522 (Luc.
2288 4451 2342 4505 9.
2370 4451 2485 4520 50),
2516 4468 2622 4506 non
2651 4462 2736 4508 est
2760 4453 2884 4509 bnic
2911 4455 3056 4510 dicto
3080 4458 3424 4523 contrariuu'i.
3452 4457 3584 4514 Nam

2007 4542 2093 4598 hic
2120 4542 2482 4598 adversarium
2512 4546 2589 4600 eis
2616 4546 2869 4614 ostendit,
2902 4547 3009 4604 illic
3035 4563 3163 4604 vero
3189 4563 3255 4604 ex
3284 4562 3438 4620 parte
3483 4552 3583 4633 ad-

2007 4637 2321 4691 versarium.
2367 4637 2520 4703 Nam,
2547 4638 2613 4692 In
2641 4639 2841 4694 nomine
2861 4650 2965 4705 tuo,
2996 4641 3196 4712 inquit,
3231 4643 3437 4713 ejiciunt
3477 4644 3584 4696 dw-

2005 4729 2175 4782 monia
2215 4728 2430 4799 (Matth.
2459 4731 2512 4784 7.
2566 4730 2683 4802 29.).
2711 4731 2836 4786 Mihi
2865 4749 2994 4788 vero
3014 4734 3221 4791 videtur
3250 4734 3334 4790 hic
3365 4735 3584 4793 Iudaeos

2003 4819 2364 4886 subindicare,
2391 4835 2526 4891 quos
2548 4836 2667 4876 cum
2685 4821 2899 4878 diabolo
2923 4826 3217 4880 constituit.
3242 4826 3374 4882 Nam
3403 4838 3457 4883 et
3479 4829 3580 4899 ipsi

2008 4909 2451 4982 adversabantur,
2497 4922 2551 4967 et
2592 4929 2711 4982 qua:
2737 4915 2851 4984 ipse
2893 4928 3267 4988 congregasset
3311 4919 3584 4990 disperge-

2001 5001 2150 5057 bant.
2179 5002 2331 5070 Quod
2375 5003 2516 5057 euim
2557 5005 2701 5074 ipsos
2743 4991 3136 5072 subindicaret,
3177 5010 3465 5066 declaravit
3495 5012 3579 5068 his

2002 5093 2180 5150 verbis
2204 5112 2217 5148 :
2240 5095 2326 5150 51.
2353 5094 2479 5150 Ideo
2501 5097 2613 5151 dico
2633 5098 2788 5165 vobis,
2811 5098 2971 5154 Omne
2991 5112 3247 5172 peccatum
3267 5113 3314 5157 et
3335 5104 3577 5174 blasphe-

2004 5185 2108 5239 mia
2140 5186 2418 5240 remittetur
2460 5187 2761 5244 Itominibus.
2800 5189 3146 5262 Posteaquam
3175 5194 3315 5249 enim
3347 5211 3576 5264 respon-

2001 5277 2156 5332 derat
2183 5285 2238 5332 et
2275 5279 2628 5347 objectionem
2677 5281 2942 5350 solverat,
2976 5285 3387 5356 ostenderatqne
3428 5287 3575 5356 ipSos

1999 5367 2196 5423 frustra
2217 5370 2550 5439 impudenter
2560 5387 2735 5442 agere,
2761 5373 2972 5430 demum
2993 5379 3404 5434 terret.Consilii
3427 5381 3570 5436 enim

1998 5469 2054 5515 et
2095 5463 2444 5518 correctionis
2489 5463 2604 5518 haec
2648 5480 2752 5520 non
2797 5469 3095 5536 spernenda
3142 5485 3268 5540 pars
3311 5481 3411 5536 est,
3459 5487 3570 5528 non

1998 5552 2158 5609 modo
2182 5552 2405 5623 objectis
2448 5555 2770 5626 respondere
2796 5565 2851 5614 et
2896 5561 3236 5631 persuadere,
3265 5561 3359 5620 sed
3395 5564 3574 5638 etiam

2061 5667 2074 5697 ’
2101 5670 2219 5736 Alii,
2239 5668 2322 5721 illo
2338 5681 2429 5723 non
2447 5675 2617 5721 vincto.
