3900 6194
271 271 378 327 “9

274 386 623 449 comminari,
653 384 912 456 quod‘ille
939 384 1253 456 plerumque
1291 381 1423 438 facit
1446 381 1572 437 dum
1608 380 1754 450 leges
1789 387 1845 433 et

274 480 490 535 consilia
517 477 738 548 profert.

343 571 457 635 Quo
477 586 623 623 sensu
645 567 955 638 blasphemia
974 567 1200 639 Spiritus
1218 582 1317 621 non
1341 565 1643 619 remittatur.
1661 592 1733 603 —
1753 561 1845 616 Vi-

272 665 425 718 detur
451 670 627 715 autem
670 661 721 714 id
750 659 891 731 quod
932 659 1129 714 dictum
1172 668 1255 715 est
1282 658 1567 713 obscurum
1610 670 1729 710 esse
1755 672 1769 708 :
1798 653 1843 708 si

273 769 399 809 vero
446 754 803 818 attendamus,
847 752 1016 807 facilis
1058 753 1161 807 erit
1206 751 1423 806 solutio.
1466 749 1646 804 Primo
1688 747 1847 818 igitur

274 847 389 915 ejus
410 855 537 900 sunt
559 845 822 900 audienda
849 844 1011 899 verba
1040 863 1053 900 :
1082 844 1242 898 Omne
1266 853 1523 913 peccatum
1548 851 1595 896 et
1610 840 1845 910 blasphe-

273 940 374 991 mia
396 938 674 991 remittetur
695 935 1013 991 hominibus:
1033 934 1344 1005 blasphemia
1365 951 1480 988 vero
1503 933 1724 1003 Spiritus
1746 948 1846 985 non

273 1031 549 1084 remittetur
573 1028 661 1082 eis.
692 1028 781 1082 ⁸52.
814 1027 876 1081 Et
903 1028 1203 1099 quicumque
1232 1027 1419 1081 dixerit
1447 1027 1646 1080 verbum
1671 1034 1846 1077 contra

274 1124 469 1178 Filium
504 1124 720 1177 hominis
740 1163 755 1187 ,
786 1123 1062 1176 remittetur
1084 1124 1129 1175 ei
1154 1137 1171 1174 :
1193 1122 1491 1190 quicumque
1525 1135 1639 1172 vero
1666 1118 1847 1171 dixerit

272 1226 449 1270 contra
473 1214 726 1285 Spiritum
746 1224 995 1278 sanctum,
1013 1230 1115 1267 non
1136 1213 1413 1268 remittetur
1434 1213 1479 1266 ei
1505 1227 1660 1283 neque
1678 1212 1731 1264 in
1754 1210 1847 1263 hoc

274 1310 489 1376 seculo,
521 1324 677 1379 neque
713 1308 766 1361 in
797 1308 989 1378 futuro.
1017 1305 1153 1374 Quid
1197 1304 1297 1360 sibi
1343 1305 1456 1359 vnlt
1492 1303 1663 1373 ergo?
1686 1302 1846 1357 Multa

273 1409 455 1454 contra
487 1414 573 1452 me
601 1398 844 1463 dixistis,
876 1395 1212 1451 seductorem
1244 1396 1462 1464 Deoque
1484 1393 1845 1448 adversarium

271 1490 519 1545 vocaslis.
536 1488 670 1544 ’Hatc
690 1488 840 1544 vobis
867 1487 1246 1558 paenitentibus
1266 1488 1504 1553 remitto,
1538 1500 1709 1555 neque
1736 1499 1847 1553 pa:-

273 1598 367 1637 nas
390 1591 618 1653 expeto;
646 1581 973 1652 blasphemia
1019 1589 1197 1634 autem
1236 1579 1463 1649 Spiritus
1508 1594 1616 1633 non
1660 1577 1844 1632 remit-

272 1677 419 1737 titur,
445 1691 511 1729 ne
543 1674 919 1745 paenitentibus
944 1673 1177 1744 quidem.
1217 1672 1285 1727 Et
1322 1686 1423 1742 qua
1464 1671 1667 1725 ratione
1704 1679 1846 1725 stare

272 1768 441 1837 possit
480 1765 647 1820 illud?
668 1765 801 1820 Nam
827 1772 879 1819 et
908 1764 1009 1819 hoc
1046 1773 1318 1833 peccatum
1350 1762 1729 1833 paenitentibus
1756 1777 1846 1816 re-

269 1862 490 1915 missum
532 1858 648 1913 fuit.
690 1857 839 1913 Multi
870 1858 1010 1913 enim
1045 1872 1250 1919 eorum,
1286 1856 1373 1925 qui
1420 1855 1538 1908 talia
1574 1854 1842 1918 dixerunt,

269 1964 452 2025 postea
472 1953 834 2019 crediderunt,
862 1951 1145 2020 omniaque
1165 1950 1291 2018 ipsis
1308 1948 1526 2003 remissa
1548 1956 1689 2001 sunt.
1709 1946 1844 2014 Quid

271 2047 429 2115 igitur
466 2046 555 2102 hic
586 2044 744 2100 dicit?
780 2040 984 2113 Nempe
1034 2043 1139 2097 hoc
1186 2046 1471 2112 peccatum
1528 2056 1638 2111 prre
1676 2040 1847 2092 omni-

272 2136 371 2190 bus
396 2137 553 2191 venia
575 2148 783 2189 carere.
814 2137 925 2204 Qua
946 2133 1013 2187 de
1028 2131 1220 2186 causa?
1236 2130 1369 2198 Quia
1388 2130 1506 2200 quis
1522 2139 1663 2185 esset
1692 2130 1846 2185 Chri-

270 2243 383 2288 stus
413 2232 726 2303 ignorabant
750 2250 765 2287 :
809 2230 1040 2301 Spiritus
1060 2245 1186 2285 vero
1210 2239 1586 2300 congruentem
1610 2229 1718 2300 jam
1743 2246 1843 2284 no-

271 2323 437 2377 titiam
460 2332 795 2393 aceeperant.
819 2322 1089 2393 Siquidem
1108 2338 1203 2394 per
1224 2337 1345 2377 eum
1374 2323 1645 2393 ρτοιιὴειιε
1665 2324 1845 2394 loque-

271 2417 484 2483 bantur,
511 2426 565 2471 et
591 2417 640 2470 in
666 2416 832 2471 veteri
860 2415 977 2487 lege
1000 2430 1186 2471 omnes
1209 2416 1371 2470 multa
1389 2415 1456 2471 de
1481 2416 1597 2486 ipso
1620 2430 1842 2486 accepe-

268 2516 390 2562 rant
417 2507 757 2564 documenta.
784 2508 897 2564 Hoc
931 2507 1089 2578 igitur
1106 2509 1219 2563 vult
1243 2508 1421 2563 dicere
1447 2524 1462 2564 :
1504 2508 1652 2574 Esto,
1681 2508 1732 2562 in
1756 2525 1843 2565 me

268 2612 487 2673 propter
504 2614 831 2672 assumptam
852 2618 1067 2659 carnem
1090 2603 1384 2659 offenditis:
1407 2620 1532 2658 num
1552 2606 1709 2659 etiam
1726 2604 1845 2674 Spi-L

269 2695 430 2749 ritum
458 2702 697 2749 sanctum
731 2710 825 2750 vos
850 2710 955 2750 non
994 2695 1206 2749 novisse
1232 2695 1422 2750 dicturi
1452 2695 1614 2750 estis?
1642 2695 1844 2751 Idcirco

269 2786 423 2856 hujus
448 2787 794 2855 blasphemia:
822 2787 974 2841 venia
1004 2802 1109 2841 non
1143 2786 1354 2841 dabitur
1377 2787 1527 2843 vobis
1555 2804 1570 2842 :
1602 2797 1656 2844 et
1682 2788 1767 2843 hic
1788 2798 1843 2845 et

259 2880 373 2934 illic
405 2894 589 2949 ptenas
619 2879 833 2934 dabitis.
862 2879 1010 2933 Multi
1051 2880 1266 2949 quidem
1308 2880 1394 2934 hic
1424 2888 1626 2934 tantum
1658 2896 1843 2951 poenas

267 2968 550 3035 dederunt,
582 2978 638 3023 ut
668 2969 757 3023 ille
787 2970 874 3039 qui
909 2969 1201 3024 fornicatus
1226 2978 1360 3036 erat,
1384 2979 1443 3024 ut
1482 2970 1620 3041 apud
1651 2971 1840 3026 Corin-

267 3063 406 3117 thios
431 3063 465 3119 ij
493 3063 579 3141 qui
622 3063 835 3131 indigne
886 3064 1255 3134 mysteriorum
1307 3074 1586 3119 consortes
1633 3064 1842 3119 fuerant

241 3164 337 3234 νβ.
359 3164 477 3218 Cor.
498 3166 550 3219 2.
576 3174 620 3219 et
640 3167 693 3219 1.
716 3158 830 3219 Cor.
846 3159 865 3217 'l
882 3156 931 3233 1)
953 3175 963 3219 :
982 3174 1072 3218 vos
1087 3168 1261 3215 autem
1280 3168 1331 3215 et
1347 3159 1429 3213 hic
1450 3167 1503 3215 ct
1533 3160 1637 3216 illic
1659 3175 1840 3230 pmnas

262 3256 473 3310 dabitis.
523 3256 879 3327 Qumcumque
902 3272 1028 3328 ergo
1062 3268 1246 3314 contra
1287 3274 1371 3313 me
1410 3267 1687 3328 antequam
1720 3274 1839 3314 cru-

268 3351 513 3421 eiligerer
535 3351 961 3421 blasphemastis,
987 3353 1234 3407 remitto:
1259 3353 1365 3408 imo
1383 3342 1540 3407 etiam
1560 3354 1621 3406 iis
1638 3353 1724 3423 qui
1752 3368 1837 3407 me

261 3441 610 3511 eruciﬁgent;
642 3456 816 3512 neque
856 3457 960 3512 pro
999 3442 1368 3497 incredulitate
1410 3443 1521 3497 sola
1563 3442 1837 3496 damnabi-

262 3533 410 3586 mini.
442 3532 627 3603 Neque
666 3534 810 3588 enim
844 3533 891 3587 ii
935 3534 1021 3603 qui
1054 3543 1177 3587 ante
1224 3549 1435 3589 crucem
1473 3534 1832 3601 crediderunt,

262 3624 471 3692 plenam
502 3624 659 3678 fidem
689 3624 991 3679 habebant:
1016 3625 1301 3693 multisque
1332 3625 1381 3679 in
1409 3625 1538 3679 locis
1562 3625 1831 3693 admonet,

260 3731 326 3769 ne
347 3725 470 3771 ante
489 3718 790 3786 passionem
813 3718 933 3788 quis
960 3717 1074 3786 ipse
1103 3718 1171 3771 sit
1196 3717 1499 3776 declarent:
1523 3728 1577 3772 et
1602 3719 1651 3771 in
1677 3734 1833 3774 cruce

258 3809 487 3871 «licebat,
517 3818 576 3863 ut
600 3810 702 3864 illis
728 3810 829 3865 hoc
850 3820 1125 3881 peccatum
1150 3813 1527 3867 remitteretur.
1553 3813 1682 3879 Quae
1702 3829 1832 3867 vero

256 3901 324 3955 de
351 3901 553 3971 Spiritu
593 3902 833 3966 dixistis,
862 3904 1073 3958 veniam
1119 3919 1223 3957 non
1275 3904 1644 3973 impetrabunt.
1681 3904 1831 3972 Quod

260 4003 437 4047 autem
466 3993 532 4048 de
562 3994 646 4059 iis,
669 4010 788 4065 qua:
807 4006 940 4050 ante
962 4012 1174 4050 erucem
1206 3996 1343 4051 dicta
1372 3996 1583 4062 fuerint,
1614 3996 1726 4051 lucc
1752 3999 1833 4051 in-

258 4083 482 4153 telligat,
516 4084 567 4137 id
618 4084 853 4139 declarat
895 4101 1015 4141 cum
1046 4087 1265 4156 adjicit:
1300 4088 1606 4159 Quicumque
1647 4089 1830 4143 dixerit

256 4173 459 4227 verbum
483 4184 661 4228 contra
688 4174 883 4229 Filium
908 4177 1123 4231 hominis
1140 4220 1154 4243 ,
1185 4180 1461 4233 remittetur
1480 4182 1527 4235 ei
1550 4198 1569 4245 ;
1595 4182 1828 4252 quicum-

249 4276 346 4327 que
371 4274 538 4320 autem
568 4266 748 4321 dixerit
772 4280 947 4322 contra
974 4268 1224 4339 Spiritum
1252 4281 1508 4337 sanctum,
1543 4289 1646 4327 non
1676 4274 1823 4329 item.

251 4354 464 4419 Quare?
503 4356 634 4424 Quia
678 4356 904 4428 Spiritus
952 4369 1168 4415 sanctus
1213 4371 1371 4417 notus
1416 4365 1565 4418 vobis
1606 4374 1725 4429 est;
1771 4375 1826 4421 et

250 4456 434 4500 contra
456 4463 568 4502 rem
596 4450 925 4505 manifestam
954 4451 1288 4521 impudenter
1311 4454 1482 4523 agitis.
1513 4454 1647 4509 Nam
1674 4456 1714 4510 si
1738 4472 1824 4512 me

249 4553 343 4592 vos
384 4539 634 4609 ignorare
671 4541 864 4608 dicitis,
915 4543 1042 4597 illud
1072 4552 1217 4598 certe
1258 4559 1363 4598 non
1410 4546 1679 4615 ignoratis,
1708 4547 1820 4602 da:-

247 4645 435 4684 tuonas
463 4631 659 4700 ejicere
687 4641 741 4687 et
774 4633 994 4688 morbos
1023 4649 1213 4690 curare
1252 4636 1483 4704 Spiritus
1508 4638 1677 4692 sancti
1701 4653 1820 4694 esse

244 4735 398 4787 opus.
422 4719 538 4773 Non
561 4735 688 4791 ergo
711 4737 800 4778 me
821 4732 1023 4777 tantum
1047 4726 1368 4780 contumelia
1394 4727 1622 4793 alficitis,
1646 4728 1737 4783 sed
1766 4738 1820 4784 et

240 4811 496 4880 Spiritum
522 4822 781 4869 sanctum.
812 4816 1143 4887 Quapropter
1163 4829 1217 4873 et
1244 4820 1327 4874 hic
1351 4830 1403 4875 et
1428 4821 1535 4875 illic
1556 4824 1672 4877 sine
1710 4824 1816 4878 ulla

243 4907 397 4959 venia
429 4920 616 4975 pinnas
646 4906 859 4962 dabitis.
885 4909 1016 4964 Nam
1048 4927 1115 4966 ex
1144 4912 1449 4968 hominibus
1469 4915 1557 4970 alii
1581 4925 1635 4970 et
1660 4916 1745 4971 hic
1762 4926 1816 4972 et

241 4995 346 5050 illic
374 4998 691 5067 supplicium
725 5001 908 5056 luunt:
941 5002 1027 5056 alii
1054 5004 1141 5059 hic
1169 5014 1407 5070 tantum,
1439 5007 1525 5061 alii
1559 5008 1665 5063 illic
1694 5016 1812 5063 tan-

241 5102 389 5152 tum;
419 5092 507 5146 alii
536 5108 708 5164 neque
752 5082 840 5149 hic
870 5112 1042 5166 neque
1072 5097 1177 5152 illic
1208 5114 1223 5151 :
1257 5098 1344 5153 hic
1374 5107 1430 5154 et
1476 5101 1583 5156 illic
1614 5103 1725 5169 alii,
1755 5112 1813 5157 ut

237 5183 311 5234 illi
343 5184 465 5251 ipsi.
495 5183 627 5239 Nam
652 5194 707 5240 et
730 5185 818 5240 hic
838 5186 1099 5242 dederunt
1121 5204 1326 5258 poenas,
1349 5191 1560 5260 quando
1586 5192 1637 5246 in
1663 5193 1809 5249 urbis

237 5275 444 5329 excidio
476 5275 827 5332 intolerabilia
861 5279 1000 5348 passi
1030 5289 1189 5345 sunt;
1218 5290 1273 5336 et
1298 5282 1408 5337 illic
1435 5284 1807 5353 gravissimum

236 5364 550 5433 supplicium
570 5366 736 5431 luent,
763 5378 818 5421 ut
841 5369 1147 5435 Sodomita,
1174 5379 1231 5426 et
1252 5371 1341 5425 alii
1363 5373 1534 5426 multi.
1556 5372 1666 5429 Illic
1682 5389 1808 5429 vero

237 5465 458 5517 tantum,
489 5465 546 5509 ut
572 5457 723 5512 dives
753 5459 841 5513 ille
868 5461 956 5529 qui
988 5460 1038 5514 in
1066 5461 1274 5515 ﬂamma
1301 5464 1567 5517 cruciatus
1594 5480 1660 5518 ne
1688 5467 1804 5520 stil-

235 5547 337 5601 lam
366 5547 582 5619 quidem
612 5564 763 5619 aqua:
792 5550 992 5607 habuit.
1026 5553 1121 5607 Hie
1149 5568 1298 5618 vero,
1333 5563 1389 5608 ut
1419 5555 1508 5610 ille
1533 5556 1669 5625 apud
1698 5557 1805 5611 Co-

234 5640 483 5708 rinthios,
529 5641 617 5710 qui
647 5640 938 5697 fornicatus
971 5653 1105 5699 erat.
1135 5644 1318 5715 Neque
1347 5645 1434 5701 hic
1463 5662 1635 5717 neque
1665 5648 1799 5712 illic,

232 5741 291 5786 ut
318 5731 578 5804 apostoli,
613 5742 671 5787 ut
698 5732 989 5805 prephette,
1023 5744 1080 5791 ut
1116 5735 1303 5795 beatus
1339 5736 1440 5795 Job
1471 5756 1486 5795 :
1517 5753 1639 5795 nam
1682 5755 1799 5811 quae

1285 266 1351 322 IN
1387 263 1790 322 MATTIIIEUM
1828 261 2057 319 IIOMIL.
2090 265 2227 324 XLI.
2265 269 2338 323 al.
2376 269 2532 326 XLII.

3421 278 3526 337 £50

1951 378 2030 433 illi
2049 382 2189 449 passi
2209 390 2352 447 sunt,
2375 398 2480 438 non
2508 384 2823 456 supplicium
2842 394 3015 453 erant,
3036 387 3130 445 sed
3153 391 3443 448 certamina
3466 406 3523 450 et

1948 484 2157 541 pugnae.

2018 568 2073 621 4.
2107 567 2369 634 Quomodo
2396 569 2459 622 de
2472 570 2614 623 nobis
2629 570 2865 641 judicare
2883 587 3166 642 possumus.
3192 573 3525 641 Compunctio

1946 673 2063 711 vera
2085 675 2216 727 qum.
2238 691 2309 700 —
2333 661 2653 717 Studeamus
2682 678 2810 733 ergo
2851 675 2909 718 ut
2948 666 3000 719 in
3045 665 3234 720 eadem
3275 668 3523 736 portione

1947 750 2114 803 simus
2142 768 2155 803 :
2190 752 2233 805 si
2263 768 2367 807 non
2396 753 2607 821 horum,
2640 755 2828 810 saltem
2858 771 3045 811 eorum
3073 757 3163 826 qui
3190 757 3277 813 hic
3306 770 3523 827 peccata

1947 856 2039 894 sua
2075 844 2375 913 expiarunt.
2414 845 2544 899 Nam
2586 848 2822 901 terribile
2852 846 2978 902 illud
3018 847 3273 916 judicium
3315 861 3418 914 est,
3467 860 3524 905 et

1948 933 2257 989 inevitabile
2285 937 2603 1006 supplicium
2644 938 3112 1009 intelerabilesque
3150 955 3339 1010 ptente.
3370 940 3523 1007 Quod

1948 1024 1992 1078 si
2024 1025 2159 1080 nolis
2179 1024 2266 1079 hic
2292 1042 2477 1097 poenas
2497 1028 2646 1093 dare,
2676 1030 2743 1083 de
2771 1030 2941 1099 teipso
2959 1030 3157 1099 judica,
3188 1046 3218 1085 a
3251 1033 3422 1101 teipso
3439 1047 3524 1087 ra-

1948 1116 2122 1172 tiones
2164 1130 2373 1188 expete.
2416 1120 2550 1175 Audi
2593 1121 2809 1176 Paulum
2850 1123 3112 1179 dicentem
3146 1143 3159 1180 :
3195 1126 3447 1192 Quoniam
3477 1127 3523 1181 si

1948 1211 2275 1280 nosmetipsos
2320 1212 2706 1280 judicaremus,
2783 1231 2884 1268 non
2946 1217 3115 1284 utique
3171 1219 3523 1287 judicaremur

1951 1300 2027 1372 (l.
2057 1301 2175 1354 Cor.
2208 1302 2291 1355 ll.
2322 1290 2515 1374 5i).'Si
2549 1304 2599 1358 id
2630 1304 2837 1369 feceris,
2864 1306 3115 1376 paulatim
3147 1309 3518 1379 progrediens,

1949 1390 2015 1445 ad
2047 1407 2300 1447 coronam
2344 1393 2547 1449 venies.
2596 1396 2661 1449 Et
2689 1397 2987 1466 quomodo,
3020 1399 3245 1469 inquies,
3278 1399 3345 1455 de
3370 1400 3522 1455 nobis

1942 1483 2332 1553 judicabimus,
2377 1494 2430 1540 et
2473 1502 2503 1541 a
2550 1487 2703 1542 nobis
2745 1490 2978 1545 rationes
3023 1493 3370 1560 expetemus?
3416 1492 3521 1547 Lu-

1946 1590 2041 1645 ge,
2090 1576 2279 1631 acerbe
2322 1577 2643 1648 ingemisce,
2695 1583 2919 1650 teipsum
2971 1582 3190 1639 humilia
3230 1594 3284 1639 et
3320 1585 3518 1657 afﬂige,

1947 1668 2227 1723 recordare
2264 1680 2604 1738 peccatorum
2650 1681 2861 1727 tuorum
2899 1676 3194 1744 Speciatim.
3234 1677 3347 1733 Non
3393 1694 3519 1748 par-

1946 1776 2044 1814 vus
2090 1770 2171 1815 est
2219 1761 2305 1818 hic
2352 1765 2617 1819 cruciatus
2663 1767 2845 1821 animi.
2896 1766 2951 1822 Si
2998 1768 3116 1838 quis
3162 1770 3213 1823 in
3261 1784 3520 1842 compun-

1946 1856 2123 1909 ctione
2187 1856 2316 1921 fuit,
2378 1859 2523 1912 novit
2576 1859 2810 1913 animum
2875 1860 2971 1915 hac
3025 1862 3254 1917 maxime
3316 1864 3521 1921 ratione

1946 1948 2191 2001 cruciari.
2239 1947 2294 2002 Si
2337 1949 2456 2018 quis
2502 1959 2717 2019 peccata
2765 1951 2816 2004 in
2864 1953 3177 2007 memoriam
3220 1956 3519 2023 revocavit,

1949 2042 2095 2094 novit
2160 2040 2399 2096 dolorem
2464 2043 2553 2112 qui
2617 2043 2737 2098 inde
2799 2044 3117 2114 concipitur.
3183 2046 3519 2117 Quapropter

1947 2130 2253 2201 hujusmodi
2297 2134 2624 2202 paenitentia:
2664 2134 2803 2189 Deus
2840 2136 3100 2205 justitiam
3146 2137 3199 2191 in
3240 2140 3518 2209 praemium

1946 2226 2253 2291 consutuit,
2305 2226 2540 2282 dicens:
2599 2226 2697 2281 Dic
2745 2238 2797 2281 tu
2854 2231 2993 2298 prior
3032 2244 3235 2299 peccata
3282 2242 3411 2301 tua,
3466 2241 3520 2287 ut

1936 2316 2232 2384 justi/iceris
2272 2317 2424 2388 (Isai.
2467 2320 2555 2374 45.
2599 2319 2726 2390 26).
2772 2319 2887 2375 Non
2937 2322 3077 2376 enim
3118 2333 3239 2391 est,
3286 2340 3392 2380 non
3439 2336 3521 2382 est

1946 2412 2128 2479 utique
2174 2426 2331 2481 parva
2380 2412 2447 2467 ad
2492 2413 2919 2469 emendationem
2976 2416 3151 2481 ratio,
3203 2418 3248 2471 si
3301 2430 3517 2488 peccata

1944 2502 2119 2556 omnia
2182 2504 2470 2558 secundum
2521 2506 2751 2575 speciem
2794 2506 3016 2561 collecta
3065 2508 3119 2562 in
3170 2510 3350 2563 animo
3398 2527 3520 2565 ver-

1944 2606 2033 2647 ses
2056 2602 2109 2647 et
2138 2594 2337 2648 volvas.
2375 2595 2506 2650 Nam
2533 2597 2621 2666 qui
2648 2596 2748 2652 hoc
2771 2598 2914 2662 facit,
2944 2598 3012 2653 ita
3036 2611 3439 2669 compungetur,
3466 2613 3519 2656 ut

1944 2701 2013 2741 ne
2039 2687 2143 2741 vita
2170 2687 2381 2758 quidem
2411 2703 2470 2743 se
2497 2688 2710 2759 dignum
2743 2690 3030 2745 existimet.
3067 2691 3168 2758 Qui
3210 2700 3385 2747 autem
3419 2692 3518 2750 hoc

1944 2780 2250 2845 existimat,
2281 2795 2403 2835 cera
2434 2780 2644 2835 mollior
2671 2780 2879 2835 evadet.
2909 2780 2987 2836 Ne
3010 2782 3137 2835 mihi
3162 2782 3331 2837 solum
3360 2783 3518 2837 dixe-

1944 2873 2019 2926 ris
2045 2872 2425 2927 fornicationes
2444 2914 2457 2936 ,
2488 2872 2572 2926 vel
2602 2872 2858 2926 adulteria
2890 2880 2945 2928 et
2972 2874 3187 2939 similia,
3221 2892 3392 2947 neque
3415 2878 3517 2931 alia

1942 2980 2061 3034 qua!
2085 2965 2263 3034 gravia
2292 2979 2411 3019 esse
2438 2964 2576 3035 apud
2606 2979 2795 3029 omnes
2828 2964 2881 3018 in
2906 2966 3150 3020 confesso
3176 2976 3295 3032 est;
3335 2984 3517 3023 verum

1941 3056 2100 3110 etiam
2130 3056 2354 3110 latentes
2380 3056 2617 3118 insidias,
2646 3055 2962 3119 calumnias,
2992 3057 3290 3124 maledicta,
3320 3076 3510 3115 vanam

1941 3146 2162 3215 gloriam
2189 3189 2202 3211 ,
2242 3148 2491 3201 Invidiam
2516 3187 2531 3211 ,
2578 3156 2879 3216 caeteraque
2925 3149 3101 3202 omnia
3143 3151 3351 3220 collige.
3395 3153 3515 3209 llaec

1938 3243 2133 3312 quippe
2162 3258 2269 3297 non
2302 3255 2464 3313 parvo
2486 3244 2745 3314 supplicio
2772 3238 3098 3315 plectemur:
3121 3255 3238 3292 nam
3255 3244 3509 3294 convicia.

1940 3345 2026 3391 tor
2054 3338 2102 3390 in
2136 3338 2433 3406 gehennam
2462 3337 2679 3401 incidet,
2708 3336 3056 3407 ebriosusque
3085 3336 3212 3390 nihil
3235 3352 3520 3393 commune

1939 3428 2101 3482 habet
2123 3443 2240 3481 eum
2273 3445 2456 3498 regno,
2481 3438 2534 3483 et
2558 3430 2645 3499 qni
2677 3445 2784 3483 non
2813 3438 2955 3483 amat
2983 3430 3301 3499 proximum,
3328 3431 3404 3486 sic
3431 3433 3507 3485 of-

1938 3519 2105 3575 fendit
2129 3521 2314 3583 Deum,
2337 3532 2394 3574 ut
2424 3536 2596 3591 neque
2621 3521 2877 3592 martyrio
2908 3521 3144 3591 juvetur.
3171 3522 3237 3576 Et
3264 3524 3352 3591 qui
3386 3537 3511 3591 pro-

1936 3615 2163 3683 pinquos
2190 3614 2428 3683 negligit,
2460 3613 2614 3667 fidem
2638 3622 2813 3682 negat,
2843 3622 2897 3668 et
2918 3614 3008 3683 qui
3044 3628 3306 3683 pauperes
3329 3614 3512 3683 despi-

1935 3706 2041 3769 cit,
2069 3705 2119 3758 in
2151 3705 2324 3774 ignem
2352 3706 2595 3757 mittitur.
2621 3702 2698 3759 Ne
2731 3720 2887 3773 parva
2916 3719 3045 3773 ergo
3069 3704 3156 3758 illa
3189 3713 3343 3773 putes
3363 3747 3379 3771 ,
3412 3705 3507 3760 sed

1934 3797 2110 3850 omnia
2142 3797 2350 3866 collige,
2380 3805 2433 3850 et
2459 3796 2607 3865 quasi
2636 3795 2688 3849 in
2718 3796 2851 3849 libro
2876 3796 3068 3850 scribe.
3088 3795 3218 3849 Nam
3238 3796 3355 3849 situ
3381 3797 3509 3851 seri-

1934 3889 2125 3956 pseris,
2152 3888 2290 3941 Deus
2314 3886 2544 3951 delebit;
2567 3897 2749 3941 contra
2777 3888 2820 3940 si
2847 3895 2899 3941 tu
2921 3902 3023 3942 non
3047 3890 3344 3959 scripseris,
3372 3889 3509 3945 Deus

1933 3979 2018 4031 illa
2041 3979 2322 4043 describet,
2356 3993 2644 4048 ptenasque
2670 3988 2892 4049 repetet.
2922 3980 3102 4050 Longe
3134 3997 3292 4050 porro
3319 3984 3508 4038 melius

1931 4080 2015 4124 est
2044 4080 2099 4123 ut
2128 4070 2240 4124 haec
2267 4085 2295 4123 a
2322 4071 2477 4124 nobis
2503 4072 2804 4125 scribantur
2825 4114 2838 4137 ,
2864 4080 2918 4126 ει
2938 4072 2989 4125 in
3016 4073 3163 4127 caelis
3187 4074 3465 4129 deleantur
3487 4119 3503 4142 ,

1928 4178 2085 4232 quam
2117 4165 2161 4217 si
2209 4164 2362 4218 nobis
2390 4163 2815 4230 occultantibus,
2862 4164 3002 4217 Dens
3030 4163 3082 4218 in
3123 4164 3215 4218 illo
3256 4166 3342 4220 die
3379 4176 3506 4222 ante

1928 4254 2110 4307 oculos
2136 4263 2345 4308 nostros
2366 4270 2424 4307 ea
2452 4253 2673 4309 deferat.
2694 4253 2771 4308 Νε
2799 4254 2955 4323 igitur
2976 4254 3077 4309 hoc
3097 4254 3322 4321 accidat,
3346 4272 3503 4312 accu-

1926 4354 2040 4399 rate
2069 4346 2245 4399 nmnia
2273 4344 2605 4413 colligamus,
2638 4353 2693 4398 et
2718 4360 2815 4398 nos
2842 4346 3129 4399 multorum
3156 4361 3279 4401 reos
3304 4346 3499 4416 depre-
3554 4340 3559 4347 ’

1925 4436 2239 4492 hendemus.
2282 4437 2410 4504 Quis
2450 4436 2591 4491 enim
2635 4438 2702 4491 ab
2742 4438 2962 4491 avaritia
3010 4437 3239 4492 mundus
3273 4439 3396 4494 est?
3424 4440 3501 4497 Ne

1924 4529 2051 4581 mihi
2082 4528 2220 4580 enim
2246 4529 2463 4589 dixeris,
2498 4538 2547 4582 te
2579 4526 2919 4581 mediocriter
2943 4542 3160 4582 avarum
3187 4544 3343 4583 esse:
3373 4544 3496 4584 nam

1923 4633 2019 4688 pro
2044 4617 2254 4672 modico
2282 4618 2439 4671 etiam
2469 4632 2652 4687 poenas
2676 4617 2942 4674 dabimus.
2970 4617 3095 4672 Haec
3112 4620 3305 4690 cogita,
3328 4629 3384 4675 et
3401 4636 3499 4692 age

1920 4709 2305 4780 paenitentiam.
2330 4709 2458 4778 Quis
2484 4725 2587 4764 non
2610 4725 2733 4764 reus
2754 4709 2910 4764 illata:
2932 4712 3265 4766 contumeliae
3281 4712 3302 4765 ?
3319 4721 3373 4766 et
3397 4711 3497 4767 hoc

1919 4803 2076 4857 etiam
2117 4803 2169 4857 in
2221 4803 2515 4874 gehennam
2566 4803 2803 4872 conjicit.
2852 4802 2980 4871 Quis
3024 4819 3129 4858 non
3185 4805 3390 4859 occulte
3426 4805 3493 4859 de

1920 4896 2159 4963 proximo
2188 4894 2326 4948 male
2372 4894 2541 4948 dixit?
2570 4903 2625 4948 et
2672 4894 2775 4948 hoc
2803 4894 2962 4948 etiam
2993 4909 3023 4948 a
3055 4910 3219 4965 regno
3259 4896 3420 4965 exigit
3450 4898 3488 4950 '.

1916 4987 2045 5050 Quis
2076 4986 2320 5054 superbia
2352 5001 2452 5037 non
2487 4985 2775 5039 intumuit?
2824 4984 2920 5040 llic
2950 5000 3076 5039 vero
3119 4986 3353 5040 omnium
3391 4987 3484 5040 im-

1915 5077 2294 5133 mundissimus
2321 5087 2423 5133 est.
2450 5076 2579 5143 Quis
2609 5077 2887 5147 impudicis
2913 5077 3081 5132 oculis
3112 5092 3215 5132 non
3247 5079 3487 5148 aspexit?

1911 5172 2011 5227 Hic
2040 5186 2199 5241 porro
2230 5170 2472 5226 moechus
2500 5171 2718 5225 omnino
2745 5180 2847 5225 est.
2878 5170 3007 5238 Quis
3042 5185 3147 5224 non
3186 5169 3303 5225 sine
3325 5186 3485 5226 causa

1908 5265 2055 5320 fratri
2081 5280 2179 5319 suo
2206 5265 2370 5319 iratus
2395 5273 2478 5319 est
2499 5263 2522 5316 ‘l
2553 5263 2649 5318 llic
2674 5278 2803 5318 vero
2828 5276 2951 5316 reus
2972 5271 3053 5317 est
3077 5262 3323 5317 concilio.
3353 5264 3484 5329 Quis

1910 5373 2015 5411 non
2039 5357 2273 5423 juravit?
2304 5355 2415 5410 Hoc
2450 5363 2628 5410 autem
2672 5369 2703 5408 a
2744 5354 2885 5409 malo
2910 5364 3011 5408 est.
3035 5354 3164 5421 Quis
3193 5371 3297 5411 non
3330 5356 3482 5424 peje-

1909 5447 2086 5502 ravit?
2114 5448 2209 5501 llic
2238 5462 2397 5516 porro
2419 5446 2537 5515 plus
2565 5460 2721 5515 quam
2748 5462 2777 5499 a
2804 5446 2942 5499 malo
2962 5455 3063 5501 est.
3083 5446 3213 5512 Quis
3243 5462 3346 5500 non
3375 5462 3482 5500 ser-

1910 5542 2035 5594 vivit
2076 5538 2377 5594 mamonaa?
2405 5537 2502 5593 Hic
2538 5552 2665 5593 vero
2698 5552 2726 5590 a
2752 5537 2957 5593 sincera
2988 5535 3181 5591 Christi
3225 5540 3480 5591 servitute

1906 5631 2121 5688 excidit.
2154 5631 2271 5685 Alia
2314 5630 2397 5684 bis
2440 5630 2641 5701 majora
2684 5628 2921 5700 proferre
2950 5642 3159 5698 possem
3188 5642 3203 5683 :
3238 5627 3330 5683 sed
3362 5626 3477 5682 btet:

1972 5747 1988 5778 ι
2023 5751 2204 5807 Haec,et
2221 5744 2308 5796 hoc
2331 5744 2474 5796 etiam
2496 5757 2526 5795 a
2548 5755 2694 5808 regno
2712 5740 2879 5806 exigit,
2902 5743 2952 5792 iu
2972 5742 3127 5792 tribus
3144 5746 3249 5790 uss.
3272 5739 3478 5789 desunt.
