3900 6194
485 294 582 349 851

483 383 616 441 satis
641 385 766 439 sunt
783 423 799 447 ,
825 390 880 437 et
920 389 1138 453 possent
1173 379 1238 434 ad
1260 378 1722 449 compunctionem
1751 376 2013 432 deducere
2037 417 2054 442 ,

461 471 584 532 'nisi
609 476 728 546 quis
755 473 995 544 lapideus
1014 472 1084 527 sit
1106 514 1122 533 ,
1152 479 1207 525 et
1231 469 1374 524 omni
1418 483 1638 537 prorsus
1667 481 1827 521 sensu
1857 477 2056 521 careat.

482 564 539 624 Si
567 568 709 623 enim
735 580 921 622 eorum
947 563 1150 632 singula
1175 563 1225 615 in
1251 560 1547 632 gehennam
1574 557 1864 626 conjiciunt
1886 597 1900 620 ,
1931 556 2058 626 quid

487 672 593 713 tum
621 659 813 712 facient
837 655 1011 711 omnia
1043 653 1201 708 simul
1224 650 1548 720 conjuncta?
1575 648 1854 715 Quomodo
1880 647 2056 717 igitur,

487 751 712 821 inquies.
741 749 964 804 salutem
992 744 1243 815 consequi
1271 742 1594 813 possumus?
1622 741 1676 796 Si
1703 740 1943 810 Opposita
1976 737 2058 794 his

485 841 718 899 remedia
759 840 1107 895 adhibeamus
1129 876 1145 903 ,
1184 836 1578 905 eleemosynam
1605 874 1618 895 ,
1648 845 1834 902 preces
1858 873 1873 897 ,
1901 845 2055 886 eom-

481 936 822 1005 puuetioncm
847 973 861 995 ,
895 929 1256 1002 pceuitentiam
1280 967 1295 991 ,
1326 925 1676 980 humilitatem
1697 965 1711 984 .
1740 938 1834 977 cor
1857 921 2059 978 contri-

483 1037 616 1094 tum,
647 1042 822 1082 rerum
847 1025 1180 1096 praesentium
1203 1027 1584 1088 contemptum.
1604 1016 1896 1072 Sexcentas
1916 1014 2058 1069 enim

482 1123 669 1177 salutis
699 1122 809 1174 vias
834 1121 972 1173 Deus
1000 1116 1242 1186 aperuit,
1276 1116 1319 1168 si
1346 1110 1623 1166 attendere
1654 1109 1898 1164 velimus.
1931 1105 2061 1162 Ani-

1181 287 1237 343 S.
1281 284 1556 342 JOANNIS
1592 283 2066 340 CIIRYSOSTOMI
2105 283 2420 340 ARCIIIEP.
2461 280 2998 339 CONSTANTINOP.

3618 289 3714 344 ιδε

2165 391 2309 430 mum
2339 374 2687 430 adhibeamus
2721 390 2849 445 ergo
2872 415 2888 441 ,
2919 384 2971 430 et
3015 389 3106 444 per
3134 373 3249 431 hare
3271 375 3448 430 omnia
3488 392 3718 437 curemus

2163 469 2403 534 vulnera,
2431 469 2826 537 cleemosynam
2848 477 3148 538 erogautes,
3180 469 3310 528 iram
3337 469 3388 524 in
3409 485 3500 526 eos
3525 475 3610 542 qui
3635 490 3722 531 nos

2162 559 2418 615 laeserunt
2441 561 2812 630 reprimentes,
2844 574 2941 629 pro
2959 560 3205 615 omnibus
3231 561 3341 616 Deo
3362 563 3555 632 gratias
3577 579 3722 636 agen-

2163 660 2276 714 tes,
2310 667 2408 720 pro
2435 651 2638 705 viribus
2661 650 2984 720 jejunantes,
3011 650 3219 707 sincero
3247 653 3409 708 corde
3437 666 3720 724 precantes,

2161 742 2363 797 amicos
2400 742 2554 797 nobis
2601 741 2856 798 facientes
2882 758 2946 798 ex
2991 759 3238 799 mamoua
3291 745 3597 815 iniquitatis.
3645 747 3725 804 Sic

2164 833 2306 888 enim
2341 835 2630 903 poterimus
2656 844 2712 889 ct
2735 834 2942 890 veniam
2987 844 3326 904 peccatorum
3353 877 3368 900 ,
3398 845 3453 893 et
3481 840 3726 906 promissa

2163 925 2416 994 consequi
2445 923 2582 979 bona
2609 941 2624 979 :
2656 925 2806 995 queis
2833 924 3033 980 utinam
3065 941 3164 982 nos
3191 942 3380 983 omnes
3420 928 3723 999 dignemur,

2162 1016 2331 1085 gratia
2359 1024 2413 1070 et
2439 1016 2762 1085 benignitate
2803 1018 3010 1073 Domini
3042 1021 3210 1074 nosui
3235 1020 3360 1076 Jesu
3391 1021 3622 1089 Christi,
3647 1026 3724 1079 cui

2164 1107 2332 1178 gloria
2359 1118 2414 1162 et
2441 1108 2722 1180 imperium
2771 1108 2826 1164 in
2855 1110 3047 1166 saecula
3078 1113 3417 1168 saeculorum.
3442 1114 3629 1168 Amen.

493 1242 3723 1273 Ν

1636 1318 1982 1380 HOMILIA
2026 1316 2224 1376 XLII.
2271 1319 2357 1380 al.
2406 1320 2631 1382 XLIII.

480 1477 608 1534 CAP.
637 1475 724 1530 12.
763 1488 816 1528 ν.
847 1473 936 1527 5⁸5.
968 1471 1068 1524 Aut
1095 1468 1245 1540 facile
1271 1466 1498 1520 arborem
1525 1464 1706 1516 bonam
1727 1501 1742 1526 ,
1770 1470 1815 1514 et
1841 1463 2059 1529 fructum

549 1570 658 1638 ejus
682 1568 903 1627 bonum;
941 1572 1028 1616 aut
1058 1562 1208 1632 facite
1247 1557 1476 1612 arborem
1503 1554 1726 1614 malam,
1760 1562 1804 1606 et
1835 1555 2059 1622 fructum

547 1661 658 1730 ejus
685 1659 908 1712 malum:
933 1671 995 1709 ea:
1022 1657 1191 1726 {ructu
1215 1652 1344 1706 enim
1373 1650 1521 1703 arbor
1545 1646 1879 1717 cognoscitur.

550 1752 602 1807 I.
630 1750 833 1804 Rursus
863 1747 982 1801 illos
1007 1744 1208 1814 pudore
1236 1741 1437 1804 afficit,
1471 1753 1570 1794 nec
1596 1747 1719 1792 sunt
1762 1737 1836 1790 illi
1883 1735 2057 1804 priora

479 1847 786 1912 argumenta
818 1837 968 1892 satis.
999 1835 1109 1890 Hoc
1130 1842 1305 1888 autem
1332 1830 1497 1897 facit,
1528 1844 1631 1884 non
1673 1836 1730 1881 ut
1762 1841 1819 1882 se
1845 1841 1875 1880 a
1905 1827 2059 1894 culpa

480 1931 730 1988 defendat
756 1930 908 2002 (satis
929 1928 1071 1983 enim
1103 1935 1284 1982 essent
1309 1939 1427 1993 qua:
1447 1922 1557 1992 jam
1599 1919 1740 1975 dicta
1767 1916 1934 1991 sunt),
1963 1916 2058 1973 sed

480 2033 539 2079 ut
560 2025 678 2079 illos
702 2022 768 2077 ad
798 2019 1223 2076 emendationem
1249 2016 1495 2072 deducat.
1523 2013 1676 2081 Quod
1706 2021 1880 2066 autem
1907 2010 2057 2074 dicit,

480 2116 583 2170 hoc
615 2112 874 2184 significat
904 2129 919 2168 :
949 2111 1118 2166 Nemo
1153 2119 1388 2164 vestrum
1419 2113 1634 2162 curatos
1675 2101 2056 2173 reprehendit,

479 2207 632 2280 quasi
657 2222 782 2263 vere
806 2205 974 2261 curati
1002 2219 1107 2258 non
1135 2211 1335 2264 essent,
1363 2215 1534 2270 neque
1553 2198 1705 2262 dixit,
1730 2197 1922 2252 malam
1945 2210 2058 2251 rem

478 2317 600 2357 esse
635 2315 667 2355 a
706 2300 950 2355 daemone
1000 2296 1248 2351 liberare.
1307 2290 1530 2347 Etiamsi
1579 2290 1723 2346 enim
1775 2286 2058 2342 admodum

480 2391 816 2463 impudentes
843 2397 1064 2451 essent,
1100 2387 1200 2440 hoc
1244 2383 1424 2440 dicere
1464 2397 1570 2438 non
1615 2388 1881 2451 poterant.
1925 2376 2057 2444 Quia

479 2499 609 2555 ergo
628 2496 790 2553 opera
817 2483 928 2551 ipsa
952 2479 1227 2534 traducere
1254 2492 1360 2532 non
1391 2475 1658 2541 valebant,
1685 2471 1780 2528 sed
1807 2472 1920 2526 lucc
1939 2485 2059 2540 ope-

486 2586 693 2633 rantem
741 2574 1197 2630 calumniabantur
1227 2572 1245 2603 ί
1270 2613 1286 2637 ,
1313 2570 1644 2626 demonstrat
1667 2566 2057 2622 accusationem

480 2677 674 2725 etcum
703 2665 973 2722 communi
1005 2663 1304 2728 ratiocinio,
1321 2671 1511 2717 etcum
1537 2675 1716 2716 rerum
1736 2672 2060 2728 consequen-

405 2795 408 2798 ι
481 2761 554 2819 tia
575 2759 982 2834 pugnare.Qnod
1006 2758 1232 2831 ingentis
1256 2756 1598 2829 impudentia:
1618 2764 1721 2823 est,
1742 2767 1933 2825 nempe
1950 2767 2054 2808 non

482 2855 642 2911 modo
668 2855 896 2923 maligne
921 2868 1096 2922 agere,
1132 2851 1226 2906 sed
1247 2852 1408 2907 etiam
1426 2851 1512 2904 illa
1538 2849 1866 2904 comminisci
1893 2887 1910 2913 ,
1939 2864 2057 2917 qua:

484 2954 669 2999 contra
690 2958 1026 2998 communem
1045 2943 1282 3018 omnium
1309 2951 1538 2995 mentem
1560 2947 1810 3009 pugnant.
1839 2938 1916 2993 Ac
1938 2937 2059 2993 vide

481 3053 639 3106 quam
651 3046 803 3091 extra
823 3035 1218 3090 contentionem
1235 3033 1304 3087 sit
1322 3033 1372 3087 id
1384 3031 1524 3102 quod
1540 3032 1756 3102 profert.
1772 3030 1888 3086 Non
1914 3030 2058 3087 enim

481 3129 650 3183 dicit:
683 3127 864 3182 Facite
889 3127 1136 3181 arborem
1167 3125 1359 3180 bonam
1386 3165 1401 3191 ,
1430 3124 1676 3194 quoniam
1709 3123 1913 3178 fructus
1939 3122 2059 3191 ejus

481 3221 653 3276 bonus
677 3228 798 3284 est;
843 3217 936 3274 sed
963 3221 1176 3288 egregie
1200 3217 1320 3272 illos
1345 3230 1599 3272 coercens
1618 3256 1634 3282 ,
1663 3224 1719 3272 et
1746 3225 2058 3270 mansuetu-

485 3314 664 3369 dinem
694 3327 845 3367 suam
871 3321 925 3367 et
944 3311 1325 3382 impudentiam
1347 3325 1534 3366 eorum
1556 3309 1928 3366 demonstrans
1948 3310 2057 3370 ait:

480 3408 536 3465 Si
573 3422 734 3480 opera
766 3408 924 3463 vultis
951 3405 1343 3476 reprehendere
1367 3446 1383 3471 ,
1417 3420 1522 3460 non
1556 3404 1851 3475 prohibeo:
1884 3404 2059 3459 solum

483 3517 551 3558 ne
578 3501 646 3557 de
673 3501 740 3557 iis
767 3516 884 3570 quae
914 3515 1012 3555 nec
1049 3499 1345 3554 consistere
1366 3540 1381 3564 ,
1409 3513 1510 3554 nec
1537 3505 1930 3568 consequenter
1953 3496 2059 3552 dici

485 3601 742 3666 possunt,
775 3608 862 3648 me
892 3592 1174 3646 accusetis.
1207 3589 1295 3646 Sic
1337 3590 1480 3644 enim
1505 3590 1701 3644 clarius
1731 3588 2059 3660 deprehendi

483 3693 730 3756 poterant
751 3692 933 3738 contra
956 3697 1044 3737 res
1059 3681 1515 3737 manifestissimas
1537 3671 1871 3751 impudenter
1892 3679 2056 3749 loqui.
2084 3671 2086 3674 ’

487 3781 667 3848 Itaque
698 3777 892 3831 frustra
924 3773 1304 3843 malignamini,
1332 3773 1522 3842 inquit,
1551 3787 1649 3827 nec
1678 3770 2058 3840 consequentia

483 3869 778 3940 loquimini.
807 3867 936 3922 Nam
970 3866 1220 3920 arborum
1251 3863 1545 3920 differentia
1573 3879 1636 3919 es
1668 3863 1841 3917 fructu
1873 3861 2062 3932 digno-

482 3963 666 4027 scitur,
707 3975 812 4014 non
842 3966 1017 4013 autem
1046 3957 1247 4012 fructus
1273 3957 1341 4010 ab
1365 3957 1557 4011 arbore
1587 3972 1600 4010 :
1631 3970 1728 4010 vos
1755 3970 1885 4010 vero
1912 3969 2059 4010 con—

486 4052 708 4106 trarium
730 4049 923 4104 facitis.
951 4049 1173 4104 Etiamsi
1200 4049 1339 4104 enim
1366 4047 1526 4103 arbor
1555 4047 1756 4106 fruetus
1775 4047 1845 4101 sit
1871 4061 2054 4114 causa,

482 4153 716 4198 attamen
747 4142 949 4196 fructus
973 4141 1182 4196 arboris
1223 4139 1456 4210 speciem
1495 4138 1748 4194 declarat.
1772 4139 1841 4193 At
1864 4153 2058 4193 conse-

481 4251 650 4307 quens
676 4246 810 4303 erat,
842 4245 900 4289 ut
925 4236 1039 4304 ipsa
1085 4249 1251 4303 Opera
1279 4241 1332 4288 et
1377 4247 1474 4287 nos
1513 4231 1670 4287 simul
1695 4231 2057 4300 reprehende-

481 4331 612 4386 retis
634 4371 650 4398 ,
677 4329 759 4384 vel
792 4329 836 4383 si
859 4343 1020 4400 opera
1048 4327 1354 4390 laudaretis,
1387 4339 1483 4380 uos
1503 4333 1784 4394 operantes
1813 4339 1878 4380 ue
1904 4324 2058 4380 incu-

481 4423 691 4478 saretis.
706 4420 855 4476 Nunc
876 4436 1003 4476 vero
1021 4419 1345 4475 contrarium
1365 4417 1532 4472 facitis
1553 4434 1566 4470 :
1587 4431 1710 4471 nam
1731 4430 1851 4472 cum
1871 4431 2052 4486 Opera,

481 4531 603 4583 qua:
633 4523 756 4569 sunt
783 4512 1016 4575 fructus,
1047 4509 1357 4567 calumniari
1387 4509 1660 4579 nequeatis
1683 4549 1697 4574 ,
1729 4509 2055 4564 contrarium

481 4616 665 4662 contra
683 4605 929 4661 arborem
956 4603 1104 4660 fertis
1123 4603 1406 4670 calculum,
1423 4601 1547 4656 dum
1565 4617 1652 4658 me
1670 4601 2054 4658 daemoniaeum

482 4699 708 4764 vocatis,
735 4698 878 4770 quod
897 4707 1150 4752 extrema:
1176 4706 1260 4752 est
1282 4697 1582 4750 dementitn.
1604 4695 1734 4750 Nam
1751 4695 1891 4766 quod
1911 4697 2056 4766 prius

481 4793 692 4850 dicebat
710 4834 726 4859 ,
755 4792 855 4847 hoc
882 4791 1040 4847 etiam
1067 4805 1209 4846 nunc
1233 4791 1424 4844 asserit
1449 4831 1464 4855 ,
1495 4804 1601 4843 non
1630 4803 1784 4858 posse
1807 4789 2054 4843 arborem

482 4889 675 4944 bonam
718 4885 921 4942 fructus
957 4885 1123 4939 malos
1160 4883 1377 4945 facere,
1425 4897 1599 4953 neque
1644 4882 1837 4936 malam
1887 4882 2055 4938 bonos

481 4983 697 5054 (Matth.
729 4983 784 5036 7.
815 4980 925 5052 18).
954 4979 1135 5047 Itaque
1160 4978 1525 5032 accusationes
1565 4992 1748 5032 eorum
1775 4977 1946 5046 palam
1973 4986 2056 5032 est

482 5075 612 5130 nihil
643 5086 996 5143 consequens,
1031 5071 1163 5125 nihil
1191 5068 1480 5126 secundum
1502 5077 1746 5124 naturam
1773 5085 1950 5125 rerum
1968 5068 2056 5124 ha-

481 5167 628 5220 bere.
645 5165 855 5220 Deinde
893 5163 1015 5234 quia
1040 5177 1146 5216 non
1180 5176 1275 5231 pro
1301 5176 1359 5216 se
1382 5202 1396 5224 ,
1425 5160 1518 5216 sed
1547 5176 1644 5230 pro
1662 5160 1862 5230 Spiritu
1893 5161 2051 5216 verba

483 5259 644 5322 facit,
677 5258 871 5312 acriter
896 5255 1162 5310 invehitur
1189 5254 1405 5309 dicens:
1434 5254 1525 5309 54.
1550 5252 1826 5324 Progenies
1851 5253 2051 5322 uipera-

388 5381 400 5390 α
482 5365 616 5413 rum,
643 5348 891 5416 quomodo
921 5349 1123 5418 potestis
1149 5348 1278 5401 bona
1299 5345 1453 5417 loqui,
1481 5362 1594 5400 cum
1623 5347 1731 5400 sitis
1756 5345 1878 5400 mali
1898 5347 1923 5400 ξ)
1942 5345 2055 5401 Hoc

482 5455 614 5495 vero
639 5440 795 5494 simul
821 5447 877 5493 et
895 5439 1196 5493 accusantis
1219 5447 1321 5501 est,
1353 5448 1406 5492 et
1431 5437 1690 5492 dictorum
1719 5437 2054 5492 demonstra-

483 5535 680 5588 tionem
710 5532 833 5587 inde
863 5533 1164 5602 praebentis.
1207 5532 1344 5586 Ecce
1389 5547 1615 5601 namque
1660 5546 1757 5586 vos
1779 5571 1794 5597 ,
1840 5531 2009 5600 inquit
2033 5571 2050 5596 ,

483 5641 603 5681 cum
630 5625 744 5678 sitis
770 5624 990 5678 arbores
1019 5623 1206 5688 malm,
1236 5638 1343 5677 non
1388 5624 1608 5692 potestis
1648 5624 1785 5679 ferre
1825 5621 2050 5677 fructum

545 5762 564 5792 ⁸
600 5765 726 5807 Unus
773 5756 1012 5807 diabolum
1033 5769 1133 5806 esse
1151 5755 1382 5806 dicebant.

2162 1456 2380 1512 bonum.
2414 1459 2528 1516 Non
2561 1463 2726 1517 miror
2751 1480 2900 1535 ergo,
2926 1466 3066 1537 quod
3095 1468 3215 1523 talia
3243 1468 3532 1539 loquamini
3557 1487 3572 1537 ;
3599 1473 3724 1530 male

2161 1550 2356 1621 quippe
2384 1553 2592 1609 educati
2612 1556 2762 1623 estis,
2782 1573 2811 1610 a
2833 1558 2986 1613 malis
3009 1561 3439 1630 progenitoribus
3455 1563 3574 1631 orti,
3596 1580 3725 1619 men-

2161 1649 2377 1712 temque
2403 1645 2598 1700 malam
2625 1647 2850 1704 habetis.
2879 1648 2948 1704 Et
2968 1651 3089 1707 vide
3117 1667 3274 1722 quam
3299 1663 3547 1709 accurate
3569 1695 3584 1718 ,
3610 1657 3723 1709 nul-

2163 1731 2266 1786 lam
2313 1735 2554 1804 praebens
2582 1738 2684 1792 illis
2711 1754 2894 1794 ansam
2925 1779 2942 1806 ,
2987 1743 3351 1799 accusationes
3392 1744 3719 1816 disposuerit.

2160 1825 2276 1881 Non
2312 1829 2452 1882 enim
2483 1829 2616 1884 dixit
2649 1848 2663 1883 :
2692 1831 2969 1900 Quomodo
2999 1835 3220 1902 potestis
3243 1836 3381 1891 bona
3412 1837 3590 1909 loqui,
3611 1854 3721 1894 cum

2161 1919 2280 1974 sitis
2319 1921 2582 1990 genimina
2614 1923 2956 1992 viperarum?
2993 1927 3093 1982 hoc
3135 1929 3276 1983 enim
3306 1929 3438 1984 nihil
3467 1930 3532 1986 ad
3573 1932 3720 1992 illud:

2162 2011 2276 2076 sed,
2310 2012 2572 2078 Quomodo
2599 2017 2803 2085 potestis
2830 2018 2959 2074 bona
2986 2019 3143 2091 loqui,
3173 2023 3294 2076 mali
3317 2039 3433 2076 cum
3459 2025 3568 2080 sitis
3585 2026 3610 2078 ?
3633 2025 3725 2081 Gc-

2163 2104 2359 2160 nimina
2389 2116 2566 2162 autem
2596 2109 2898 2179 viperarum
2941 2113 3088 2183 ipsos
3110 2115 3341 2181 vocavit,
3369 2117 3494 2187 quia
3519 2117 3585 2173 de
3608 2134 3722 2189 pru-

2160 2199 2489 2269 genitoribus
2513 2201 2900 2272 gloriabantur.
2947 2205 3248 2264 Ostendens
3273 2209 3436 2279 igitur
3474 2209 3603 2265 nihil
3633 2212 3722 2266 sibi

2163 2289 2286 2345 inde
2314 2291 2520 2347 lucrum
2559 2296 2838 2364 provenire
2860 2337 2878 2365 ,
2905 2312 2972 2353 ex
3003 2297 3231 2355 Abrahae
3271 2301 3587 2370 cognatione
3615 2302 3723 2357 illos

2161 2383 2350 2454 cjecit;
2373 2387 2737 2458 progenitores
2753 2399 2932 2446 autem
2957 2390 3195 2462 ejusdem
3226 2392 3418 2448 indolis
3449 2393 3539 2448 dat
3557 2394 3673 2459 illis,
3695 2410 3722 2449 a

2161 2476 2436 2534 nobilitate
2465 2479 2682 2550 pristina
2726 2481 2956 2539 nudatis.
2986 2483 3127 2538 Nam
3151 2501 3214 2540 ex
3237 2485 3551 2541 abundantia
3573 2489 3724 2542 cordis

2161 2585 2216 2624 os
2267 2569 2504 2640 loquitur.
2555 2571 2652 2628 llic
2696 2588 2905 2646 quoque
2949 2591 3158 2631 rursum
3208 2576 3542 2634 divinitatem
3584 2595 3722 2634 suam

2160 2672 2543 2718 commonsuat
2566 2705 2580 2728 ,
2607 2679 2724 2734 quae
2743 2677 2949 2721 secreta
2973 2677 3293 2737 cognoscat;
3330 2670 3569 2741 sciatque
3593 2670 3724 2740 ipsos

2161 2769 2269 2810 non
2294 2755 2575 2813 verborum
2605 2767 2831 2826 tantum,
2859 2759 2954 2818 sed
2977 2760 3138 2817 etiam
3169 2761 3431 2818 malarum
3459 2763 3723 2834 cogitatio-

2162 2865 2289 2904 num
2332 2850 2598 2906 rationcm
2643 2851 2942 2907 reddituros
2961 2868 3114 2918 esse;
3149 2854 3421 2926 Deumque
3465 2856 3605 2925 ipsas
3644 2872 3724 2910 co-

2159 2954 2438 3010 gnoscere.
2461 2940 2596 2995 Dicit
2617 2957 2762 3006 vero,
2787 2958 2943 3012 posse
2961 2945 3121 3000 etiam
3140 2945 3379 3001 homines
3402 2945 3522 3002 haec
3547 2961 3721 3011 nosse;

2161 3031 2284 3103 quia
2316 3031 2432 3087 haec
2458 3042 2662 3088 natura:
2690 3037 3068 3106 consequentia
3095 3047 3197 3102 est,
3224 3047 3280 3092 ut
3305 3038 3351 3094 si
3386 3039 3532 3095 intus
3555 3039 3726 3110 nequi-

2161 3125 2234 3178 tia
2276 3124 2709 3194 superabundct,
2751 3142 2849 3197 per
2888 3127 2998 3183 oris
3036 3129 3194 3184 verba
3243 3129 3371 3186 foris
3417 3132 3722 3188 effundatur.

2163 3213 2346 3286 Itaque
2374 3230 2494 3270 cum
2535 3218 2768 3273 audieris
2793 3218 3065 3275 hominem
3108 3221 3247 3277 mala
3272 3221 3602 3293 loquentem,
3629 3241 3724 3280 nun

2161 3306 2422 3378 mqualem
2450 3308 2620 3363 solum
2663 3310 2714 3365 ei
2758 3313 3046 3382 nequitiam
3081 3313 3136 3368 in
3176 3313 3292 3384 ipso
3340 3316 3520 3374 inesse
3548 3329 3722 3388 putes,

2161 3414 2318 3470 quam
2334 3400 2496 3456 verba
2509 3399 2788 3468 exhibent;
2806 3401 2900 3459 sed
2916 3404 3070 3476 longe
3091 3405 3342 3477 majorem
3365 3420 3489 3464 esse
3503 3409 3693 3477 conjice
3709 3427 3722 3464 :

2161 3489 2301 3561 quod
2332 3491 2474 3547 enim
2500 3501 2652 3547 extra
2684 3493 2970 3563 profertur,
3001 3495 3143 3552 intus
3171 3495 3526 3567 supercffluit.
3555 3499 3725 3555 \‘ideu’

2163 3597 2320 3652 quam
2345 3583 2540 3639 acriter
2568 3583 2686 3638 illos
2715 3583 2988 3656 tetigerit?
3011 3583 3144 3641 Nam
3173 3587 3217 3642 si
3245 3588 3383 3644 dicta
3415 3605 3600 3645 eorum
3630 3599 3724 3644 tam

2164 3693 2325 3748 prava
2369 3689 2528 3746 sunt,
2559 3688 2614 3735 et
2651 3679 2941 3735 secundum
2985 3679 3183 3736 diaboli
3224 3692 3483 3748 mentem,
3508 3683 3651 3738 radis
3676 3690 3727 3738 et

2165 3770 2301 3835 fons,
2320 3786 2436 3841 quae
2459 3771 2566 3826 sint
2590 3772 2781 3842 cogita.
2802 3771 2914 3828 Hoc
2938 3785 3116 3829 autem
3139 3774 3215 3830 sic
3234 3775 3546 3846 contingere
3565 3775 3718 3834 solet;

2165 3861 2338 3932 lingua
2359 3876 2501 3932 saepe
2529 3861 2728 3933 pudore
2751 3863 2986 3932 detenta,
3020 3879 3124 3920 nou
3157 3873 3354 3920 tantam
3382 3866 3543 3922 simul
3565 3866 3726 3937 nequi-

2165 3953 2290 4008 tiam
2324 3953 2584 4009 eifundit:
2626 3970 2720 4010 cor
2762 3964 2978 4024 autem,
3022 3958 3105 4012 cui
3150 3958 3328 4014 nullus
3378 3958 3542 4015 homo
3592 3961 3726 4014 testis

2161 4047 2353 4115 adest,
2399 4047 2516 4103 sine
2563 4058 2707 4103 metu
2775 4064 3120 4120 quaecumque
3167 4051 3296 4106 velit
3337 4053 3479 4106 mala
3531 4051 3724 4124 gignit;

2164 4139 2332 4195 Deum
2361 4141 2555 4212 quippe
2589 4140 2718 4199 nihil
2761 4150 2934 4200 curat.
2961 4141 3220 4210 Quoniam
3259 4158 3386 4215 ergo
3415 4161 3481 4200 ea
3509 4161 3624 4216 qua:
3649 4145 3722 4198 di-

2162 4242 2374 4298 cuntur,
2399 4233 2451 4288 in
2476 4249 2698 4289 examen
2724 4233 2942 4290 veniunt
2967 4243 3020 4289 et
3046 4235 3293 4290 omnibus
3322 4245 3449 4291 sunt
3477 4237 3720 4308 exposita,

2163 4339 2258 4379 cor
2286 4335 2462 4381 autem
2490 4327 2618 4381 latet
2655 4335 2710 4382 et
2732 4326 2881 4398 quasi
2910 4325 3094 4381 umbra
3129 4326 3440 4383 obvolutum
3469 4337 3550 4384 est
3571 4370 3586 4396 ,
3617 4328 3725 4382 ideo

2163 4416 2371 4472 minora
2410 4425 2536 4472 sunt
2577 4433 2695 4487 quae
2738 4432 2806 4473 ex
2847 4417 3023 4489 lingua
3064 4419 3510 4489 proficiscuntur,
3541 4435 3652 4491 qua:
3677 4420 3722 4472 in

2163 4509 2326 4566 corde
2351 4509 2517 4566 latent
2559 4509 2781 4580 majora.
2812 4506 2944 4566 Cum
2989 4521 3168 4566 autem
3203 4511 3388 4582 ingens
3415 4513 3568 4584 copia
3595 4513 3725 4567 intus

2161 4611 2245 4659 est
2266 4644 2282 4671 ,
2312 4614 2421 4657 tum
2449 4618 2642 4673 magno
2671 4605 2869 4675 impetu
2917 4605 3178 4676 prodeunt
3218 4606 3304 4661 illa
3336 4623 3455 4677 quae
3483 4607 3723 4662 hactenus

2161 4696 2366 4752 occulta
2391 4704 2560 4752 erant.
2590 4695 2669 4752 Ac
2691 4695 2828 4752 sicut
2852 4696 2888 4752 ii
2913 4697 3004 4768 qui
3029 4707 3282 4763 vomunt,
3314 4699 3466 4754 initio
3496 4699 3722 4754 videntur

2160 4789 2467 4847 exsilientes
2505 4788 2756 4844 humores
2793 4791 2846 4845 vi
2895 4789 3127 4845 retinere
3171 4789 3352 4855 velle;
3394 4806 3516 4845 cum
3559 4798 3720 4844 autem

2161 4883 2241 4938 vis
2262 4882 2352 4937 illa
2379 4883 2576 4948 deficit,
2596 4891 2722 4938 tunc
2747 4881 2888 4938 fmde
2911 4882 3195 4938 admodum
3223 4883 3519 4953 prodeunt:
3550 4883 3624 4937 sic
3643 4881 3720 4950 qui

2161 4974 2339 5046 pravis
2359 4974 2597 5030 consiliis
2626 4973 2766 5045 pleni
2793 4981 2918 5030 sunt
2939 5015 2955 5042 ,
2987 4975 3285 5046 proximum
3311 4976 3603 5031 maledictis
3629 4975 3720 5028 itu-

2161 5077 2369 5138 petunt.
2400 5068 2488 5123 55.
2517 5065 2692 5123 Bonus
2721 5067 2891 5132 homo,
2919 5067 3108 5138 inquit,
3135 5067 3342 5123 ea'bono
3371 5077 3604 5122 thesauro
3621 5082 3720 5119 cor-

2159 5161 2241 5217 dis
2264 5161 2344 5215 sui
2373 5159 2565 5232 profert
2594 5161 2760 5215 bona:
2787 5169 2835 5215 et
2872 5159 3038 5215 malus
3075 5161 3225 5215 homo
3254 5178 3318 5216 ex
3339 5161 3473 5216 malo
3500 5163 3720 5216 thesauro

2162 5255 2332 5310 cordis
2359 5254 2438 5307 sui
2464 5253 2655 5323 profert
2681 5253 2835 5308 mala.

2228 5369 2288 5426 2.
2315 5369 2393 5424 Ne
2421 5379 2594 5440 putes,
2619 5369 2808 5438 inquit,
2844 5367 2896 5423 id
2927 5367 2978 5422 in
3011 5367 3162 5422 malis
3189 5375 3388 5422 tantum
3408 5365 3651 5423 evenire:
3673 5363 3718 5417 in

2159 5462 2314 5518 bonis
2355 5462 2552 5532 quippe
2593 5460 2820 5532 idipsum
2871 5460 3099 5516 accidit:
3150 5461 3347 5514 etenim
3375 5458 3547 5527 major
3583 5459 3716 5511 intus

2161 5556 2328 5611 virtus
2352 5563 2454 5620 cst,
2483 5570 2640 5625 quam
2665 5553 2825 5608 verba
2847 5552 3148 5609 exhibeant.
3168 5551 3320 5607 Unde
3339 5550 3593 5620 arguitur.
3614 5549 3718 5601 illos

2158 5648 2368 5721 pejores
2378 5648 2536 5706 etiam
2548 5647 2887 5714 fuisse,quam
2900 5645 3056 5700 verba
3071 5652 3416 5699 monstrarent
3426 5677 3442 5700 .
3458 5641 3720 5710 ipsumque

2161 5743 2454 5812 meliorem,
2475 5757 2633 5814 quam
2647 5755 2712 5799 ex
2738 5739 2892 5797 dictis
2917 5739 3030 5812 ejus
3055 5747 3380 5813 argueretur.
3402 5734 3715 5790 Thcsaurum
