3900 6194
268 282 374 337 555

267 410 443 455 autem
484 406 781 463 memorat,
816 409 1058 466 magnam
1109 396 1316 464 copiam
1364 396 1624 450 indicans.
1652 395 1853 450 Deinde

266 506 453 546 rursus
481 504 729 560 magnum
759 488 959 544 excitat
990 486 1257 541 timorem.
1289 485 1366 541 Ne
1398 486 1611 555 putetis,
1648 487 1850 556 inquit,

264 598 373 637 non
401 582 540 637 ultra
572 580 808 650 procedi,
840 580 997 649 inque
1026 578 1149 632 facti
1180 577 1627 633 condenmatione
1656 577 1851 632 sisten~

262 674 391 728 dum
438 689 559 730 esse
604 674 910 743 negotium:
961 688 1082 726 nam
1130 680 1397 726 extremas
1433 670 1634 725 dabunt
1666 684 1851 741 poenas

262 774 525 835 quotquot
572 765 695 819 talia
740 764 1121 833 perpetrarint.
1149 762 1333 831 Neque
1360 761 1529 826 dixit,
1560 762 1707 827 Vos;
1740 772 1850 817 tum

263 868 319 912 ut
348 873 536 913 omnes
563 856 818 923 erudiret,
840 864 948 910 tum
973 872 1039 912 ne
1065 856 1344 911 onerosior
1368 870 1545 910 sermo
1566 866 1727 910 esset.
1758 856 1846 911 36.

264 950 393 1005 Dico
419 959 587 1005 autem
606 949 761 1016 vobis,
781 950 1017 1019 quoniam
1039 965 1183 1002 omne
1207 949 1411 1001 verbum
1438 948 1671 1014 otiosum,
1698 947 1852 1017 quad-

261 1058 477 1114 cmnque
527 1043 791 1112 loquentur
819 1042 1043 1095 homines
1061 1082 1077 1109 ,
1106 1041 1292 1095 dabunt
1315 1041 1377 1095 de
1410 1042 1500 1096 illo
1528 1043 1773 1095 rationem
1797 1042 1850 1096 in

260 1134 344 1187 die
369 1134 578 1204 judicii.
618 1134 856 1188 Otiosum
898 1144 1095 1199 autem,
1121 1133 1261 1203 quod
1290 1134 1363 1187 rei
1405 1149 1510 1188 non
1555 1133 1803 1187 convenit
1828 1174 1843 1195 ,

259 1224 516 1292 mendax,
546 1225 946 1294 sycophantiam
971 1227 1250 1281 continens
1275 1241 1290 1291 ;
1321 1226 1426 1279 imo
1456 1226 1634 1291 inane,
1662 1225 1849 1293 utqui-

258 1319 383 1372 dam
412 1317 616 1384 dicunt,
645 1319 783 1388 quod
814 1317 1085 1389 profusum
1117 1319 1279 1372 risum
1306 1327 1535 1383 moveat,
1561 1318 1643 1372 vel
1674 1327 1844 1385 turpe,

260 1410 565 1479 impudens,
591 1410 869 1465 illiberale.
904 1412 992 1465 57.
1027 1410 1109 1463 E1:
1133 1411 1292 1463 verbis
1322 1410 1451 1463 enim
1480 1410 1577 1464 tuis
1589 1410 1849 1479 justi/ica-

257 1505 413 1569 bcris,
440 1514 487 1557 et
512 1521 575 1558 ea:
601 1504 758 1558 verbis
783 1504 879 1558 tuis
899 1502 1327 1557 condemnaberis.
1360 1503 1543 1557 Videu'
1572 1518 1675 1557 non
1724 1516 1845 1556 mo-

258 1597 452 1652 lestunt
480 1597 759 1667 judicium,
791 1598 1039 1666 levesque
1072 1597 1293 1666 poenas?
1322 1596 1503 1667 Neque
1523 1597 1663 1650 enim
1690 1611 1754 1651 ex
1783 1596 1847 1650 iis

256 1706 378 1759 qua:
413 1690 551 1744 alius
581 1689 646 1743 de
684 1698 735 1743 te
762 1689 933 1754 dixit,
965 1689 1060 1743 sed
1108 1704 1171 1742 ex
1204 1688 1267 1742 iis
1298 1704 1415 1758 quae
1456 1689 1569 1758 ipse
1597 1690 1845 1758 loquutus

255 1797 349 1846 es,
379 1781 545 1852 judex
576 1781 839 1836 calculum
868 1780 1035 1846 feret;
1068 1780 1206 1850 quod
1252 1781 1487 1834 omnium
1516 1781 1845 1850 estjustissi-

257 1890 428 1930 nmm.
462 1874 542 1928 Tu
568 1864 709 1928 enim
736 1882 790 1929 et
816 1871 1027 1928 dicendi
1058 1882 1112 1928 et
1137 1888 1241 1928 non
1286 1873 1495 1928 dicendi
1526 1883 1843 1944 potestatem

257 1965 444 2021 habes.
469 1966 582 2021 Non
614 1966 773 2037 igitur
798 1980 891 2021 eos
918 1966 1007 2036 qui
1038 1966 1322 2019 calumniis
1366 1965 1694 2033 impetuutur
1722 1968 1842 2037 angi

254 2068 312 2113 et
342 2059 528 2113 timere
555 2074 649 2129 par
688 2066 772 2113 est
795 2099 809 2123 ,
840 2057 933 2112 sed
970 2072 1063 2113 eos
1089 2058 1180 2127 qui
1224 2057 1631 2111 calumniantur.
1662 2056 1844 2127 Neque

254 2153 401 2206 enim
433 2150 503 2205 illi
533 2159 794 2219 coguntur
817 2164 935 2204 sese
961 2165 1205 2219 purgare,
1228 2148 1368 2219 quod
1388 2148 1527 2203 male
1547 2148 1840 2214 audierint;

253 2242 352 2297 sed
384 2241 457 2306 bi,
489 2240 629 2312 quod
654 2242 791 2296 male
816 2241 1078 2296 dixerint:
1108 2241 1343 2311 ipsisque
1366 2256 1525 2295 omne
1551 2240 1840 2309 periculum

254 2332 521 2385 imminet.
549 2332 726 2397 Quare
752 2346 846 2386 eos
886 2332 976 2401 qui
1011 2331 1147 2386 male
1187 2330 1456 2385 audierint
1498 2331 1626 2384 nihil
1656 2345 1843 2385 curare

250 2432 503 2493 Oportet:
540 2439 711 2494 neque
742 2425 881 2477 enim
918 2439 1105 2494 paruas
1151 2422 1354 2477 dabunt
1405 2438 1501 2493 pro
1546 2421 1842 2477 maledictis

249 2518 517 2581 aliorum;
549 2530 642 2571 eos
670 2525 845 2570 autem
873 2517 961 2586 qui
990 2514 1366 2571 maledixerint
1392 2515 1582 2569 anxios
1607 2529 1726 2570 esse
1751 2529 1844 2583 par

250 2618 336 2661 est
365 2619 418 2662 et
452 2596 712 2671 tremere,
741 2616 922 2675 utpote
953 2608 1002 2660 in
1025 2606 1278 2676 judicium
1312 2607 1412 2662 hac
1444 2606 1512 2661 de
1542 2622 1599 2661 re
1627 2607 1843 2661 trahen-

250 2700 371 2753 tlos.
405 2698 535 2753 Nam
562 2698 860 2753 diaboliens
884 2709 966 2753 est
994 2698 1214 2769 laqueus
1240 2708 1515 2768 peccatum
1544 2700 1667 2754 illud
1698 2701 1839 2770 quod

249 2791 451 2847 nullam
483 2791 637 2845 habet
666 2790 988 2861 voluptatem
1011 2833 1024 2857 ,
1057 2791 1149 2845 sed
1195 2790 1532 2846 solummodo
1567 2791 1840 2850 damnum.

249 2884 386 2939 Nam
421 2883 538 2937 talis
568 2884 727 2936 homo
752 2883 945 2936 malum
976 2884 1027 2937 in
1058 2882 1238 2937 animo
1270 2883 1572 2938 thesaurum
1599 2884 1837 2954 deponit.

248 2975 310 3028 Si
347 2989 474 3027 vero
504 2975 551 3028 is
590 2973 676 3043 qui
707 2988 929 3044 pravum
962 2973 1122 3028 habet
1164 2973 1440 3027 humorem
1468 3015 1481 3039 ,
1517 2975 1567 3027 in
1595 2976 1839 3030 morbum

248 3068 365 3138 ipse
399 3067 621 3130 incidit,
653 3067 818 3119 multo
847 3067 1015 3137 magis
1045 3066 1133 3121 ille
1160 3068 1249 3136 qui
1282 3067 1385 3120 hile
1411 3067 1669 3122 acriorem
1702 3068 1751 3121 in
1781 3083 1840 3123 se

245 3160 541 3230 nequitiam
570 3159 909 3223 tltesaurizat,
941 3169 1176 3215 extrema
1201 3159 1449 3229 patietur,
1469 3159 1590 3229 quia
1620 3174 1837 3229 gravent

244 3252 350 3306 sibi
404 3252 646 3307 morbum
693 3251 914 3321 paravit.
961 3250 1119 3320 quue
1168 3250 1504 3304 manifestum
1545 3260 1626 3304 est
1669 3265 1732 3304 ex
1774 3251 1838 3306 iis

247 3361 371 3413 qua:
403 3346 517 3414 ipse
542 3354 770 3398 eructat.
810 3344 940 3399 Nam
972 3345 1014 3397 si
1055 3344 1188 3398 alios
1238 3353 1383 3398 tanto
1426 3344 1610 3400 dolore
1639 3346 1833 3411 allicit,

241 3438 417 3491 multo
445 3437 609 3508 magis
636 3438 867 3491 animam
898 3453 1049 3493 suam
1081 3437 1168 3491 illa
1200 3439 1516 3506 parientem.
1563 3439 1659 3506 Qui
1690 3439 1834 3493 enint

241 3529 468 3583 insidias
493 3540 662 3602 parat,
695 3531 928 3599 seipsum
952 3529 1181 3599 primum
1202 3530 1425 3583 occidit:
1466 3529 1726 3599 siquidem
1746 3531 1836 3599 qui

242 3623 424 3693 ignem
524 3627 720 3693 calcat,
792 3623 1026 3693 seipsum
1059 3622 1320 3677 comburit
1348 3639 1363 3686 ;
1393 3632 1445 3676 et
1464 3623 1552 3693 qui
1582 3622 1835 3677 adaman-

243 3723 354 3767 tcm
386 3714 628 3781 percutit,
657 3712 755 3767 sibi
785 3713 881 3782 ipsi
915 3723 1288 3768 nocumentum
1313 3714 1485 3782 parit;
1513 3729 1573 3768 ac
1598 3715 1683 3784 qui
1708 3729 1835 3769 cou-

241 3815 326 3859 tra
357 3805 629 3858 stimulum
660 3803 922 3870 calcitrat,
952 3804 1187 3874 seipsnm
1213 3812 1475 3859 cruentat.

154 3962 171 3977 _
314 3895 574 3967 Injuriam
611 3896 872 3967 inferentis
914 3896 1071 3950 multo
1115 3897 1257 3966 pejor
1294 3907 1365 3950 est
1406 3897 1627 3952 conditio
1670 3914 1822 3967 quam

238 3989 501 4056 patientis.
526 3987 830 4042 Etenim
859 3987 946 4058 qui
980 3987 1138 4042 laesus
1168 3988 1375 4043 fortiter
1415 3988 1659 4059 injuriam
1693 3991 1831 4046 ferre

239 4080 415 4141 novit,
444 4079 490 4132 is
515 4088 598 4133 est
622 4078 863 4146 adamas,
906 4079 1154 4157 stimulus
1184 4089 1236 4133 et
1268 4079 1400 4149 ignis
1435 4098 1447 4133 :
1478 4083 1565 4151 qui
1598 4096 1725 4135 vero
1752 4083 1833 4135 in-

232 4175 432 4243 juriam
463 4172 604 4226 ferre
634 4172 938 4234 meditatur,
963 4172 1073 4226 luto
1096 4171 1413 4227 imbecillior
1441 4183 1541 4228 est.
1564 4174 1681 4229 Non
1703 4190 1831 4244 ergo

234 4265 434 4331 injuria
463 4264 605 4318 allici
653 4264 849 4319 malum
894 4275 997 4328 est,
1039 4266 1134 4319 sed
1184 4265 1430 4334 injuriam
1464 4266 1679 4329 inferre,
1733 4282 1831 4321 nec

233 4372 403 4428 posse
459 4356 708 4425 injuriam
764 4355 925 4411 ferre.
969 4356 1239 4423 Quantum
1290 4357 1451 4411 lazsus
1492 4367 1575 4413 est
1627 4358 1831 4412 David?

231 4449 507 4517 Quantum
547 4449 686 4503 Iussit
730 4448 896 4503 Saul?
942 4449 1072 4517 Quis
1118 4464 1246 4519 ergo
1292 4448 1477 4503 fortior
1523 4450 1831 4520 beatiorque

232 4544 380 4598 fuit?
410 4544 528 4613 quis
575 4543 859 4598 miserior?
888 4543 1073 4597 Nonne
1114 4544 1157 4597 is
1203 4545 1291 4613 qui
1322 4545 1496 4598 lresit?
1535 4544 1667 4600 Rem
1703 4561 1830 4600 vero

234 4635 533 4705 perpende.
567 4635 846 4689 Pollicitus
892 4645 974 4689 est
1015 4635 1142 4690 Saftl
1190 4636 1235 4690 si
1279 4635 1445 4690 David
1476 4636 1827 4706 alienigenam

231 4731 497 4796 vinceret,
538 4746 597 4785 se
628 4731 797 4798 ipsum
831 4730 884 4783 in
923 4744 1178 4799 generum
1219 4740 1635 4797 assumpturmn,
1675 4746 1735 4784 ac
1766 4729 1828 4784 li

230 4826 365 4879 Iiam
409 4840 563 4879 suam
621 4824 695 4877 illi
753 4823 1106 4878 libentissime
1152 4822 1401 4877 datttrunt
1459 4824 1550 4893 (I.
1587 4825 1709 4895 Reg.
1737 4825 1821 4879 I7.

228 4928 281 4973 et
312 4916 427 4987 18).
463 4916 828 4986 Alienigenam
862 4916 949 4968 ille
976 4913 1173 4969 occidit
1205 4916 1369 4970 :Saitl
1389 4930 1514 4969 vero
1539 4926 1687 4984 pacta
1710 4916 1825 4969 vio-

228 5012 367 5068 lavit
390 5028 404 5067 :
432 5026 531 5065 nec
553 5008 714 5064 modo
737 5024 842 5063 non
872 5008 1018 5062 dedit
1050 5008 1212 5061 liliam
1234 5005 1331 5079 (a),
1356 5007 1448 5062 sed
1482 5022 1666 5062 necem
1693 5024 1827 5077 quo-

225 5119 340 5175 que
383 5103 482 5174 ipsi
525 5102 951 5157 machinabatur.
995 5100 1128 5168 Quis
1171 5115 1298 5168 ergo
1326 5098 1652 5168 splendidior
1693 5100 1827 5153 fuit?

226 5199 429 5251 Annon
459 5194 549 5248 ille
575 5208 806 5249 maerore
833 5192 997 5247 animi
1041 5200 1095 5246 et
1120 5205 1286 5261 pravo
1311 5190 1555 5244 daamone
1598 5189 1827 5245 sulioca-

228 5288 414 5354 batur,
460 5286 549 5341 hic
583 5300 713 5341 vero
746 5285 960 5355 tropaeis
1004 5293 1057 5338 et
1086 5283 1252 5354 gratia
1298 5282 1472 5337 divina
1505 5283 1623 5353 plus
1666 5298 1823 5353 quam

294 5530 369 5589 ()
405 5530 543 5591 Atqui
563 5528 700 5591 dedit
717 5525 885 5576 Micbol
908 5526 1050 5591 filiam
1070 5538 1208 5591 suam
1230 5529 1277 5574 in
1298 5527 1577 5587 eonjugeut.
1596 5524 1688 5591 sed
1707 5532 1826 5591 puto

225 5587 633 5655 Citrjsostomnnt
647 5589 725 5655 hic
744 5602 949 5655 pro_non
968 5589 1081 5655 data
1099 5588 1285 5655 habere
1320 5600 1446 5655 eam,
1461 5602 1578 5655 gnte
1598 5587 1827 5655 simulate

229 5648 421 5703 tantum
461 5652 575 5703 data
610 5650 718 5710 fuit,
839 5650 931 5699 hoc
965 5648 1171 5699 allectus
1200 5648 1439 5698 benecio
1460 5648 1613 5698 David
1639 5648 1825 5702 facilius

226 5717 847 5772 obtruncaretur.\ide
873 5720 1047 5768 Adnot.
1075 5718 1232 5769 i'ield.
1258 5718 1319 5769 ad
1340 5730 1454 5782 pag.
1484 5716 1593 5765 454.

1227 279 1290 335 IN
1779 280 2007 337 IIOMIL.
2052 283 2210 339 XLII.
2251 285 2323 339 al.
2368 286 2547 342 XLIII.

3445 295 3546 350 454

1962 397 2041 451 sol
2063 397 2379 467 Splendebat
2395 401 2418 453 ?
2437 400 2642 456 Rursus
2664 402 2803 457 circa
2828 401 3107 461 mulierum
3125 403 3345 460 chorum
3370 422 3547 463 nonne

1960 487 2049 542 ille
2091 489 2287 545 invidia
2317 490 2722 559 prtefocabatur,
2768 492 2857 547 hic
2900 494 3113 549 silentio
3140 496 3318 551 ferens
3343 500 3543 565 omnia,

1956 593 2144 635 omnes
2173 583 2409 647 attraxit,
2441 583 2651 654 sibique
2670 584 2983 651 conjunxit?
3011 585 3145 639 Cum
3171 598 3348 643 autem
3384 590 3545 644 David

1957 669 2105 726 illum
2134 687 2242 741 pra:
2270 674 2516 730 manibus
2541 674 2743 739 habuit,
2762 676 2967 746 ipsique
2992 680 3252 747 pepercit,
3280 682 3397 750 quis
3425 699 3544 735 rur-

1957 776 2073 816 sum
2104 764 2288 818 bcatus
2316 775 2451 829 erat,
2494 767 2613 836 quis
2643 767 2843 822 miser?
2871 768 2990 837 quis
3033 769 3389 825 imbecillior?
3427 773 3543 842 quis

1957 852 2178 908 fortior?
2194 855 2380 911 Nonne
2400 858 2584 921 David,
2604 858 2693 928 qui
2709 859 2855 912 illum
2882 874 2984 913 non
3002 860 3146 915 ultus
3163 871 3263 925 est,
3279 863 3381 917 etsi
3401 864 3543 933 juste

1957 947 2171 1015 posset?
2200 947 2264 1000 Et
2287 947 2408 1017 jure
2436 948 2670 1018 quidem.
2696 949 2825 1003 Nam
2850 950 2939 1005 ille
2965 961 3199 1006 armatos
3226 954 3421 1008 milites
3452 955 3545 1008 ha-

1956 1035 2135 1103 bebat,
2184 1038 2269 1093 hic
2295 1040 2554 1109 justitiam
2606 1042 2872 1096 sexcentis
2901 1043 3225 1098 exercitibus
3270 1045 3542 1100 fortiorem

1955 1132 2344 1187 auxiliatricem
2372 1133 2577 1187 habuit.
2622 1134 2853 1205 Ideoque
2877 1135 3082 1190 insidiis
3110 1137 3303 1207 injuste
3335 1140 3546 1209 impeti-

1956 1228 2061 1286 tus,
2096 1222 2321 1291 nejuste
2360 1223 2573 1293 quidem
2603 1224 2767 1278 voluit
2797 1224 3002 1279 hostem
3032 1228 3293 1282 occidere.
3331 1229 3545 1285 Sciebat

1954 1315 2095 1368 enim
2125 1330 2188 1370 ex
2225 1316 2288 1369 iis
2322 1332 2439 1386 quat
2470 1326 2593 1372 ante
2628 1318 2951 1383 acciderant,
2983 1336 3087 1372 non
3130 1336 3249 1373 cum
3283 1322 3369 1390 qui
3404 1322 3543 1376 ntale

1953 1402 2099 1471 facit,
2143 1405 2236 1461 sed
2264 1422 2384 1461 eum
2415 1409 2505 1477 qui
2547 1410 2685 1464 male
2717 1411 2933 1479 patitur,
2982 1411 3207 1465 evadere
3240 1411 3537 1467 fortiorem.

1951 1497 2104 1562 Quod
2132 1507 2188 1551 et
2234 1500 2286 1552 in
2329 1500 2644 1568 corporibus
2692 1511 2746 1554 et
2798 1502 2848 1554 in
2889 1501 3171 1555 arboribus
3210 1502 3394 1558 videre
3435 1514 3537 1558 est.

1951 1587 2088 1656 Quid
2113 1604 2240 1658 ergo
2264 1589 2466 1644 Jacob?
2492 1606 2668 1645 annon
2695 1593 2852 1646 Izesus
2882 1604 2962 1646 est
2990 1608 3019 1647 a
3048 1593 3283 1657 Labano,
3310 1604 3362 1649 et
3401 1597 3541 1651 male

1952 1696 2141 1751 passus
2168 1684 2292 1737 est?
2325 1683 2455 1751 Quis
2484 1700 2611 1753 ergo
2651 1684 2880 1740 fortior?
2915 1701 2981 1739 an
3012 1687 3056 1740 is
3080 1687 3168 1755 qui
3197 1690 3339 1757 cepit
3368 1689 3537 1756 illum,

1950 1789 2051 1829 nec
2077 1791 2238 1831 ausus
2264 1787 2346 1830 est
2387 1786 2623 1847 tangere,
2655 1777 2749 1831 sed
2780 1778 2954 1832 timuit
2984 1794 3045 1833 ac
3076 1780 3309 1843 tremuit,
3342 1798 3408 1835 an
3452 1783 3540 1837 hic

1949 1865 2039 1935 qui
2064 1866 2180 1920 sine
2218 1867 2381 1920 armis
2406 1882 2469 1921 ac
2499 1868 2751 1922 militibus
2782 1870 2901 1938 plus
2929 1869 3005 1923 illi
3036 1869 3389 1927 formidabilis
3418 1872 3535 1941 fuit,

1948 1971 2106 2025 quam
2135 1971 2286 2027 reges
2318 1957 2462 2012 mille
2491 1956 2749 2012 fuissent?

2021 2050 2073 2104 5.
2117 2048 2455 2118 Con/irmatur
2482 2051 2654 2104 cadent
2704 2052 2874 2106 thesis.
2909 2051 3044 2106 Vitia
3072 2057 3312 2124 proximi,
3346 2058 3539 2113 etiamsi

1947 2155 2083 2205 vera,
2113 2157 2211 2194 non
2240 2142 2527 2196 revelnnda.
2558 2142 2783 2197 Examen
2814 2146 3152 2200 conscientiae.
3278 2148 3348 2203 Ut
3371 2150 3538 2217 majo-

1948 2249 2059 2288 rem
2111 2246 2287 2289 autent
2341 2235 2602 2290 dictorum
2651 2236 3166 2294 demoostrationem
3210 2242 3360 2296 vobis
3402 2259 3539 2313 prato

1949 2324 2122 2387 beam,
2164 2325 2230 2379 ad
2272 2326 2441 2396 ipsum
2491 2329 2679 2382 iterum
2726 2329 2912 2397 David,
2944 2331 3036 2386 sed
3076 2334 3347 2389 contrario
3375 2336 3535 2389 modo

1946 2426 2261 2486 spectatum,
2295 2433 2597 2474 sermonem
2625 2431 3021 2477 convertamus.
3050 2423 3180 2478 Nam
3213 2426 3299 2480 hic
3327 2428 3414 2497 qui
3446 2429 3537 2482 i113-

1946 2521 2038 2561 sus
2080 2509 2374 2576 prscvaluit,
2424 2524 2546 2563 cum
2590 2511 2724 2565 Iussit
2764 2521 2969 2582 postea,
3010 2515 3329 2571 imbecillior
3370 2517 3537 2575 factus

1945 2610 2044 2654 est.
2076 2600 2300 2668 Quando
2329 2602 2489 2672 igitur
2516 2602 2697 2658 Uriam
2742 2604 2899 2671 laesit,
2934 2614 3170 2661 mutatus
3193 2619 3274 2663 est
3300 2611 3452 2675 ordo,
3484 2622 3537 2667 et

1947 2692 2282 2749 imbecillitas
2328 2696 2379 2750 in
2430 2696 2750 2763 laedentem,
2803 2700 2972 2753 virtus
3018 2712 3195 2756 autem
3247 2704 3298 2757 in
3350 2705 3535 2761 Izesnm

1946 2786 2191 2841 transivit
2238 2788 2313 2860 (2.
2343 2788 2471 2860 Reg.
2501 2791 2591 2861 )
2622 2809 2636 2844 :
2665 2806 2789 2846 nam
2839 2804 3081 2848 mortuus
3122 2795 3273 2850 Urias
3315 2798 3535 2854 Davidis

1944 2876 2161 2931 domum
2191 2880 2464 2949 expilavit.
2494 2880 2561 2935 Et
2600 2881 2685 2937 hic
2710 2882 2925 2951 quidem
2955 2898 3073 2938 cum
3112 2902 3204 2940 rex
3233 2896 3286 2941 et
3318 2888 3369 2941 itt
3399 2890 3533 2944 vivis

1944 2977 2108 3035 esset,
2141 2970 2270 3024 nihil
2294 2973 2465 3042 potuit
2489 2989 2504 3036 ;
2540 2973 2628 3028 ille
2654 2988 2785 3029 vero
2805 2989 2925 3029 cum
2954 2976 3106 3031 miles
3132 2988 3291 3048 atque
3317 2980 3535 3036 interfe-

1944 3071 2060 3117 ctus
2087 3073 2250 3126 esset,
2281 3066 2425 3119 illius
2447 3069 2625 3121 omnia
2653 3069 2933 3123 subvertit.
2966 3069 3206 3126 antisne
3236 3081 3295 3127 ut
3320 3075 3534 3131 aliunde

1944 3169 2056 3208 rem
2089 3156 2235 3209 vobis
2255 3156 2535 3211 clariorem
2561 3158 2834 3213 el'lieiam?
2862 3160 3217 3230 Exploremus
3238 3177 3334 3219 eos
3358 3167 3447 3235 qui
3472 3183 3532 3221 se

1943 3246 2177 3316 legitime
2205 3248 2299 3301 ulti
2330 3259 2475 3302 sunt.
2506 3249 2637 3303 Nam
2674 3265 2788 3317 eos,
2818 3252 2905 3322 qui
2938 3252 3133 3321 injuste
3162 3255 3382 3321 Itedunt,
3411 3271 3530 3312 om-

1943 3338 2087 3391 nium
2120 3353 2238 3393 esse
2268 3340 2575 3405 vilissimus,
2604 3341 2696 3411 qui
2727 3343 2959 3396 animam
3001 3358 3153 3398 suam
3183 3346 3395 3414 hedant,
3431 3364 3530 3403 ne-

1942 3431 2069 3483 mini
2112 3446 2216 3485 non
2246 3433 2418 3501 palam
2450 3442 2550 3487 est.
2590 3432 2783 3487 Verum
2822 3436 2939 3504 quis
2970 3451 3030 3491 se
3047 3437 3196 3505 juste
3245 3440 3384 3493 ultus
3421 3452 3526 3506 est,

1942 3522 2326 3592 innumeraqne
2350 3524 2602 3578 excitavit
2628 3525 2790 3589 mala,
2814 3526 3099 3597 multisque
3129 3529 3362 3597 seipsum
3385 3531 3530 3584 cala-

1941 3615 2213 3670 mitatibus
2257 3616 2638 3686 doloribusque
2670 3618 2927 3673 involvit?
2958 3619 3172 3676 Davidis
3198 3621 3523 3695 dux(loab).

1941 3707 2037 3763 llic
2062 3709 2205 3763 enim
2233 3723 2398 3779 grave
2426 3709 2622 3763 bellum
2651 3712 2956 3786 concitavit,
2990 3724 3044 3768 et
3092 3714 3367 3770 innumera
3402 3732 3525 3786 pas-

1938 3815 2031 3856 sus
2056 3810 2140 3856 est
2167 3802 2325 3867 mala,
2359 3818 2581 3872 quorum
2611 3819 2679 3860 ne
2710 3820 2874 3859 unum
2903 3807 3117 3876 quidem
3144 3808 3451 3875 accidisset,
3481 3813 3525 3864 si

1940 3890 2055 3961 ipse
2082 3892 2326 3947 scivisset
2363 3893 2749 3963 philosomtari.
2797 3894 3086 3965 Fugiamus
3128 3898 3303 3968 itaque
3335 3914 3524 3968 pecca-

1939 3993 2050 4038 tum
2088 3984 2219 4038 illnd
2251 4003 2264 4036 :
2294 4000 2357 4040 ac
2383 4001 2482 4040 nec
2509 3988 2708 4051 verbis,
2735 4003 2833 4044 nec
2859 3988 3011 4045 factis
3051 3992 3295 4060 proximo
3335 4008 3527 4048 nocea-

1938 4090 2077 4133 mus.
2105 4076 2288 4148 Neque
2318 4079 2461 4134 enim
2488 4079 2641 4146 dixit,
2692 4080 2750 4136 Si
2792 4085 3131 4139 accusaveris
3159 4095 3213 4140 et
3232 4086 3320 4155 jus
3348 4087 3528 4144 dicere

1937 4169 2293 4239 eompuleris;
2320 4170 2411 4225 sed
2446 4172 2784 4240 simpliciter,
2813 4173 2865 4228 Si
2897 4174 3034 4228 male
3061 4174 3283 4241 dixeris,
3316 4178 3525 4233 etiamsi

1938 4262 2186 4326 seorsim,
2231 4272 2500 4317 extremas
2526 4262 2679 4317 dabis
2712 4278 2919 4334 pinnas.
2955 4266 3175 4320 Etiamsi
3219 4268 3267 4321 id
3297 4270 3437 4339 quod
3472 4281 3526 4327 tu

1936 4352 2068 4406 dicis
2089 4367 2272 4407 verum
2301 4354 2388 4419 sil,
2418 4354 2623 4408 etiamsi
2648 4370 2711 4409 ea
2740 4355 2807 4409 de
2830 4371 2890 4410 re
2920 4372 3207 4426 persuasus
3237 4362 3310 4414 sis
3333 4363 3373 4427 ,
3409 4378 3521 4431 pte-

1937 4458 2033 4497 nas
2060 4453 2236 4499 tamen
2264 4444 2434 4498 dabis.
2467 4445 2581 4499 Non
2610 4447 2751 4500 enim
2779 4462 2842 4501 ex
2876 4449 2940 4503 iis
2982 4464 3100 4517 qua:
3130 4451 3219 4505 ille
3247 4451 3390 4518 fecit,
3430 4455 3523 4509 sed

1935 4553 2000 4592 ex
2028 4539 2092 4591 iis
2114 4554 2233 4608 qua:
2262 4547 2317 4592 tu
2345 4538 2546 4603 dixisti,
2574 4540 2895 4595 sententiam
2928 4543 3066 4597 feret
3093 4545 3228 4599 Deus
3255 4562 3268 4599 :
3297 4544 3436 4599 Nam
3464 4565 3526 4602 ea:

1934 4631 2093 4684 verbis
2135 4631 2232 4684 tuis
2276 4630 2705 4698 condemnaberis,
2752 4633 2940 4703 inquit.
2983 4634 3099 4689 Non
3139 4637 3293 4692 anilis
3340 4638 3526 4696 Phari-

1934 4736 2099 4775 szeum
2129 4738 2252 4777 vera
2277 4723 2550 4793 loquututn
2578 4740 2718 4789 esse,
2754 4727 3107 4798 omnibusque
3135 4739 3279 4795 nota,
3310 4748 3409 4787 nec
3430 4748 3523 4788 oc-

1934 4814 2076 4869 culta
2114 4816 2420 4871 revelasse?
2462 4816 2569 4872 Sed
2617 4827 2797 4874 tamen
2829 4828 3100 4875 extremas
3126 4822 3274 4877 dedit
3316 4838 3521 4893 pinnas.

1934 4904 1992 4959 Si
2021 4921 2147 4960 vero
2171 4904 2238 4960 de
2268 4906 2332 4961 iis
2356 4922 2472 4976 quae
2493 4910 2777 4979 perspicua
2797 4920 2925 4964 sunt
2954 4926 3058 4965 non
3090 4913 3213 4967 licet
3242 4929 3519 4981 occursare.

1934 4998 2101 5052 tnulto
2144 4999 2322 5053 minus
2365 4999 2434 5054 de
2477 5000 2693 5056 dubiis:
2725 5016 2846 5055 nam
2887 5002 3120 5070 judiccm
3153 5003 3312 5058 habet
3350 5006 3395 5059 is
3433 5009 3523 5076 qui

1933 5090 2197 5157 peccavit.
2226 5089 2305 5145 Ne
2346 5092 2622 5160 praeripias
2651 5106 2781 5162 ergo
2810 5092 3078 5163 Unigeniti
3125 5098 3519 5153 auctoritatem.

1936 5181 2013 5235 Illi
2041 5181 2233 5236 solium
2261 5182 2445 5251 judicii
2477 5194 2804 5238 reservatum
2845 5196 2946 5238 cst.
2990 5183 3094 5239 Sed
3139 5186 3218 5240 vis
3240 5187 3522 5257 judicare?

1933 5274 2029 5329 Est
2057 5274 2149 5328 tibi
2174 5274 2454 5344 judicium,
2483 5274 2708 5328 mttltum
2734 5286 2993 5344 qttzestunt
3024 5278 3289 5345 pratbens,
3312 5292 3366 5335 et
3393 5284 3520 5338 nulli

1931 5364 2219 5419 obnoxium
2249 5367 2483 5421 crimini.
2513 5366 2568 5420 In
2614 5367 2937 5422 conscientia
2972 5377 3060 5424 tua
3105 5372 3369 5428 rationem
3409 5387 3520 5429 Sta-

1933 5468 2023 5514 tue
2042 5458 2391 5530 judicantem,
2421 5462 2472 5515 in
2518 5461 2858 5532 mediumque
2884 5462 3058 5520 adduc
3087 5466 3268 5522 omnia
3298 5478 3514 5538 peccata

1934 5560 2040 5606 tua.
2088 5553 2294 5607 Anima:
2341 5562 2443 5608 tua:
2472 5562 2690 5624 peccata
2734 5556 3009 5625 examina,
3060 5569 3247 5615 exacte
3287 5561 3518 5618 rationes

2048 5714 2233 5778 Morel.,
2255 5715 2410 5767 Etiam
2431 5713 2474 5767 si
2496 5713 2584 5768 tibi
2602 5716 2783 5771 dicenti
2813 5731 2904 5771 non
2926 5719 3165 5773 creditum
3189 5719 3268 5774 sit.
