3900 6194
405 211 512 270 455

403 335 588 398 repete
609 333 665 382 ct
683 325 770 382 die
793 344 807 380 :
832 325 939 385 Cur
965 324 1067 381 hoc
1093 325 1274 381 ethoc
1305 340 1465 382 ausus
1489 325 1583 381 es?
1613 325 1671 381 Si
1696 325 1812 380 haec
1831 339 1986 380 recu-

401 426 502 484 sel,
537 425 592 474 et
620 417 846 473 aliorum
870 416 1009 472 facta
1037 418 1298 488 exploret,
1326 417 1414 474 dic
1437 417 1512 473 illi
1542 436 1556 473 :
1581 417 1698 473 Non
1726 417 1793 473 de
1823 417 1906 472 his
1935 425 1986 474 te

400 509 602 578 judico,
631 525 729 566 nec
756 510 824 566 de
867 509 950 564 his
981 519 1086 565 tete
1112 526 1340 582 purgare
1365 511 1550 566 debes.
1579 510 1717 580 Quid
1743 513 1886 565 enim
1915 511 1983 566 ad

403 610 457 655 te
484 601 528 655 si
572 601 664 656 ille
701 601 874 656 malus
901 602 1018 657 est?
1046 601 1128 657 Tu
1154 617 1318 672 quare
1345 602 1450 657 hoc
1470 609 1524 656 et
1548 600 1679 656 illud
1707 603 1984 670 peccasti?

403 692 644 748 Defende
687 700 757 758 te,
808 709 874 748 ne
901 708 1161 750 accuses:
1191 710 1307 765 qua:
1337 695 1405 750 ad
1445 705 1496 750 te
1535 705 1778 766 spectant
1803 711 1977 762 cures,

401 797 509 836 non
545 782 740 838 aliena.
780 783 1040 854 Saepeque
1078 785 1222 839 illam
1269 786 1319 839 in
1366 785 1501 839 hanc
1530 787 1980 842 concertationem

400 876 592 932 deduc.
641 877 864 944 Deinde,
911 878 955 932 si
988 878 1117 932 nihil
1160 877 1591 947 respondendum
1636 878 1851 946 habeat,
1885 879 1979 934 sed

397 968 786 1039 subterfugiat;
821 969 963 1024 illam
994 969 1220 1040 ﬂagellis
1254 969 1422 1037 ccede,
1453 971 1592 1025 sicut
1616 972 1861 1027 ancillam
1889 987 1980 1027 sn-

395 1061 615 1128 perbam
647 1070 701 1117 et
729 1064 1088 1127 meretricem,
1116 1069 1170 1117 et
1191 1061 1292 1116 hoc
1312 1062 1548 1130 quotidie
1563 1062 1820 1131 judicium
1852 1078 1980 1117 con-

389 1154 555 1208 stitue
591 1171 605 1208 :
636 1153 881 1209 describe
918 1152 1134 1208 fluvium
1182 1154 1412 1224 igneum,
1458 1169 1695 1210 vermem
1741 1170 1975 1210 veneno-

393 1259 534 1306 snm,
565 1245 776 1314 aliaque
816 1252 1078 1299 tormenta
1116 1262 1128 1297 :
1163 1259 1262 1299 nec
1307 1244 1452 1298 sinas
1490 1259 1608 1300 eam
1635 1244 1828 1299 deinde
1853 1260 1973 1300 cum

392 1337 604 1392 diabolo
630 1337 796 1402 coire,
841 1352 940 1392 nec
971 1336 1111 1391 feras
1143 1336 1478 1406 impudenter
1516 1337 1593 1392 sic
1621 1336 1926 1407 loquentem
1957 1356 1971 1394 :

392 1428 489 1483 llic
525 1427 590 1482 ad
624 1443 710 1484 me
737 1427 899 1491 venit,
948 1428 1040 1483 ille
1069 1428 1292 1483 insidias
1320 1432 1498 1495 struit,
1527 1429 1614 1484 ille
1657 1444 1743 1492 me
1769 1437 1970 1496 tentat;

389 1520 484 1575 sed
507 1520 590 1575 dic
613 1519 687 1574 illi
708 1537 720 1574 :
741 1518 794 1575 Si
819 1529 872 1574 tu
897 1519 1150 1582 nolueris,
1177 1521 1262 1574 illa
1289 1520 1470 1574 omnia
1496 1519 1762 1590 superﬂua
1789 1528 1967 1575 erunt.

386 1613 440 1667 Si
474 1628 685 1668 rursum
730 1612 940 1676 dixerit,
973 1613 1197 1683 Corpori
1226 1615 1469 1684 colligata
1509 1629 1647 1676 sum,
1680 1629 1844 1670 carne
1885 1615 1965 1668 in-

385 1703 534 1770 duta,
571 1703 624 1758 in
653 1703 849 1774 mundo
877 1718 1018 1768 sum,
1065 1705 1116 1758 in
1162 1713 1300 1759 terra
1329 1720 1517 1761 versor
1545 1723 1558 1758 :
1589 1705 1676 1760 die
1703 1706 1812 1759 illi:
1845 1706 1967 1762 llum

385 1794 563 1850 omnia
590 1794 840 1850 obtentus
865 1803 1007 1850 sunt.
1039 1794 1174 1850 Nam
1203 1795 1290 1849 ille
1314 1804 1484 1850 'carne
1511 1794 1848 1862 induebatur,
1879 1797 1968 1854 ille

386 1887 438 1940 in
485 1885 687 1942 mundo
725 1897 781 1941 et
818 1887 870 1941 in
899 1895 1038 1941 terra
1067 1901 1286 1942 versans
1313 1887 1572 1957 pr:eclare
1602 1888 1773 1941 vixit:
1807 1898 1860 1942 et
1910 1899 1965 1943 tu

374 1993 614 2050 quoque,
642 1993 763 2034 cum
791 1987 936 2034 recte
962 1979 1098 2049 agis,
1127 1993 1286 2034 carne
1311 1994 1370 2034 es
1397 1979 1599 2034 induta.
1639 1979 1694 2035 Si
1726 1979 1838 2035 haec
1868 1995 1961 2035 au-

371 2071 534 2126 diens
557 2080 802 2142 angatur,
833 2086 900 2125 ne
927 2069 1212 2125 subtrahas
1240 2085 1454 2124 manum
1487 2089 1500 2124 :
1532 2085 1638 2125 non
1673 2072 1813 2126 enim
1844 2087 1962 2127 mo-

373 2161 571 2228 rietur,
592 2161 637 2215 si
661 2161 1013 2230 percusseris,
1036 2161 1146 2216 imo
1175 2161 1320 2216 illam
1347 2176 1376 2216 a
1403 2170 1574 2216 morte
1606 2161 1876 2218 liberabis.
1906 2162 1962 2219 Si

383 2267 594 2306 rursum
632 2252 849 2316 dixerit,
890 2251 984 2307 llle
1012 2267 1097 2308 me
1145 2252 1392 2320 irritavit,
1434 2252 1522 2309 dic
1552 2253 1624 2308 illi
1657 2253 1804 2309 :Sed
1842 2254 1964 2310 licet

371 2343 473 2398 tibi
499 2357 604 2397 non
635 2343 869 2409 irritari;
901 2357 1044 2414 saepe
1072 2343 1214 2398 enim
1245 2343 1378 2398 iram
1407 2345 1694 2414 superasti.
1724 2344 1782 2399 Si
1807 2344 1962 2401 dixe-

379 2437 466 2500 rit,
509 2435 656 2492 Illius
699 2435 913 2492 femina:
962 2438 1296 2508 pulclu'itudo
1340 2456 1426 2494 me
1465 2441 1830 2506 inﬂammavit,
1875 2441 1962 2498 dic
2028 2496 2032 2500 .

369 2529 448 2584 illi
478 2547 492 2583 :
522 2529 626 2586 Sed
653 2540 868 2601 poteras
897 2531 999 2588 hoc
1027 2546 1302 2603 superare.
1331 2533 1478 2590 Ad'er
1500 2535 1746 2606 exempla
1773 2550 1959 2592 eorum
2009 2609 2014 2614 _

368 2622 465 2692 qui
495 2621 549 2677 id
577 2624 957 2693 superarunt‘,
985 2622 1119 2680 affer
1143 2625 1446 2696 exemplum
1477 2626 1663 2697 prima:
1697 2628 1956 2696 mulieris,

371 2731 494 2785 qua:
521 2715 677 2784 dixit,
723 2715 946 2788 Serpens
984 2718 1177 2789 decepit
1224 2735 1303 2773 me
1332 2718 1484 2791 (Gen.
1511 2720 1565 2775 5.
1597 2719 1712 2790 15),
1741 2735 1841 2777 nec
1881 2729 1960 2777 ta-

370 2822 496 2863 men
526 2807 750 2864 crimine
775 2808 942 2865 libera
968 2809 1085 2864 fuit.

443 2901 498 2956 4.
524 2900 664 2957 Cum
693 2900 809 2957 haec
833 2902 1081 2973 inquiris,
1107 2919 1266 2960 nemo
1285 2904 1446 2973 adsit,
1470 2920 1628 2961 nemo
1654 2907 1954 2976 perturbet,

367 2992 466 3048 sed
493 2992 938 3063 quemadmodum
977 2994 1183 3064 indices
1213 3011 1352 3067 pone
1376 2999 1551 3053 velum
1589 2997 1843 3054 sedentes
1870 2999 1957 3069 ju-

367 3083 552 3138 dicant
581 3080 675 3156 (α),
707 3085 784 3140 sic
804 3095 858 3141 et
891 3095 943 3139 tu
972 3101 1069 3156 pro
1091 3086 1208 3141 velo
1235 3095 1444 3159 tempus
1471 3098 1522 3144 et
1556 3089 1730 3144 locum
1761 3089 1955 3160 quietis

367 3191 568 3247 quaere.
597 3175 730 3233 Cum
758 3185 879 3248 post
905 3193 1114 3235 caenam
1142 3181 1314 3250 surgis
1339 3222 1354 3246 ,
1383 3191 1436 3236 et
1463 3182 1661 3236 lectum
1694 3183 1954 3252 petiturus

369 3286 460 3336 es,
505 3270 609 3327 hoc
647 3271 904 3341 judicium
952 3271 1100 3328 ineas
1131 3290 1146 3326 :
1178 3273 1280 3329 hoc
1312 3282 1521 3345 tempus
1559 3275 1804 3330 idoneum
1829 3285 1949 3332 est:

369 3363 518 3418 locus
547 3377 676 3418 vero
713 3361 883 3419 lectus
906 3372 990 3418 est
1017 3374 1071 3420 et
1097 3363 1378 3421 thalamus.
1423 3366 1551 3420 Illud
1596 3375 1650 3420 et
1692 3366 1952 3442 propheta

367 3454 544 3524 iussit,
571 3454 756 3511 dicens
785 3473 799 3510 :
831 3455 960 3524 Quae
984 3455 1152 3512 dicitis
1176 3457 1228 3511 in
1256 3456 1491 3512 cordibus
1520 3459 1714 3524 vestris,
1740 3458 1792 3512 in
1814 3459 1953 3512 cubi-

367 3547 496 3602 libus
514 3548 689 3602 vestris
707 3549 1101 3618 cempungimini
1118 3546 1287 3620 (Psal.
1302 3549 1355 3604 4.
1378 3549 1454 3620 5).
1478 3550 1768 3606 Parvarum
1791 3551 1950 3606 etiam

365 3654 543 3694 rerum
567 3654 786 3711 magnas
816 3642 1048 3696 rationes
1073 3641 1247 3712 exige,
1275 3656 1344 3696 ne
1365 3658 1612 3712 umquam
1636 3643 1704 3696 ad
1731 3658 1951 3713 magnas

365 3746 452 3787 res
478 3731 722 3787 accedas.
745 3730 801 3788 Si
831 3731 933 3786 hoc
954 3732 1192 3802 quotidie
1221 3733 1434 3799 feceris,
1461 3748 1582 3789 cum
1622 3735 1813 3789 fiducia
1842 3744 1950 3790 sta-

364 3823 447 3878 bis
474 3833 602 3880 ante
622 3823 856 3879 tribunal
883 3824 1012 3880 illud
1043 3809 1298 3882 terribile;
1329 3825 1418 3882 Sic
1447 3827 1643 3882 Paulus
1673 3843 1836 3898 purus
1863 3827 1946 3884 ef-

366 3916 535 3972 fectus
557 3925 677 3983 est;
709 3917 830 3973 ideo
857 3917 1069 3974 dicebat
1099 3937 1113 3972 :
1147 3917 1210 3974 Si
1228 3921 1556 3990 nosmetipsos
1571 3923 1943 3992 judicaremus,

363 4025 462 4062 non
493 4010 660 4080 utique
683 4009 1031 4078 iudicaremur
1060 4011 1078 4080 (
1105 4011 1156 4065 1.
1187 4010 1306 4066 Cor.
1341 4013 1427 4066 11.
1479 4013 1540 4068 51
1559 4012 1604 4083 ).
1632 4012 1720 4070 Sic
1748 4013 1850 4068 Job
1881 4014 1946 4068 li-

363 4102 465 4156 lios
485 4116 612 4157 suos
640 4103 894 4172 purgabat
938 4102 1080 4172 (Job.
1114 4105 1166 4158 Ι.
1190 4101 1285 4175 5).
1315 4103 1447 4158 Nam
1475 4106 1565 4175 qui
1598 4120 1694 4175 pro
1723 4105 1947 4162 occultis

361 4193 618 4250 sacrilicia
645 4193 924 4261 offerebat,
954 4195 1121 4251 multo
1147 4197 1318 4265 magis
1347 4211 1444 4265 pro
1469 4195 1766 4252 manifestis
1785 4199 1948 4252 ratio-

361 4303 458 4344 nes
482 4288 785 4358 expetebat.
829 4291 898 4344 At
935 4304 1034 4346 nos
1059 4305 1166 4345 non
1207 4292 1291 4345 ita'
1319 4290 1577 4358 facimus;
1602 4292 1694 4347 sed
1725 4292 1946 4346 omnino

359 4395 533 4437 secus.
562 4380 735 4437 Simul
755 4383 897 4437 enim
924 4392 1084 4453 atque
1111 4383 1500 4452 decumbimus,
1531 4385 1812 4441 saecularia
1830 4400 1946 4438 om-

361 4472 449 4528 nia
475 4472 528 4526 in
552 4479 733 4527 mente
755 4487 1032 4528 versamus
1055 4489 1071 4540 ;
1098 4481 1155 4528 et
1171 4473 1263 4528 alii
1289 4473 1503 4544 quidem
1531 4474 1766 4546 impurus
1793 4475 1942 4546 cogi.

421 4631 436 4661 ί
475 4636 601 4695 inec,
622 4629 747 4695 an’er
771 4630 994 4694 exempla
1033 4643 1200 4682 eorum
1220 4629 1306 4694 qui
1335 4630 1388 4682 id
1432 4638 1739 4695 superarunt,
1763 4631 1944 4683 desunt

349 4689 404 4739 in
426 4689 716 4756 (sumundum
738 4697 847 4756 Mss.

419 4753 495 4818 (ὰ)
512 4755 724 4818 dedicet;
743 4753 861 4803 olim
880 4766 1012 4816 pone
1028 4753 1194 4805 velum
1215 4754 1480 4818 sedebant.
1498 4754 1573 4806 sic
1591 4755 1875 4818 Athanasius
1886 4763 1939 4804 τ.

355 4815 380 4864 i
419 4815 483 4880 p.‘
502 4817 594 4866 297
619 4829 632 4866 :
655 4829 764 4880 ags,
785 4829 852 4880 at,
870 4815 1024 4877 tW
1055 4830 1125 4880 πρὸ
1144 4832 1210 4868 τοῦ
1235 4830 1344 4878 βιςλου
1359 4858 1371 4876 ,
1404 4816 1506 4879 ipse
1528 4831 1639 4880 vero
1659 4817 1942 4870 stabulante

355 4878 528 4950 selum,
548 4885 601 4950 et
625 4893 672 4942 p.
696 4879 790 4950 510
815 4878 976 4950 {nam
995 4878 1096 4939 9a..
1111 4895 1172 4939 τῆς
1191 4891 1376 4940 ωιλησίας
1391 4919 1404 4939 ,
1426 4878 1592 4950 ειουεζα
1612 4881 1849 4950 ecclesia.
1885 4882 1941 4931 In

353 4941 596 4993 analecta
611 4943 794 4991 nostris
811 4955 862 5004 p.
880 4941 1011 4992 380:
1037 4951 1192 5003 ἁιμτὴς
1214 4957 1278 4993 τοῦ
1303 4954 1412 5004 ﬁlms
1427 4978 1440 5002 ,
1456 4941 1620 5012 judea:
1644 4941 1752 4994 veli.

1081 208 1139 266 'S.
1178 207 1456 266 JOANNIS
1493 203 1966 267 CHRYSOSTOMI
2005 202 2324 268 ARCHIEP.
2355 213 2903 278 ‘CONSTANTINOP.

3576 228 3674 283 £56

2103 323 2329 380 tationes
2375 327 2719 389 introducunt
2750 351 2766 400 ;
2795 333 2886 390 alii
2928 333 3132 402 femora
3157 374 3173 402 ,
3213 345 3362 406 pacta
3389 381 3404 406 ,
3445 348 3498 394 et
3527 355 3678 402 curas

2095 413 2285 473 fluxas.
2315 419 2556 493 Cumque
2586 423 2747 480 ﬁliam
2778 426 3034 498 virginem
3060 426 3340 496 habemus,
3373 445 3492 486 eam
3524 447 3679 488 accu-

2095 515 2208 565 rate
2251 524 2526 571 servamus
2552 533 2566 571 :
2598 518 2830 574 animam
2862 535 2990 577 vero
3013 562 3030 588 ,
3059 521 3213 576 nobis
3249 521 3351 578 ﬁlia
3392 525 3673 594 pretiosio-

2093 615 2228 669 rem,
2253 604 2477 663 sinimus
2503 607 2752 666 fornicari
2777 621 2832 668 et
2855 613 3042 684 pollui,
3065 607 3259 671 multas
3285 617 3358 670 illi
3390 618 3558 672 malas
3585 634 3673 674 co-

2089 691 2373 762 gitationes
2415 699 2762 760 immittentes
2794 722 2808 757 :
2849 720 2913 760 ac
2947 706 3060 760 sive
3094 707 3334 762 avaritia:
3361 724 3535 775 amor,
3563 711 3673 767 sive

2089 783 2423 857 deliciarum,
2445 791 2561 845 sive
2580 792 2934 850 formosorum
2957 811 3262 865 corporum,
3287 799 3398 852 sive
3422 799 3536 866 irse,
3562 801 3674 856 sive

2085 875 2220 930 alius
2239 879 2412 947 quivis
2429 897 2580 936 amor
2605 884 2804 940 intrare
2825 885 3071 952 voluerit,
3095 887 3294 957 apertis
3318 888 3498 957 jannis
3524 890 3669 945 illum

2085 968 2382 1038 excipimus
2410 981 2465 1026 et
2498 973 2822 1030 advocamus
2843 1018 2857 1042 ,
2887 986 2942 1032 et
2971 977 3136 1033 libere
3165 994 3285 1033 cum
3323 978 3414 1038 ilia
3455 981 3668 1036 misceri

2083 1056 2328 1113 sinimus.
2361 1060 2477 1128 Quo
2506 1065 2633 1133 quid
2660 1067 2828 1136 magis
2854 1065 3164 1138 barbarum,
3196 1069 3434 1125 omnium
3469 1071 3668 1140 pretio-

2081 1146 2345 1204 sissimam
2386 1153 2615 1208 animam
2645 1170 2676 1209 a
2709 1164 2786 1210 tot
2828 1157 3052 1212 moechis
3081 1155 3331 1213 foedatam
3363 1161 3663 1231 negligere,

2081 1247 2132 1292 et
2166 1241 2362 1296 tamdiu
2403 1255 2681 1300 coeuntem
2725 1247 2897 1302 donec
2939 1247 3012 1302 illi
3053 1249 3298 1304 exsatiati
3342 1249 3581 1306 fuerint?
3609 1251 3662 1308 Id

2078 1329 2218 1396 quod
2247 1340 2422 1387 tamen
2452 1350 2737 1405 numquam
2763 1337 2884 1396 erit.
2916 1337 3116 1393 idcirco
3144 1338 3231 1392 ubi
3262 1354 3483 1394 somnus
3513 1341 3664 1396 inva-

2077 1422 2192 1489 dit,
2226 1433 2349 1481 tunc
2385 1435 2587 1483 tantum
2627 1429 2958 1495 abscedunt;
3001 1431 3110 1486 imo
3149 1448 3215 1486 ne
3244 1441 3367 1489 tunc
3397 1433 3610 1504 quidem
3646 1453 3659 1489 :

2077 1529 2199 1570 nam
2231 1519 2437 1573 somnia
2467 1521 2654 1576 eadem
2691 1521 2791 1592 ipsi
2822 1521 3104 1577 simulacra
3135 1522 3386 1579 offerunt.
3419 1523 3662 1594 Quapro-

2075 1615 2192 1676 pter
2219 1607 2558 1665 illucescente
2578 1611 2688 1679 die,
2710 1627 2828 1682 qua:
2854 1613 2939 1667 illa
2970 1613 3249 1684 imaginata
3278 1622 3358 1669 est
3381 1615 3581 1680 anima,
3605 1616 3661 1670 in

2073 1711 2207 1766 opus
2232 1713 2378 1769 saipe
2397 1701 2602 1755 illarum
2629 1702 2915 1773 imaginum
2937 1717 3039 1773 ope
3059 1703 3283 1759 deducta
3303 1713 3403 1760 est.
3424 1704 3504 1760 Tn
3531 1721 3660 1761 vero

2072 1795 2125 1849 in
2162 1793 2415 1862 pupillam
2457 1794 2599 1849 oculi
2641 1809 2709 1851 ne
2739 1796 3016 1851 minimum
3047 1796 3261 1867 quidem
3305 1797 3541 1868 pulveris
3577 1799 3659 1853 in-

2069 1888 2219 1958 gredi
2245 1888 2376 1942 sinis
2398 1929 2413 1953 ,
2441 1888 2672 1943 animam
2701 1903 2829 1944 vero
2857 1897 3119 1943 tantorum
3161 1890 3422 1945 maiorum
3461 1906 3660 1963 conge-

2072 1982 2202 2035 riem
2233 1979 2444 2036 trahere
2483 1981 2807 2051 negligenter
2838 1981 3076 2048 pateris?
3119 1980 3467 2049 Quandonam
3499 1983 3657 2054 igitur

2069 2069 2255 2137 sordes
2282 2071 2396 2124 illas
2420 2084 2552 2140 quas
2576 2071 2810 2139 quotidie
2838 2070 3123 2142 ingerimus
3147 2086 3364 2140 prorsus
3386 2072 3657 2143 deponere

2071 2161 2361 2233 poterimus
2377 2161 2400 2214 ?
2415 2161 2624 2231 quando
2650 2162 2830 2231 Spinas
2851 2162 3195 2218 exscindere?
3215 2163 3428 2233 quando
3449 2166 3654 2220 semina

2064 2255 2288 2325 jacere?
2317 2253 2501 2310 Nescis
2524 2264 2577 2308 tu
2602 2295 2617 2320 ,
2647 2262 2859 2324 tempus
2902 2256 3094 2310 messis
3124 2256 3363 2311 instare?
3389 2256 3496 2311 Nos
3525 2275 3655 2312 vero

2067 2364 2134 2404 ne
2165 2347 2382 2404 novales
2410 2346 2622 2418 quidem
2652 2347 2826 2402 adhuc
2856 2347 3177 2403 curavimus.
3205 2347 3260 2403 Si
3293 2364 3426 2420 ergo
3446 2351 3658 2406 venerit

2064 2442 2296 2514 agricola
2321 2483 2338 2508 ,
2373 2450 2428 2497 et
2454 2455 2553 2496 nos
2581 2441 2898 2496 incusaverit
2918 2482 2932 2505 ,
2961 2440 3086 2511 quid
3116 2440 3390 2496 dicemus?
3411 2441 3538 2510 quid
3566 2457 3653 2498 re-

2064 2532 2486 2605 spondebimus?
2512 2532 2595 2587 An
2641 2533 2909 2586 neminem
2956 2534 3160 2588 semina
3201 2531 3461 2590 dedisse?
3489 2534 3652 2604 Atqui

2065 2626 2152 2680 illa
2182 2623 2418 2696 quotidie
2441 2623 2732 2694 jaciuntur.
2767 2625 2847 2678 An
2881 2625 3145 2679 neminem
3176 2626 3357 2694 spinas
3387 2626 3650 2681 succidis-

2062 2733 2119 2772 se
2139 2718 2162 2771 ?
2186 2715 2382 2772 Verum
2412 2715 2648 2786 quotidie
2675 2714 2864 2770 falcem
2891 2716 3150 2772 acuimus.
3185 2718 3265 2770 An
3297 2732 3398 2775 nos
3422 2717 3650 2772 saecula-

2063 2808 2209 2863 ribus
2237 2807 2426 2864 abduci
2468 2807 2612 2862 curis
2654 2817 2709 2862 et
2750 2808 3199 2862 necessitatibus?
3230 2809 3294 2863 Et
3329 2823 3496 2879 quare
3541 2825 3652 2864 non

2062 2902 2288 2966 teipsum
2314 2900 2512 2955 mundo
2539 2899 2881 2955 crucilixisti?
2905 2899 3035 2954 Nam
3066 2901 3109 2955 si
3142 2901 3230 2956 ille
3260 2903 3430 2958 malus
3453 2904 3643 2973 estqui

2059 2993 2186 3050 illud
2214 2991 2389 3048 solum
2419 2991 2614 3056 reddit,
2637 2991 2777 3063 quod
2809 2991 2908 3045 sibi
2937 2993 3120 3046 datum
3152 2989 3358 3056 fuerat,
3389 2993 3511 3062 quia
3538 3009 3646 3048 non

2057 3085 2344 3155 duplicavit
2372 3099 2632 3139 summam
2653 3102 2665 3136 :
2689 3083 2777 3154 qui
2803 3083 2982 3137 datum
3010 3081 3368 3149 labefactavit,
3393 3084 3518 3153 quid
3545 3100 3647 3139 au-

2057 3177 2208 3232 diet?
2234 3175 2289 3230 Si
2319 3175 2405 3230 ille
2441 3174 2632 3244 ligatus
2669 3189 2734 3228 eo
2765 3173 3033 3243 projectns
3063 3180 3148 3228 est
3176 3173 3261 3228 ubi
3289 3173 3488 3228 stridor
3511 3173 3643 3230 den-

2057 3269 2210 3334 tium,
2239 3266 2367 3338 quid
2393 3281 2490 3320 nos
2517 3266 2798 3336 patiemur,
2821 3265 2945 3316 dum
2977 3272 3243 3319 sexcenta:
3270 3279 3361 3319 res
3378 3275 3503 3319 sunt
3524 3283 3645 3336 qua:

2057 3375 2155 3416 nos
2175 3359 2241 3414 ad
2264 3359 2511 3414 virtutem
2530 3357 2767 3422 trahunt,
2790 3371 2993 3426 nosque
3022 3355 3311 3426 refugimus
3331 3366 3385 3411 et
3409 3359 3650 3427 segniter

2056 3453 2298 3525 agimus?
2317 3451 2454 3520 Quid
2477 3450 2620 3505 enim
2643 3464 2749 3504 non
2769 3449 3015 3503 idoneum
3038 3448 3106 3503 sit
3126 3447 3194 3502 ad
3211 3456 3259 3502 te
3277 3449 3603 3504 incitandum
3620 3447 3646 3501 ?

2055 3550 2247 3604 Annon
2273 3545 2425 3602 vides
2452 3559 2609 3616 quam
2642 3542 2764 3597 vilis
2788 3585 2802 3609 ,
2832 3557 2989 3612 quam
3021 3542 3319 3596 incerta‘sit
3347 3541 3462 3596 haec
3494 3543 3602 3596 vita
3620 3543 3646 3596 ?

2054 3648 2284 3711 quantus
2313 3637 2398 3693 hic
2423 3637 2574 3691 labor
2600 3633 2714 3689 sit?
2753 3640 2982 3703 quantus
3022 3631 3224 3686 sudor?
3269 3631 3457 3688 Nonne
3497 3634 3641 3688 enim

2054 3733 2131 3787 sic
2161 3745 2251 3786 res
2275 3737 2376 3794 est,
2407 3735 2466 3782 ut
2491 3727 2660 3780 virtus
2678 3739 2799 3780 cum
2827 3717 3030 3786 labore,
3059 3731 3113 3777 et
3141 3722 3324 3776 vitium
3351 3723 3469 3778 sine
3493 3723 3641 3778 labo-

2053 3824 2200 3879 ribus
2220 3819 2475 3876 adeatur?
2494 3819 2548 3874 Si
2570 3825 2622 3872 et
2648 3817 2698 3871 in
2722 3815 2825 3870 hoc
2844 3825 2898 3871 et
2925 3814 2980 3869 in
3006 3815 3096 3869 illo
3118 3813 3268 3870 labor
3287 3822 3389 3877 est,
3413 3829 3512 3869 cur
3534 3830 3637 3870 non

2054 3916 2300 3970 virtutem
2332 3911 2483 3982 eligis
2509 3924 2627 3981 quae
2663 3917 2866 3962 tantum
2898 3915 3155 3978 qumstum
3184 3907 3364 3976 parit?
3393 3905 3506 3961 imo
3537 3907 3643 3963 vir—
3709 3957 3714 3960 .

2054 4016 2192 4062 tutes
2209 4004 2449 4075 qutedam
2476 4009 2619 4067 sunt,
2645 4016 2764 4070 qua:
2788 3999 2990 4053 nullum
3019 3997 3215 4082 habent
3238 3997 3494 4053 laborem.
3524 3999 3642 4067 Quo

2050 4099 2233 4154 labore
2258 4094 2514 4151 utendum
2545 4101 2602 4148 ut
2629 4107 2736 4146 non
2765 4089 3046 4145 maledicta
3077 4088 3337 4159 proferas,
3367 4105 3465 4145 nec
3493 4107 3638 4145 men-

2051 4190 2198 4244 tiaris
2219 4229 2234 4252 ,
2271 4201 2368 4242 nec
2390 4186 2539 4256 jures
2563 4225 2578 4250 ,
2609 4191 2666 4236 ut
2696 4182 2828 4236 iram
2862 4180 3105 4251 proximo
3133 4179 3414 4234 remittas?
3442 4177 3637 4235 Contra

2049 4295 2180 4336 vero
2209 4277 2383 4333 facere
2410 4272 2735 4329 laboriosum
2761 4279 2865 4338 est,
2893 4284 3242 4340 magnamque
3267 4268 3420 4324 affert
3443 4270 3638 4326 sollici-

2051 4371 2311 4427 tudinem.
2340 4367 2470 4436 Quae
2497 4366 2656 4437 igitur
2681 4363 2837 4418 nobis
2862 4362 2966 4417 erit
2993 4363 3284 4425 excusatio,
3313 4375 3432 4431 qua:
3461 4362 3635 4427 venia,

2049 4465 2138 4535 qui
2169 4478 2237 4519 ne
2265 4462 2382 4517 inec
2409 4458 2623 4530 quidem
2655 4455 2830 4511 facere
2857 4453 3125 4510 velimus?
3150 4453 3282 4508 Hinc
3308 4467 3436 4509 vero
3463 4454 3638 4523 palam

2047 4569 2152 4622 est,
2170 4553 2517 4610 laboriosiora
2535 4551 2622 4606 illa
2641 4546 3008 4620 pei'desidiam
3027 4554 3080 4602 et
3094 4545 3391 4602 socordiam
3424 4561 3521 4600 nos
3552 4545 3636 4600 fu-

2045 4665 2193 4724 gere.
2217 4649 2348 4716 Quae
2368 4644 2546 4700 omnia
2573 4644 2888 4712 cogitantes,
2912 4637 3201 4708 nequitiam
3229 4635 3639 4706 fugiamus,vir-

2047 4753 2214 4800 tntem
2228 4741 2530 4808 diligamus,
2553 4742 2610 4789 ut
2633 4741 2686 4788 et
2709 4731 2991 4803 praesentia
3013 4741 3066 4784 et
3084 4729 3257 4784 futura
3284 4728 3424 4784 bona
3444 4741 3639 4783 conse-

2043 4851 2291 4910 quamur,
2317 4831 2486 4902 gratia
2503 4837 2557 4884 et
2574 4825 2901 4894 benignitate
2916 4821 3130 4904 Domini
3155 4824 3318 4877 nostri
3336 4821 3466 4877 Jesu
3496 4821 3640 4876 Chri-

2043 4937 2134 4999 sd,
2151 4929 2234 4987 cui
2251 4927 2414 5000 gloria
2433 4933 2487 4978 et
2503 4919 2783 4990 imperium
2802 4918 2854 4972 in
2871 4918 3066 4972 smcula
3078 4916 3416 4972 Stecnlorum.
3443 4917 3640 4970 Amen.

354 5227 484 5282 Car.
517 5227 604 5282 19.
637 5243 688 5282 v.
712 5227 800 5283 58.
829 5224 974 5280 Tunc
993 5226 1358 5296 responderunt
1383 5225 1430 5278 ei
1468 5225 1675 5296 quidam
1718 5226 1781 5278 de
1815 5226 1941 5279 scri-

425 5319 501 5374 bis
531 5329 578 5374 et
609 5318 906 5378 Pharisteis.
937 5319 1154 5372 dicentes
1182 5332 1202 5371 :
1231 5317 1497 5388 Magister,
1549 5317 1780 5372 uolumus
1821 5333 1854 5371 a
1897 5327 1945 5372 te

425 5414 626 5484 signum
651 5411 837 5466 videre.
880 5411 969 5467 39.
1003 5411 1102 5476 Qui
1144 5411 1402 5480 respondit
1430 5426 1449 5465 :
1479 5409 1747 5466 Generatio
1788 5425 1945 5480 praua

425 5514 472 5558 et
516 5503 750 5559 adultera
791 5503 993 5575 signum
1043 5503 1245 5574 quierit,
1275 5511 1321 5556 et
1357 5503 1556 5574 signum
1594 5519 1698 5558 non
1742 5501 1946 5558 dabitur

429 5601 494 5667 ei,
523 5600 621 5653 nisi
639 5599 833 5669 signant
853 5596 1004 5651 Iona:
1029 5597 1304 5667 praphetw.

437 5698 483 5751 ι.
514 5692 648 5763 Quid
679 5693 762 5750 his
806 5691 1040 5760 stultius,
1070 5689 1196 5762 quid
1224 5690 1392 5762 magis
1420 5689 1686 5762 impium?
1711 5687 1838 5746 Post
1867 5695 1946 5744 tot

2051 5225 2220 5294 signa,
2247 5235 2309 5275 ac
2334 5218 2376 5272 si
2404 5213 2604 5270 nullum
2655 5209 2847 5264 factum
2905 5217 3068 5271 esset,
3113 5205 3292 5260 dicunt
3341 5221 3354 5257 :
3400 5203 3644 5262 Volumus

2052 5335 2085 5370 a
2114 5326 2162 5370 te
2183 5314 2384 5385 signant
2410 5307 2614 5362 videre-
2645 5304 2752 5359 Cur
2781 5315 2909 5372 ergo
2937 5299 3050 5354 lucc
3097 5298 3390 5354 dicebant?
3420 5297 3489 5354 Ut
3519 5314 3638 5353 ear-

2052 5405 2213 5479 pendi
2237 5405 2410 5459 locum
2438 5400 2628 5454 iterum
2653 5395 2934 5449 haberent.
2956 5390 3090 5458 Quia
3110 5390 3252 5446 enim
3275 5389 3421 5459 ipsos
3450 5389 3639 5452 semel,

2050 5500 2132 5555 bis
2157 5507 2210 5553 et
2237 5494 2433 5565 smpius
2476 5495 2830 5562 represserat,
2876 5493 2931 5538 et
2982 5481 3343 5552 impudentem
3402 5481 3640 5550 ipsorum

2051 5593 2284 5662 linguam
2331 5587 2601 5647 freenarat,
2646 5579 2714 5634 ad
2760 5591 2922 5647 Opera
2966 5589 3152 5630 rursus
3197 5574 3458 5628 veniunt:
3499 5571 3638 5641 quod

2049 5684 2318 5741 adndrans
2344 5674 2663 5747 evangelista
2695 5685 2880 5726 rursus
2909 5667 3120 5724 dicebat
3148 5684 3160 5720 :
3193 5664 3339 5719 Tunc
3364 5662 3633 5736 responde-
