3916 6302
344 320 451 374 457
1107 320 1165 378 S.
1207 319 1495 377 JOANNIS
1532 320 2015 379 CHRYSOSTOMI
2057 313 2375 373 ARCHIEP.
2420 309 2964 371 CONSTANTINOP.

338 446 456 496 τες.
490 429 644 494 Τότε,
691 430 854 494 πότε;
886 434 1015 487 Ὅτε
1054 434 1386 492 ύποκύπτειν
1433 436 1621 508 ἐχρῆν,
1669 437 1757 490 ὅτε
1797 436 2008 506 θαυμά-

339 511 473 580 ζειν,
508 516 597 569 ὅτε
632 516 1029 588 ἐκπλήττεσθαι
1052 520 1146 573 καὶ
1168 525 1537 593 παραχωρεῖν,
1566 520 1687 574 τότε
1716 520 1816 591 τῆς
1848 538 2012 592 πονη-

342 603 464 675 ρίας
488 603 589 656 οὐκ
612 599 957 671 ἀφίστανται.
993 605 1136 673 Ὅρα
1158 608 1216 662 δὲ
1247 610 1341 662 καὶ
1369 608 1436 662 τὰ
1469 610 1686 679 ῥήματα
1725 607 2011 671 κολακείας

331 690 576 763 ,γέμοντα
621 690 713 745 καὶ
738 693 1039 763 εἰρωνείας.
1073 696 1422 766 Προσεδόκων
1453 698 1559 767 γὰρ
1591 695 1752 750 αὑτὸν
1780 697 2011 750 ἐπισπά-

343 770 539 830 σασθαι
571 771 658 830 διὰ
681 776 905 832 τούτων.
930 779 1040 832 Kal
1066 780 1158 833 νῦν
1195 781 1295 851 μὲν
1319 781 1620 853 ὑϐρίζουσι,
1648 781 1744 835 νῦν
1770 781 1827 835 δὲ
1857 782 2014 835 κολα-

340 853 581 913 κεύουσι·
616 858 710 913 νῦν
742 858 840 930 μὲν
866 860 1203 931 δαιμονῶντα
1228 863 1539 927 καλοῦντες,
1566 863 1661 918 νῦν
1685 864 1740 918 δέ
1767 864 2013 919 διδάσκα-

340 937 453 995 λον⁸
488 942 772 1016 ἀμφότερα
801 943 910 997 ἀπὸ
942 947 1184 1017 πονηρᾶς
1212 945 1454 1016 γνώμης,
1490 948 1540 999 εί
1574 946 1668 1000 καὶ
1698 948 1913 1002 ἐναντία
1943 948 2013 1001 τὰ

340 1022 632 1098 λεγόμενα.
656 1028 753 1082 Διὰ
779 1028 934 1080 τοῦτο
961 1028 1142 1081 αὐτῶν
1162 1029 1257 1082 καὶ
1293 1028 1495 1099 σφόδρα
1518 1029 1877 1087 καθάπτεται.
1902 1034 2011 1087 Kal

342 1107 430 1161 ὅτε
461 1109 505 1140 ’ν
529 1108 630 1179 μὲν
658 1110 821 1163 αὑτὸν
849 1110 1093 1181 τραχέως
1115 1110 1341 1183 ἠρώτων
1362 1114 1457 1165 καὶ
1487 1111 1730 1185 ὕϐριζον,
1754 1114 2013 1178 ἐπιεικῶς

344 1192 528 1255 αὐτοῖς
572 1192 862 1261 διελέγετο’
914 1193 1002 1246 ὅτε
1047 1193 1103 1247 δέ
1150 1193 1495 1257 ἐκολάκευον,
1543 1195 1872 1266 ὑϐριστικῶς
1918 1199 2012 1250 καὶ

347 1275 487 1340 μετά
515 1273 714 1345 πολλῆς
743 1277 843 1346 τῆς
872 1275 1252 1347 σφοδρότητος,
1276 1276 1490 1341 δεικνὺς
1518 1278 1598 1329 ὅτι
1629 1278 1888 1349 ἐκατέρου
1917 1279 2011 1332 τοῦ

346 1356 549 1420 πάθους
574 1358 721 1412 ἐστὶν
760 1358 1049 1429 ἀνώτερος,
1087 1358 1181 1412 καὶ
1210 1357 1333 1411 οὔτε
1371 1357 1490 1411 τότε
1517 1361 1595 1423 είς
1629 1361 1796 1433 όργὴν
1823 1362 2014 1431 ἐξάγε-

343 1455 456 1505 ται,
484 1440 606 1493 οὔτε
632 1441 678 1473 ⁸⁸
703 1440 798 1494 νῦν
821 1440 925 1493 ύπδ
950 1439 1238 1505 κολακείας
1266 1440 1645 1513 μαλακίζεται.
1673 1444 1812 1515 Ὅρα
1841 1443 1898 1498 δέ
1920 1448 2013 1499 καὶ

343 1521 445 1591 τὴν
475 1521 632 1592 ὓϐριν
675 1523 775 1593 οὐχ
817 1522 1005 1587 ἀπλῶς
1039 1523 1314 1594 λοιδορίαν
1351 1519 1534 1589 οὖσαν,
1583 1524 1700 1579 ἀλλ’
1740 1527 2014 1595 ἀπόδειξιν

345 1604 576 1675 ἔχουσαν
603 1606 704 1677 τῆς
732 1606 999 1677 πονηρίας
1030 1607 1228 1661 αὐτῶν.
1259 1607 1326 1661 Τί
1355 1607 1463 1679 γάρ
1495 1623 1658 1678 φησι;
1684 1611 1874 1667 Γενεὰ
1904 1626 2014 1668 πο-

344 1688 498 1756 νηρὰ
550 1691 648 1744 καὶ
693 1690 976 1761 μοιχαλὶς
1018 1690 1271 1759 σημεῖον
1312 1689 1582 1759 ἐπιζητεῖ.
1636 1694 1702 1744 ὐ
1750 1693 1808 1748 δὲ
1842 1693 2011 1764 λέγει,

344 1771 586 1827 τοιοῦτόν
627 1775 763 1826 ἐστιν
800 1773 866 1826 Τί
896 1773 1224 1845 θαυμαστὸν,
1253 1775 1302 1826 εί
1332 1774 1417 1826 ἐπ’
1445 1773 1582 1843 ἐμοῦ
1610 1774 1787 1829 ταῦτα
1809 1782 2012 1834 ποιεῖτε

346 1854 442 1908 τοῦ
469 1856 609 1920 τέως
636 1856 1004 1927 ἀγνοουμένου
1037 1859 1169 1929 παρ’
1202 1857 1377 1928 ὑμῶν,
1408 1858 1543 1912 ὅπου
1581 1871 1644 1927 γε
1676 1860 1772 1915 καὶ
1804 1864 1897 1916 ἐπὶ
1921 1863 2017 1917 τοῦ

348 1942 584 2014 Πατρός,
605 1938 670 1998 οὗ
694 1944 964 2015 τοσαύτην
993 1944 1213 1999 ἐλάϐετε
1240 1947 1452 2016 πεῖραν,
1480 1946 1543 2001 τὸ
1570 1947 1703 2002 αύτὺ
1729 1949 1889 2003 τοῦτο
1913 1967 2012 2004 πε-

349 2030 635 2102 ποιήκατεο
680 2034 1071 2098 καταλιπόντες
1124 2034 1171 2067 ⁸⁸
1218 2033 1402 2098 αὐτὸν,
1450 2036 1544 2090 ἐπὶ
1588 2037 1714 2101 τοὺς
1756 2037 2016 2109 δαίμονας

348 2119 621 2191 ἐτρέχετε,
668 2120 902 2193 ἐραστὰς
957 2121 1328 2191 ἐπισπώμενοι
1368 2123 1673 2194 πονηρούς;
1715 2125 1744 2179 ὃ
1779 2127 2018 2197 συνεχῶς

348 2209 532 2272 αὐτοῖς
592 2208 689 2262 καὶ
737 2208 783 2241 ³⁸
819 2210 848 2263 ὁ
895 2209 1149 2282 Ὶεξεχιὴλ
1191 2210 1449 2277 ὠνείδιζε.
1500 2211 1686 2268 Ταῦτα
1734 2213 1793 2269 δέ
1833 2214 2008 2283 ἔλεγε,

350 2295 564 2359 τεικνὺς
615 2297 806 2350 ἐαυτὸν
850 2296 929 2369 τῷ
971 2298 1144 2371 ῐῐατρλ¹
1197 2298 1609 2370 συμφωνοῦντα,
1652 2302 1746 2354 καὶ
1793 2301 2017 2366 τούτους

351 2380 506 2433 οὐδὲν
533 2379 684 2446 ξένον
714 2381 1021 2446 ποιοῦντας,
1047 2384 1142 2437 καὶ
1168 2382 1240 2436 τὰ
1264 2383 1552 2455 ἀπόρρητα
1578 2383 1759 2438 αὐτῶν
1787 2385 2021 2441 ἐκκαλύ-

353 2483 526 2521 πτων·
559 2469 656 2521 καὶ
675 2468 757 2523 ὅτι
789 2469 908 2540 μεθ’
930 2469 1268 2543 ὑποκρίσεως
1292 2472 1387 2525 καὶ
1416 2470 1492 2536 ὡς
1523 2471 1708 2543 ἐχθροὶ
1728 2472 1911 2544 ᾔτουν.

444 2580 544 2636 Διὰ
574 2579 732 2635 τοῦτο
775 2581 972 2647 αὐτοὺς
1003 2578 1123 2637 εἷπε
1159 2582 1349 2653 γενεάν
1383 2584 1643 2658 πονηρὰν,
1663 2585 1745 2639 ὅτι
1766 2586 2019 2658 ἀγνώμο⁸

353 2686 442 2734 νες
470 2669 558 2724 ἀεὶ
585 2670 841 2740 γεγόνασι
866 2671 993 2742 περὶ
1024 2671 1150 2735 τοὺς
1173 2672 1483 2744 εὐεργέτας,
1512 2673 1594 2728 ὅτι
1627 2669 1685 2729 εῦ
1720 2674 2022 2745 πάσχοντες

352 2759 589 2826 γίνονται
610 2758 823 2830 χείρους
838 2775 852 2789 ο
876 2760 1012 2830 ὅπερ
1032 2758 1263 2830 ἐσχάτης
1288 2759 1404 2813 ἐστὶ
1424 2762 1706 2833 πονηρίας.
1724 2762 2022 2834 Μοιχαλίδα

351 2843 408 2901 δὲ
440 2846 686 2904 ἐκάλεσε.
732 2847 828 2900 καὶ
853 2846 952 2917 τὴν
994 2844 1265 2918 προτέραν
1296 2847 1390 2902 καὶ
1439 2847 1539 2919 τὴν
1577 2848 1859 2919 παροῦσαν
1891 2849 2023 2903 ἀπιο

356 2935 507 2990 στίαν
538 2933 735 3006 δηλῶν·
765 2935 886 2988 ὅθεν
901 2934 1168 2987 δείκνυσιν
1188 2932 1378 2989 ἐαυτὸν
1403 2934 1566 2989 πάλιν
1584 2935 1661 3008 τῷ
1691 2935 1865 3007 Πατρὶ
1885 2936 2018 3005 ίσον,

301 3069 313 3076 .
353 3022 470 3091 εἴγε
499 3023 595 3077 καὶ
626 3022 686 3076 τὸ
738 3022 812 3095 μὴ
853 3021 1139 3078 πιστεῦσαι
1182 3022 1331 3093 αύτῷ
1367 3023 1652 3093 μοιχαλίδα
1676 3025 1837 3077 ποιεῖ.
1884 3020 2018 3079 Εἶτα

354 3109 605 3181 ὑϐρίσας,
629 3109 682 3163 τί
712 3125 876 3180 φησι;
915 3109 1021 3163 Καὶ
1053 3110 1305 3176 σημεῖον
1335 3111 1407 3164 οὐ
1427 3109 1744 3177 δοθήσεται
1766 3109 1941 3180 αὐτῇ.
1963 3118 2017 3167 ει

350 3198 436 3269 μὴ
466 3200 532 3252 τὸ
570 3198 822 3269 σημεῖον
859 3196 1017 3253 Ἰωνᾶ
1055 3197 1161 3251 τοῦ
1197 3197 1523 3266 πίοφήτου.
1576 3197 1725 3271 [459]
1756 3199 1892 3268 Ἤδη
1926 3199 2018 3252 τὸν

356 3291 486 3360 περί
505 3288 604 3360 τῆς
624 3289 975 3354 ἀναστάσεως
991 3288 1458 3360 προανακρούεται
1483 3289 1658 3357 λόγον,
1676 3290 1770 3343 καὶ
1800 3291 2020 3343 πιστοῦ-

354 3393 445 3429 ται
479 3375 642 3430 αὑτὸν
690 3376 797 3430 ἀπὸ
839 3376 934 3431 τοῦ
982 3375 1176 3431 τύπου.
1213 3376 1278 3430 Τί
1310 3373 1437 3445 οῦν;
1485 3378 1586 3432 οὐκ
1619 3378 1662 3409 ³¹
1698 3376 1851 3447 ἐδόθη
1880 3377 2017 3450 αὐτῇ

358 3467 615 3534 σημεῖονς
672 3462 856 3534 φησίν.
898 3464 1011 3517 Οὐκ
1041 3463 1193 3537 ἐδόθη
1248 3464 1385 3535 αὐτῇ
1438 3466 1484 3497 ⁸¹
1520 3462 1765 3534 αἰτούσῃ.
1802 3463 1877 3516 Ού
1911 3463 2020 3533 7&9

356 3549 497 3604 ὥστε
523 3551 718 3614 αὐτοὺς
743 3552 958 3621 ἐνάγειν
981 3553 1154 3606 ἐποίει
1192 3552 1259 3606 τὰ
1287 3554 1485 3624 σημεῖα
1526 3551 1665 3622 (ᾔδει
1695 3551 1804 3621 7&9
1831 3566 2019 3603 πεπω-

362 3639 697 3712 ρωμένους),
728 3640 844 3694 ἀλλ’
891 3640 1031 3695 ὥστε
1067 3640 1288 3712 ἐτέρους
1325 3640 1588 3711 διορθοῦν.
1625 3640 1693 3693 Ἤ
1729 3638 1887 3693 τοῦτο
1927 3634 2021 3692 οῦν

358 3728 505 3785 ἐστιν
537 3731 730 3796 εἰπεῖν,
760 3730 793 3801 ἢ
830 3730 910 3784 ὅτι
947 3731 1183 3783 τοιοῦτον
1222 3729 1284 3782 ού
1310 3730 1566 3802 λήψονται
1607 3730 1831 3801 σημεῖον
1857 3769 1872 3792 ,
1910 3722 2022 3782 οἷον

360 3818 554 3873 ἐκεῖνο.
587 3820 819 3890 Σημεϊον
846 3817 955 3891 γάρ
980 3819 1163 3882 αὐτοῖς
1187 3817 1428 3888 γέγονεν,
1462 3818 1551 3872 ὅτε
1574 3818 1664 3872 διὰ
1692 3817 1793 3887 τῆς
1816 3817 2023 3881 οἰκείας

361 3908 635 3970 κολάσεως
664 3906 907 3975 ἔγνωσαν
931 3905 1096 3961 αὐτοῦ
1122 3905 1220 3978 τὴν
1256 3903 1501 3975 δύναμιν.
1543 3903 1807 3958 Ἐνταῦθα
1842 3905 2023 3957 τοίνυν

363 3994 602 4048 ἀπειλῶν
635 3993 819 4062 λέγει,
875 3993 970 4048 καὶ
1002 3992 1159 4046 τοῦτο
1202 3993 1333 4047 αὐτὸ
1373 3992 1761 4064 αἰνιττόμενος,
1823 3991 2024 4044 ὡσανεὶ

364 4081 516 4151 ἐλεγε
538 4097 553 4114 ’
581 4080 794 4153 Μυρίας
839 4080 1157 4153 εὐεργεσίας
1203 4079 1564 4152 ἐπεδειξάμην
1585 4097 1600 4112 ·
1630 4079 1781 4134 οὐδὲν
1817 4080 2026 4133 τούτων

366 4171 510 4242 ὑμᾶς
535 4168 904 4232 ἐπεσπάσατο,
922 4169 1042 4222 ούδέ
1072 4153 1373 4241 ήθελήσάτε
1399 4168 1777 4241 προσκυνῆσαί
1810 4184 1910 4238 μου
1926 4166 2027 4239 τὴν

362 4255 611 4329 δύναμιν.
662 4257 944 4312 Γνώσεσθε
968 4256 1146 4312 τοίνυν
1193 4257 1283 4311 διὰ
1320 4256 1427 4310 τῶν
1456 4257 1713 4311 ἐναντίων
1736 4255 1833 4328 τὴν
1874 4257 2028 4327 ἰσχὺν

362 4349 463 4417 τὴν
491 4347 652 4418 ἐμὴν,
683 4347 812 4402 ὃταν
846 4347 891 4378 ³³
917 4346 1015 4416 τὴν
1040 4346 1195 4400 πόλιν
1246 4347 1421 4417 χαμαὶ
1476 4345 1817 4418 ἐρριμμένην
1857 4344 2023 4417 ἴδητε,

364 4435 452 4488 ὅτε
507 4438 600 4489 καὶ
640 4434 711 4489 τά
739 4436 891 4505 τείχη
925 4434 1327 4508 περιῃρημένα,
1378 4436 1467 4487 ὅτε
1504 4434 1596 4488 τὸν
1618 4432 1744 4488 ναὸν
1789 4432 2029 4504 ἐρείπιον

364 4522 749 4592 γεγενημένον,
780 4523 908 4576 ὅταν
937 4522 1032 4576 καὶ
1049 4522 1149 4593 τῆς
1177 4521 1452 4585 πολιτείας
1476 4522 1688 4592 καὶτῆς
1716 4519 2030 4590 ἐλευθερίας

365 4611 635 4682 ἐκπέσητε
650 4611 749 4681 τῆς
768 4611 1056 4681 προτέρας,
1075 4612 1167 4664 καὶ
1200 4611 1360 4664 πάλιν
1384 4610 1562 4664 ἄοικοι
1597 4609 1692 4663 καὶ
1720 4608 1768 4641 ’δ
1795 4607 2030 4677 φυγάδες

366 4696 642 4768 πανταχοῦ
664 4698 1046 4769 περιέρχησθε.
1068 4698 1253 4753 Πάντα
1273 4696 1383 4770 7&9
1401 4697 1573 4751 ταῦτα
1598 4695 1733 4767 μετά
1752 4695 1844 4747 τὸν
1868 4710 2029 4747 σταυ-

368 4786 462 4855 ρὸν
493 4785 704 4854 γέγονε.
737 4784 921 4841 Ταῦτα
951 4781 1043 4840 οῦν
1069 4785 1197 4857 ὑμῖν
1222 4786 1341 4839 ἀντὶ
1378 4783 1620 4856 σημείων
1662 4781 1815 4835 ἔσται
1855 4780 2029 4850 μεγά-

368 4874 495 4927 λων.
539 4874 650 4928 Kal
685 4873 794 4946 7&9
827 4872 1030 4946 σφόδρα
1077 4873 1221 4945 μέγα
1250 4873 1473 4945 σημεῖόν
1513 4875 1650 4934 ἐστι,
1698 4871 1761 4925 τὸ
1797 4868 2030 4939 ἀκίνητα

366 4964 550 5018 αὐτῶν
581 4964 762 5036 μένειν
789 4964 858 5018 τὰ
889 4963 1053 5027 κακὰ,
1089 4964 1148 5018 τὸ
1173 4963 1381 5034 μυρίων
1412 4959 1878 5032 ἐπιχειρησάντων
1921 4975 2029 5029 μη-

366 5053 494 5107 δένα
518 5053 806 5123 δυνηθῆναι
848 5051 1138 5123 διορθῶσαι
1184 5053 1284 5121 τὴν
1321 5050 1467 5116 ἀπαξ
1502 5049 1622 5103 κατ’
1647 5046 1826 5101 αὐτῶν
1858 5045 2028 5113 ιἐξενε⁹

367 5141 586 5213 χθείσαν
603 5141 777 5211 δίκην.
828 5140 988 5194 Ἀλλά
1013 5139 1183 5194 ταῦτα
1207 5139 1306 5208 μὲν
1338 5138 1399 5191 οὐ
1433 5137 1601 5205 λέγει.
1630 5134 2030 5206 καταλιμπάνει

366 5230 423 5283 δὲ
457 5230 534 5300 τῷ
568 5230 704 5299 μετὰ
724 5227 897 5281 ταῦτα
933 5228 1106 5299 χρόνῳ
1154 5225 1403 5297 γενέσθαι
1437 5225 1619 5289 αὐτοῖς
1649 5224 1835 5294 σαφῆ·
1889 5223 2032 5288 τέως

368 5317 423 5370 δὲ
450 5316 542 5369 τὸν
581 5333 645 5368 πε
655 5317 707 5386 ρὶ
727 5317 823 5387 τῆς
850 5315 1193 5379 ἀναστάσεως
1220 5312 1484 5382 γυμνάζει
1506 5311 1684 5380 λόγον,
1717 5311 1777 5363 δν
1808 5310 2031 5380 ἔμελλον

368 5402 611 5458 εἴσεσθαι
631 5403 698 5456 δι’
724 5400 799 5457 ὧν
821 5403 1041 5474 ἔμελλον
1075 5403 1298 5474 ὕστερον
1333 5399 1643 5471 ὑπομένειν.
1674 5399 1899 5468 Ὠσπερ
1921 5398 2031 5468 γὰρ

367 5487 447 5560 ἦν
487 5490 708 5557 Ἰωνᾶς,
734 5508 804 5561 φη
814 5492 918 5556 σίν,
943 5492 1013 5545 ἐν
1032 5490 1105 5561 τῇ
1126 5491 1321 5557 κοιλίᾳ
1339 5488 1446 5544 τοῦ
1468 5486 1691 5555 κήτους
1716 5487 1872 5555 τρεῖς
1893 5486 2032 5557 ἠμέ-

363 5598 477 5649 ρας
502 5579 600 5633 καὶ
625 5582 783 5647 τρεῖς
814 5581 1060 5647 νύκτας,
1084 5579 1270 5644 οὕτως
1293 5577 1462 5631 ἔσται
1503 5576 1603 5630 καί
1626 5576 1674 5609 ³⁵
1697 5580 1730 5631 ό
1761 5576 1894 5643 Υιός
1924 5575 2029 5630 τοῦ

3660 311 3754 368 458

2117 432 2432 499 ἀνθρώπου
2446 431 2515 485 ἐν
2536 428 2609 497 τῇ
2629 427 2839 497 καρδίᾳ
2857 424 2968 495 τῆς
2982 421 3097 495 γῆς
3109 420 3263 490 τρεῖς
3280 421 3498 493 ἡμέρας
3511 423 3606 477 καὶ
3618 426 3757 493 τρεῖς

2115 522 2361 584 νύκτας.
2384 516 2637 588 Φανερῶς
2669 516 2765 587 μὲν
2791 512 2898 584 7&9
2926 513 3027 566 οὐκ
3049 506 3223 575 εἶπεν,
3257 512 3339 565 ὅτι
3365 513 3715 581 ἀναστήσεται
3739 529 3751 542 '

2117 608 2237 661 ἐπεὶ
2260 606 2327 660 ἂν
2354 606 2446 659 καὶ
2496 602 2867 670 κατεγέλασαν
2889 617 2903 630 ο
2939 597 3160 671 ᾐνίξατο
3197 597 3256 652 δέ
3281 597 3483 664 οὕτως,
3515 598 3590 662 ὡς
3633 600 3759 653 aut.

2117 710 2243 756 νους
2272 690 2558 745 πιστεῦσαι
2583 691 2664 743 ὅτι
2703 686 2946 759 προῄδει.
2978 686 3102 740 Ὀτι
3147 684 3257 754 γάρ
3283 684 3483 756 ᾔδεσαν
3505 722 3522 749 ,
3559 683 3758 752 λέγουσι

2119 781 2255 851 πρὸς
2273 778 2364 832 τὸν
2393 776 2626 830 Πιλάτον
2645 792 2662 809 ο
2691 769 2860 838 Εἶπε,
2886 772 3073 844 φησιν,
3107 775 3140 826 ό
3168 770 3398 837 πλάνος
3428 770 3653 837 ἐκεῖνος
3680 772 3759 826 ἔτι

2118 866 2245 929 ζῶν,
2270 870 2424 920 Μετὰ
2446 863 2602 931 τρεῖς
2621 860 2843 931 ἡμέρας
2867 860 3284 928 ἀναστήσομαι
3302 876 3316 889 ⁸
3344 858 3582 927 καίτοιγε
3596 860 3640 911 ot
3669 876 3760 928 μα-

2117 953 2277 1025 θηταν⁵
2311 952 2469 1005 τοῦτο
2496 948 2757 1021 ἠγνόουνο
2790 947 3016 1017 καὶγὰρ
3051 944 3442 1016 ἀσυνετώτεροι
3473 945 3645 998 αὐτῶν
3671 944 3758 1016 ἐμ-

2117 1041 2351 1115 προσθεν
2382 1034 2553 1110 ἦσαν·
2586 1035 2667 1090 διὸ
2696 1036 2790 1089 καὶ
2817 1034 3268 1105 αύτοκατάκριτοι
3299 1032 3587 1102 γεγόνασιν
3610 1028 3757 1088 οὗτοι.

2190 1127 2254 1198 β’.
2286 1127 2429 1197 Ὅρα
2456 1124 2514 1177 δέ
2537 1122 2659 1186 πῶς
2686 1122 2781 1175 καὶ
2807 1120 3177 1191 αἰνιττόμενος
3192 1119 3433 1190 ἀκριϐῶς
3461 1117 3589 1171 αύτδ
3622 1118 3756 1190 τίθη-

2119 1215 2320 1270 σιν.οὐ
2351 1213 2460 1285 7&9
2486 1208 2659 1273 εἶπεν,
2699 1210 2789 1263 Ἑν
2814 1210 2881 1280 τῇ
2911 1210 3007 1279 γῇ,
3033 1206 3169 1271 ἀλλ’,
3198 1207 3302 1261 Ἐν
3327 1205 3404 1275 τῇ
3439 1205 3643 1274 καρδίᾳ
3664 1206 3759 1275 τῆς

2117 1299 2250 1372 γῆς,
2294 1301 2381 1355 ἵνα
2405 1298 2623 1353 καὶτὸν
2670 1296 2841 1367 τάφον
2888 1293 3102 1366 δηλώσῃ
3126 1336 3139 1359 ,
3176 1295 3271 1348 καὶ
3323 1294 3514 1366 μηδεὶς
3563 1294 3760 1366 δόκησιν

2118 1387 2456 1461 ὑποπτεύσῃ.
2491 1386 2602 1439 Kal
2633 1385 2784 1456 τρεῖς
2813 1382 2869 1436 δέ
2913 1380 3124 1453 ἡμέρας
3156 1381 3244 1435 διὰ
3278 1379 3437 1435 τοῦτο
3470 1380 3757 1451 συνεχώρηο

2120 1493 2230 1539 σεν,
2286 1475 2372 1528 ἵνα
2416 1470 2680 1542 πιστευθῇ
2717 1472 2799 1530 δτι
2846 1469 3137 1523 ἀπέθανεν.
3185 1469 3260 1522 Οὐ
3289 1470 3400 1538 γὰρ
3436 1465 3514 1537 τῷ
3565 1466 3761 1538 σταυρῷ

2118 1560 2377 1618 αύτδ³⁶ο³⁹
2393 1559 2549 1632 μόνον
2572 1555 2902 1631 βεϐαιοῦται,
2924 1557 3018 1610 καὶ
3042 1559 3107 1627 τῇ
3136 1555 3350 1609 πάντων
3371 1554 3514 1623 ὕψει,
3537 1553 3664 1607 ἀλλὰ
3680 1554 3760 1606 καὶ

2117 1648 2196 1720 τῷ
2232 1648 2405 1719 χρόνῳ
2450 1645 2558 1701 τῶν
2601 1641 2847 1716 ήμερῶν.
2887 1645 2966 1715 Τῇ
3020 1644 3118 1713 μὲν
3143 1641 3251 1714 7&9
3300 1641 3592 1695 ἀναστάσει
3620 1640 3761 1704 πᾶςὸ

2123 1731 2260 1806 μετὰ
2295 1733 2469 1787 ταῦτα
2503 1730 2696 1804 ἔμελλε
2726 1731 3100 1804 μαρτυρήσειν
3132 1729 3324 1799 χρόνος
3343 1744 3357 1759 ο
3392 1729 3422 1780 ό
3444 1722 3666 1798 σταυρὸς
3692 1725 3757 1791 δὲ,

2116 1826 2165 1879 εί
2197 1824 2271 1896 μὴ
2299 1822 2421 1879 τότε
2462 1820 2631 1877 πολλά
2668 1820 2795 1892 ἔσχε
2847 1819 2915 1874 τὰ
2961 1817 3343 1891 μαρτυροῦντα
3379 1817 3528 1889 αὐτῷ
3557 1820 3758 1888 σημεῖα,

2117 1912 2221 1967 κᾶν
2251 1911 2524 1982 ἠπιστήθη
2551 1925 2564 1939 ·
2586 1908 2778 1963 τούτου
2805 1907 2861 1962 δὲ
2884 1906 3291 1977 ἀπιστηθέντος,
3316 1907 3413 1960 καὶ
3438 1906 3760 1978 ήάνάστατις

2116 2001 2182 2056 ἂν
2208 2000 2559 2073 διηπιστήθη.
2584 1999 2683 2053 Διά
2712 1998 2871 2052 τοῦτο
2900 1996 2995 2051 καὶ
3018 1998 3241 2067 σημεῖον
3266 1995 3401 2050 αὐτὸ
3431 1994 3602 2049 καλεῖ.
3629 1997 3688 2049 El
3712 1995 3761 2047 δὲ

2120 2091 2196 2161 μὴ
2228 2086 2570 2160 ἐσταυρώθη,
2595 2086 2695 2140 οὐκ
2716 2086 2783 2138 ἂν
2818 2083 2974 2152 ἐδόθη
3000 2083 3062 2135 τὸ
3092 2084 3338 2153 σημεῖον.
3381 2083 3482 2137 Διά
3506 2081 3655 2136 τοῦτο
3683 2082 3762 2134 καὶ

2115 2169 2209 2230 τὸν
2236 2176 2404 2230 τύπον
2452 2174 2607 2245 φέρει
2668 2176 2749 2235 είς
2794 2171 2981 2242 μέσον,
3039 2172 3126 2225 ἵνα
3155 2170 3417 2242 πιστευθῇ
3449 2171 3484 2242 ή
3535 2168 3759 2241 ἀλήθεια.

2118 2263 2254 2317 Εἰπὲ
2278 2262 2387 2335 γάρ
2417 2279 2547 2332 μοι,
2590 2258 2861 2330 φαντασία
2886 2253 2954 2329 ἦν
2996 2258 3178 2320 Ἰωνᾶς
3217 2255 3368 2329 [460]
3420 2258 3480 2309 ἐν
3509 2258 3574 2328 τῇ
3606 2255 3762 2325 κοιλίᾳ

2117 2349 2212 2406 τοῦ
2244 2352 2472 2423 κήτους;
2537 2347 2676 2401 Ἀλλ’
2710 2346 2811 2400 ούκ
2845 2345 2911 2400 ἀν
2950 2344 3095 2416 ἔχοις
3146 2343 3302 2399 τοῦτο
3332 2345 3529 2398 εἰπεῖν.
3576 2340 3762 2398 οὐκοῦν

2118 2439 2241 2494 ούδέ
2264 2442 2293 2494 ὁ
2328 2437 2564 2510 Χριστὸς
2602 2439 2659 2490 ἐν
2685 2438 2752 2508 τῇ
2783 2434 2982 2506 καρδίᾳ
3010 2434 3109 2504 τῆς
3143 2433 3266 2504 γῆς.
3291 2433 3365 2487 ού
3396 2435 3508 2506 γὰρ
3537 2433 3696 2503 δήπου
3736 2433 3762 2483 ό

2123 2527 2221 2597 μὲν
2248 2526 2419 2588 τύπος
2444 2526 2503 2578 ἐν
2552 2522 2801 2593 ἀληθείᾳ,
2853 2524 2887 2593 ή
2913 2522 2973 2575 δέ
2994 2520 3220 2591 ἀλήθεια
3250 2522 3307 2577 ἐν
3346 2522 3633 2592 φαντασίᾳ.
3677 2518 3762 2573 Διά

2118 2613 2275 2668 τοῦτο
2315 2610 2588 2682 πανταχοῦ
2616 2611 2708 2663 τὸν
2736 2609 2964 2662 θάνατον
2994 2607 3160 2661 αὐτοῦ
3191 2608 3647 2676 καταγγέλλομεν,
3681 2607 3761 2658 καὶ

2121 2700 2179 2752 ἐν
2198 2700 2310 2762 τοῖς
2333 2696 2671 2768 μυστηρίοις,
2709 2693 2805 2747 καὶ
2842 2694 2902 2747 ἐν
2937 2692 3013 2764 τῷ
3064 2692 3421 2762 βαπτίσματι,
3455 2691 3550 2744 καὶ
3572 2692 3625 2744 ἐν
3666 2693 3761 2751 τοῖς

2120 2786 2299 2849 ἄλλοις
2330 2785 2521 2839 ἀπασι.
2555 2782 2655 2836 Διά
2681 2779 2839 2835 τοῦτο
2887 2781 2982 2835 καὶ
3011 2781 3040 2834 ό
3071 2777 3282 2841 Παῦλος
3321 2779 3552 2850 λαμπρᾷ
3596 2777 3685 2848 βοᾷ
3705 2779 3759 2846 τῇ

2123 2876 2274 2945 φωνῇ
2295 2889 2310 2905 ·
2363 2871 2522 2942 Ἐμοὶ
2550 2870 2619 2925 δὲ
2651 2868 2736 2940 μὴ
2759 2868 2991 2936 γένοιτο
3020 2861 3379 2937 καυχᾶσθαι,
3420 2873 3474 2921 ει
3509 2865 3592 2936 μὴ
3615 2866 3677 2918 ἐν
3694 2864 3761 2929 τῷ

2122 2958 2362 3029 σταυρῷ
2395 2958 2500 3013 τοῦ
2528 2958 2747 3025 Κυρίου
2768 2955 2936 3025 ἡμῶν
2968 2953 3172 3023 Ἰησοῦ
3207 2954 3486 3022 Χριστοῦ.
3516 2952 3668 3006 Ὅθεν
3685 2951 3762 3019 δῆ-

2119 3049 2235 3110 λον,
2260 3049 2342 3101 ὅτι
2373 3046 2535 3099 τέκνα
2573 3044 2667 3098 τοῦ
2695 3043 2943 3098 διαϐόλου
2978 3043 3114 3096 εἰσὶν
3146 3043 3196 3095 οἱ
3238 3042 3306 3095 τά
3352 3040 3665 3113 Μαρκίωνος
3686 3055 3760 3090 νο-

2124 3134 2365 3198 σοῦντες,
2392 3133 2491 3186 ταῦ
2502 3150 2567 3186 τα
2586 3131 2977 3202 ἐξαλείφοντες,
2998 3131 3138 3199 άπερ
3161 3128 3302 3183 ὥστε
3327 3128 3403 3201 μὴ
3430 3127 3761 3199 ἀφανισθῆναι

2126 3222 2294 3295 μυρία
2321 3221 2573 3291 ἐποίησεν
2606 3220 2635 3272 ὁ
2658 3219 2911 3292 Χριστὸς,
2943 3219 3034 3271 καὶ
3057 3217 3199 3272 ὥστε
3219 3217 3580 3288 ἀφανισθῆναι
3617 3212 3761 3285 μυρία

2124 3312 2458 3366 ἐσπούδακεν
2488 3311 2517 3364 ὁ
2545 3308 2810 3372 διάϐολος,
2834 3308 2925 3362 τὸν
2966 3306 3192 3379 σταυρὸν
3219 3305 3362 3375 λέγω
3392 3307 3487 3361 καὶ
3511 3306 3570 3359 τὸ
3595 3304 3759 3365 πάθος.

2124 3402 2224 3457 Διά
2258 3401 2416 3455 τοῦτο
2443 3400 2597 3468 ἐλεγε
2622 3398 2719 3452 καὶ
2752 3396 2987 3469 ἀλλαχοῦ
3012 3412 3027 3426 '
3069 3397 3308 3450 Λύσατε
3340 3396 3452 3449 τὸν
3480 3394 3626 3449 ναὸν
3647 3391 3763 3445 toﬁ-

2124 3506 2248 3548 τον.
2275 3489 2370 3542 καὶ
2394 3487 2464 3542 ἐν
2490 3486 2685 3556 τρισίν
2711 3484 2957 3556 ἡμέραις
2975 3482 3154 3555 ἐγερῶ
3174 3483 3362 3537 αὐτόν
3379 3499 3394 3514 ο
3429 3483 3542 3545 καὶ,
3569 3483 3763 3535 Ἔσον-

2125 3593 2218 3632 ται
2250 3576 2481 3646 ήμέραι,
2520 3574 2666 3629 ὅταν
2704 3571 2943 3641 ἀπαρθῇ
2967 3571 3069 3627 ἀπ’
3097 3568 3297 3625 αὐτῶν
3319 3573 3352 3625 ὁ
3376 3569 3657 3639 νυμφίοςοι
3683 3564 3762 3618 καὶ

2126 3662 2377 3726 ἐνταῦθα,
2410 3663 2493 3716 Οὐ
2537 3660 2855 3728 δοθήσεται
2874 3656 3029 3728 αὐτῇ
3057 3656 3330 3726 σημεῖον,
3367 3661 3423 3711 ει
3450 3654 3537 3726 μὴ
3570 3653 3630 3708 τὸ
3663 3667 3760 3716 ση-

2123 3751 2298 3822 μεῖον
2326 3748 2495 3806 Ἰωνᾶ
2520 3748 2625 3804 τοῦ
2647 3748 2984 3818 προφήτου·
3016 3747 3112 3801 καὶ
3131 3747 3213 3800 ὅτι
3234 3744 3375 3815 ὑπὲρ
3401 3743 3579 3799 αύτῶν
3604 3739 3762 3794 πείσε-

2128 3856 2217 3893 ται
2244 3837 2440 3909 δηλῶν,
2480 3838 2573 3892 καὶ
2622 3838 2703 3891 ὅτι
2757 3836 2908 3889 οὐδὲν
2942 3831 3293 3906 κερδανοῦσι·
3316 3830 3478 3885 τοῦτο
3514 3829 3616 3899 γάρ
3644 3822 3761 3898 μετὰ

2128 3926 2299 3980 ταῦτα
2326 3925 2626 3996 ἐδήλωσεν.-
2650 3924 2788 3977 Ἀλλ’
2818 3925 2966 3993 ὅμως
3004 3922 3097 3976 καὶ
3127 3919 3300 3974 ταῦτα
3325 3919 3482 3982 εἰδὼς
3509 3916 3724 3971 ἀπέθανε
3745 3927 3758 3941 ο

2130 4012 2363 4083 τοσαύτη
2385 4008 2453 4084 ἦν
2477 4012 2639 4066 αὐτοῦ
2671 4014 2705 4082 ἠ
2733 4010 3046 4083 κηδεμονία.
3074 4009 3193 4062 Ἶνα
3210 4008 3320 4079 7&9
3350 4006 3427 4079 μὴ
3463 4005 3677 4075 νομίσῃς
3691 3999 3759 4051 ὅτι

2131 4104 2226 4156 καὶ
2249 4102 2319 4156 τὰ
2350 4102 2477 4173 ἑξῆς
2507 4101 2733 4155 τοιαῦτα
2786 4100 2936 4153 ἔσται
2977 4099 3069 4152 ἐπὶ
3098 4098 3206 4150 τῶν
3262 4095 3548 4156 Ἰουδαίων,
3579 4086 3660 4145 οία
3685 4088 3761 4140 ἐπὶ

2130 4194 2239 4248 τῶν
2265 4192 2579 4258 Νινευῖτῶν,
2609 4192 2701 4246 καὶ
2722 4192 3234 4262 ἐπιστραφήσονται,
3255 4186 3351 4241 καὶ
3373 4184 3616 4253 καθάπερ
3637 4176 3760 4233 ἐκεί-

2062 4310 2074 4322 ·
2134 4299 2246 4345 νοις
2294 4281 2578 4352 σειομένην
2609 4279 2706 4351 τὴν
2740 4278 2892 4332 πόλιν
2924 4277 3139 4347 ἔστησε,
3184 4275 3278 4330 καὶ
3316 4274 3451 4337 τοὺς
3485 4269 3761 4343 βαρϐάρους

2130 4367 2459 4441 ἐπέστρεψεν
2483 4408 2497 4428 ,
2531 4366 2672 4420 οὕτω
2704 4367 2798 4420 καὶ
2846 4359 2992 4419 οὗτοι
3034 4364 3171 4433 μετά
3204 4362 3302 4429 τὴν
3354 4360 3642 4414 ἀνάστασιν
3666 4356 3762 4441 ἐπι-

2131 4440 2470 4523 στρέφουσιν,
2523 4453 2753 4509 ἄκουσον
2801 4450 2917 4507 πῶς
2962 4449 3267 4503 τούναντίον
3301 4447 3445 4501 ἅπαν
3472 4444 3632 4516 δηλοῖ.
3657 4440 3760 4492 Ὀτι

2128 4540 2237 4612 7&9
2258 4540 2410 4593 οὐδὲν
2440 4538 2819 4611 καρπώσονται
2852 4535 3099 4590 ἐντεῦθεν
3137 4535 3217 4598 είς
3249 4534 3347 4603 τὴν
3377 4532 3580 4586 οἰκείαν
3623 4528 3756 4593 £559-

2128 4611 2346 4699 γεσίαν,
2393 4626 2529 4680 ἀλλά
2560 4626 2657 4681 καὶ
2696 4626 2969 4697 ἀνήκεστα
3013 4621 3313 4686 πείσονται,
3353 4621 3451 4674 καὶ
3477 4617 3628 4672 τοῦτο
3652 4611 3758 4680 ἑξῆς

2129 4718 2365 4789 ἐδήλωσε
2394 4713 2483 4770 διά
2505 4715 2600 4769 τοῦ
2626 4713 2768 4769 κατά
2792 4713 2883 4767 τὸν
2907 4712 3135 4783 δαίμονα
3159 4710 3611 4783 παραδείγματος.
3633 4702 3758 4760 Τέως

2128 4804 2187 4859 δὲ
2217 4804 2357 4873 ὑπὲρ
2382 4794 2460 4856 ὧν
2494 4801 2745 4873 μέλλουσι
2779 4799 3012 4870 πάσχειν
3060 4797 3197 4870 μετὰ
3219 4796 3393 4850 ταῦτα
3421 4792 3756 4861 ἀπολογεῖται»

2128 4892 2340 4955 δεικνὺς
2362 4892 2445 4945 ὅτι
2476 4888 2701 4952 δικαίως
2745 4889 3039 4947 πείσονται.
3088 4886 3200 4951 Τὰς
3240 4886 3337 4956 μὲν
3358 4885 3482 4957 -γὰρ
3508 4874 3758 4948 συμφοράς

2130 4980 2310 5035 αὐτῶν
2348 4980 2442 5034 καὶ
2465 4978 2562 5051 τὴν
2585 4977 2821 5049 ἐρημίαν
2847 4976 2957 5031 ἀπὸ
2983 4974 3076 5029 τοῦ
3110 4973 3545 5046 παραδείγματος
3577 4965 3758 5021 ἐκείνου

2131 5068 2460 5139 παρίστησι·
2493 5065 2630 5127 τέως
2658 5064 2713 5117 δέ
2733 5064 3021 5126 δείκνυσιν,
3056 5062 3138 5115 ὅτι
3169 5059 3390 5123 δικαίως
3424 5056 3591 5111 ταῦτα
3610 5053 3756 5139 πάνῖα

2132 5135 2491 5224 ὑπομενοῦσιν
2511 5170 2524 5185 ·
2546 5154 2682 5225 ὅπερ
2708 5153 2802 5207 καὶ
2829 5151 2922 5205 ἐπὶ
2948 5151 3047 5221 τῆς
3072 5149 3312 5210 Παλαιᾶς
3340 5146 3528 5200 ἐποίει.
3555 5138 3655 5196 Καὶ
3671 5135 3759 5225 γᾲρ

2129 5245 2198 5297 τὰ
2225 5222 2434 5312 Σόδομα
2462 5222 2670 5311 μέλλων
2704 5239 3005 5311 καθαιρεῖν,
3033 5235 3410 5305 ἀπελογήσατο
3437 5231 3514 5302 τῷ
3539 5222 3752 5312 ’Δϐρςιάμ

2130 5310 2416 5398 πρότερον,
2439 5310 2538 5395 τὴν
2572 5321 2808 5394 ἐρημίαν
2841 5321 3025 5387 δείξας
3049 5319 3144 5372 καὶ
3178 5318 3277 5389 τὴν
3314 5318 3508 5371 σπάνιν
3539 5313 3632 5381 τῆς
3649 5310 3756 5398 ἀρε·

2130 5390 2256 5480 τής,
2301 5390 2434 5460 δπου
2482 5390 2545 5474 γε
2587 5390 2709 5459 ούδέ
2755 5404 2889 5458 δέκα
2922 5401 3225 5475 εὑρέθησαν
3266 5398 3454 5470 ἄνδρες
3498 5398 3556 5480 ἐν
3599 5390 3757 5480 πόλεσι

2130 5470 2420 5553 τοσαύταις
2459 5470 2750 5559 σωφρόνως
2775 5488 2875 5559 ζῇν
2915 5470 3306 5559 προῃρημένοι.
3349 5482 3456 5536 Καὶ
3481 5479 3557 5550 τῷ
3585 5475 3692 5564 Λώτ
3704 5470 3756 5564 δὲ

2130 5576 2327 5646 ὁμοίως
2375 5573 2554 5638 δείξας
2582 5558 2679 5644 τὴν
2713 5558 3018 5644 μισοξενίαν
3048 5558 3145 5623 καὶ
3185 5570 3311 5631 τοὺς
3353 5566 3578 5626 ἀτόπους
3606 5558 3757 5613 αὐτῶν

382 5718 386 5723 ’
440 5723 483 5756 "
510 5719 620 5791 ὅτε]
647 5719 736 5777 Sic
756 5720 852 5791 Ep.
875 5723 1000 5777 ὅταν
1022 5722 1180 5777 codd.
1214 5731 1268 5791 ει
1292 5719 1427 5775 Edd.
1502 5723 1550 5755 “
1575 5719 1698 5775 ούδέ
1726 5717 1795 5791 ιζ.
1822 5717 1919 5786 Ep.

2159 5711 2472 5791 ίαλιπρντεςῖ
2499 5712 2864 5791 αᾶιιηγάρ-ι).
2889 5718 2949 5791 _e_l
2975 5724 3120 5791 c_or_r.
3247 5780 3260 5791 _
3296 5710 3340 5743 ³ο
3370 5704 3475 5791 καί
3498 5697 3678 5791 θέη-

373 5791 432 5848 E.
464 5792 525 5847 F.
600 5793 642 5825 "
666 5793 765 5846 οὒκ
794 5790 938 5863 Quod
966 5792 1117 5863 degs}
1152 5790 1363 5863 inﬁgiﬂ.
1394 5791 1537 5863 exul“.
1559 5793 1637 5863 Ep

1646 5760 1935 5844 Ῐέίῦοἷέξ.
1959 5804 1965 5841 :

2851 5760 2864 5766 -
2887 5760 3422 5857 δαίδτῇ-ρὶῖιιιίετιιῃι
3438 5771 3571 5857 ΕΖΕ.
3603 5760 3756 5857 Ep:

369 5834 577 5919 ᾰίιιετίε
595 5863 766 5918 deest.
794 5831 827 5863 Ἰ
844 5863 891 5895 ³⁸
907 5831 1064 5934 όταν]
1081 5861 1171 5916 Sic
1210 5857 1342 5914 Edd.
1372 5831 1590 5934 clivdicqs
1605 5831 1727 5934 .635;
1747 5859 1878 5934 ΜυιιΔ
1888 5857 1965 5934 δτι

2159 5831 2227 5934 ἴε.
2251 5854 2368 5934 καί)
2401 5856 2462 5909 C.
2486 5855 2551 5911 D.
2573 5854 2927 5934 gal_c&(uln:‘
2943 5831 3151 5934 6:911.
3172 5919 3210 5934 ﬁ
3228 5847 3453 5934 ’ζπάλιν
3477 5845 3647 5934 Ιἄοικοι
3681 5831 3757 5887 καὶ

372 5933 456 6005 φ.]
478 5916 659 5988 πλάνοι
676 5916 780 5987 καὶ
806 5951 868 6004 φ.
905 5931 966 5986 Ε.
999 5916 1315 5988 Εῗετναηεεε
1346 5947 1407 5984 ac
1439 5931 1648 6000 profugi
1689 5930 1785 5984 Ge.
1861 5928 1907 5960 ³⁸
1927 5946 1965 5982 κε

2172 5924 2233 5982 Ρ.
2269 5929 2292 5982 ἱ
2321 5916 2491 5995 ιίοειι.
2572 5924 2690 5980 ⁸⁶.³⁷
2712 5916 2859 5994 αὐτῷ
2889 5921 2950 5976 D.
2976 5919 3140 5976 αὐτοῦ
3171 5919 3232 5975 Ε.
3262 5918 3384 5974 νῑά.
3428 5916 3603 5971 adnol.
