3908 6198
228 272 328 328 ιιόἶ

225 396 347 441 runt
370 383 418 442 ei
435 381 640 452 quidam
668 375 949 434 scribarum
971 372 1171 442 signant
1195 376 1432 438 petentes.
1457 361 1624 426 Tunc,
1649 372 1818 428 quan.

225 473 464 532 nonam?
491 474 625 530 Cum
654 484 856 526 morem
902 478 1090 536 gerere
1109 503 1130 529 ,
1156 458 1336 515 mirari
1361 498 1376 524 ,
1409 455 1786 521 obstupescere
1804 487 1822 514 ,

233 568 487 624 recedere
537 561 837 634 oportebat,
872 567 998 612 tunc
1025 569 1056 610 a
1086 549 1320 622 nequitia
1376 562 1480 601 non
1533 542 1820 598 absistunt.

227 657 552 714 Consideres
578 633 757 709 autem
785 651 945 706 velim
966 647 1128 702 verba
1153 640 1455 698 adulatione
1481 647 1534 691 et
1559 633 1828 689 derisioue

227 752 406 820 plena.
425 744 816 817 ExSpectabant
833 741 973 796 enim
995 738 1098 793 hac
1119 735 1322 790 ratione
1340 747 1400 787 se
1416 730 1561 785 illum
1581 726 1828 797 pellectu-

231 858 326 897 ros
352 855 492 896 esse.
526 838 591 892 Et
619 849 759 890 nunc
786 832 1001 904 quidem
1040 824 1362 884 contumelia
1387 821 1624 876 afﬁciunt
1642 859 1658 883 ,
1687 831 1828 871 nunc

226 944 410 986 autem
459 927 742 983 adulantur
765 965 780 987 ,
809 936 949 988 nunc
997 916 1393 973 diruioniacum.
1428 918 1655 973 vocant,
1685 921 1829 961 nunc

228 1026 574 1094 magistrum,
606 1028 888 1086 utrumque
917 1012 1059 1067 malo
1082 1009 1262 1065 animo
1280 1046 1296 1071 ,
1323 1003 1531 1060 etiamsi
1561 997 1828 1056 contraria

227 1089 375 1170 dieia
406 1113 532 1167 sint.
566 1109 689 1164 Ideo
708 1109 760 1162 in
789 1106 908 1160 illos
930 1102 1274 1157 vehementer
1299 1095 1586 1152 invehitur.
1606 1089 1830 1158 Quando

228 1216 413 1261 autem
446 1203 592 1258 illum
625 1212 816 1268 aspere
847 1189 1261 1262 interrogabant,
1284 1197 1340 1242 et
1363 1182 1688 1241 contumelia
1715 1178 1832 1234 afﬁ-

229 1298 466 1362 ciehaiit,
503 1291 781 1347 moderate
809 1301 930 1341 cum
978 1283 1082 1338 illis
1122 1278 1471 1349 loquebatur;
1505 1288 1624 1329 cum
1651 1278 1830 1325 autem

230 1387 612 1450 adulahantur,
634 1381 830 1436 acriter
857 1387 911 1432 et
935 1390 1057 1432 cum
1081 1372 1244 1427 multa
1271 1365 1626 1430 vehementia,
1647 1370 1830 1417 osten-

230 1482 374 1536 dens
402 1495 462 1534 se
491 1486 716 1546 utroque
743 1471 835 1527 illo
858 1469 1052 1525 aﬁ‘ectu
1082 1480 1205 1522 esse
1235 1463 1567 1533 superiorem
1601 1477 1614 1513 :
1643 1472 1707 1512 ac
1734 1471 1832 1512 ne-

232 1589 344 1644 que
386 1581 512 1625 tunc
565 1568 617 1621 in
669 1567 801 1620 iram
845 1559 1176 1625 concitatur,
1203 1570 1376 1626 neque
1417 1569 1482 1608 ex
1531 1549 1834 1605 adulatione

232 1639 511 1721 delinitur.
543 1659 676 1715 Vide
705 1667 882 1711 autem
915 1649 1363 1722 objurgatiouem,
1385 1660 1502 1716 quae
1526 1658 1632 1697 non
1659 1639 1834 1696 solum

233 1753 540 1812 criminatio
581 1751 685 1814 sit,
730 1761 914 1802 verum
961 1744 1122 1799 etiam
1163 1735 1546 1795 demonstratio
1586 1731 1834 1802 nequitiae

233 1863 446 1904 eorum.
477 1843 614 1912 Quid
649 1841 792 1896 enim
823 1838 931 1892 ait?
962 1834 1229 1890 Generatio
1272 1827 1407 1882 mala
1435 1836 1482 1880 et
1506 1825 1738 1878 adultera
1766 1823 1836 1876 si-

234 1956 394 2010 gnant
416 1934 615 2009 quierit.
638 1932 692 1988 Id
719 1939 797 1987 est
823 1926 995 1997 :Quid
1017 1925 1208 1981 mirum
1239 1922 1283 1976 si
1311 1920 1423 1974 [rec
1441 1917 1722 1971 adversum
1750 1929 1836 1968 ine

236 2005 450 2098 facitis,
501 2028 592 2100 qui
632 2026 807 2082 adhuc
853 2022 1006 2078 vobis
1048 2025 1208 2074 notus
1260 2030 1363 2070 non
1419 2025 1571 2074 smn,
1623 2005 1836 2078 quando

235 2139 366 2192 erga
391 2098 627 2182 Patrem,
651 2116 800 2187 cujus
823 2111 1072 2185 potentia:
1099 2117 1242 2164 tanta
1265 2105 1630 2174 experimenta
1652 2098 1838 2154 Ιιιιὺυίς

235 2216 359 2279 Stis,
391 2212 624 2282 idipsum
657 2205 899 2263 fecistis?
923 2202 1057 2258 Nam
1090 2201 1179 2256 illo
1224 2198 1410 2254 relicto
1432 2235 1449 2262 ,
1472 2193 1539 2248 ad
1565 2193 1837 2248 daemonas

236 2307 542 2366 currebatis
561 2345 577 2371 ,
607 2311 878 2358 amatores
908 2311 1103 2369 pravos
1147 2290 1516 2356 attrahentes;
1546 2285 1686 2358 quod
1727 2283 1836 2340 l‘re-

237 2413 469 2476 quenter
492 2400 594 2454 illis
623 2395 872 2454 Ezechiel
887 2392 1101 2464 -probro
1125 2387 1320 2456 vertit(
1345 2383 1531 2438 Ezech.
1559 2383 1624 2436 I6
1644 2381 1690 2453 ).
1714 2379 1838 2434 Ilaec

236 2472 419 2550 autem
450 2491 698 2557 dicebat,
729 2485 1020 2542 ostendens
1047 2497 1109 2537 se
1139 2495 1259 2534 cum
1291 2478 1452 2534 Patre
1493 2472 1797 2530 consciitire
1817 2511 1835 2537 ,

236 2591 497 2660 ipsosque
543 2584 675 2641 nihil
725 2581 998 2637 insolitum
1050 2575 1264 2636 facere;
1293 2582 1592 2638 arcanaque
1643 2564 1840 2620 mentis

239 2659 483 2750 ipsorum
523 2676 761 2740 revelat,
793 2669 936 2743 quod
963 2682 1155 2736 nempe
1181 2678 1304 2721 cum
1327 2659 1662 2718 simulatione
1679 2663 1840 2726 atque

241 2784 302 2830 ut
344 2773 543 2829 inimici
572 2770 622 2825 id
650 2773 913 2840 peterent.

348 2865 579 2921 Christus
621 2877 678 2917 se
746 2858 896 2912 Patri
964 2853 1208 2926 (aqualem
1278 2847 1510 2904 ostendit.
1538 2874 1610 2886 -—
1638 2841 1843 2898 Idcirco

243 2959 368 3014 illos
405 2954 806 3028 generationem
845 2963 1058 3022 pravam
1097 2951 1274 3009 vocat,
1304 2941 1426 3013 quia
1463 2937 1654 3009 ingrati
1699 2950 1842 2992 seui-

243 3068 342 3121 per
369 3026 496 3106 snnt
522 3063 646 3118 erga
673 3043 974 3106 beneﬁcos;
1005 3048 1061 3095 et
1093 3037 1138 3092 si
1173 3035 1308 3091 bene
1338 3046 1458 3088 cum
1497 3030 1601 3086 illis
1644 3026 1839 3098 agitur,

241 3120 458 3215 pejores
485 3139 652 3204 ﬁunt;
675 3135 816 3208 quod
841 3142 923 3189 est
945 3140 1197 3188 extremae
1218 3123 1605 3197 improbitatis;
1635 3120 1842 3175 adulte-

241 3212 362 3293 ram
396 3250 527 3289 vero
565 3230 806 3295 vocavit,
838 3236 894 3282 et
919 3226 1147 3295 priorem
1173 3230 1228 3276 et
1255 3226 1572 3290 pra-sentem
1599 3212 1847 3269 incredu-

243 3331 449 3384 litatem
505 3322 844 3395 signiﬁcans;
899 3317 1040 3374 unde
1081 3316 1271 3371 iterum
1321 3309 1554 3367 ostendit
1606 3321 1665 3362 se
1700 3306 1843 3360 Patri

243 3423 506 3492 :equalem
527 3433 668 3483 esse,
697 3412 957 3484 siquidem
981 3410 1030 3465 id
1054 3408 1198 3463 illam
1222 3405 1514 3459 adulteram
1540 3399 1682 3465 facit,
1703 3397 1844 3468 quod

245 3490 352 3573 sibi
382 3532 488 3572 non
517 3512 718 3571 credat.
773 3505 973 3563 Deinde
997 3512 1115 3575 post
1141 3505 1255 3557 haec
1281 3496 1520 3553 convicia
1541 3536 1555 3560 ,
1583 3492 1710 3564 quid
1737 3490 1844 3545 ait?

248 3610 364 3666 Nec
383 3609 585 3678 signum
610 3603 811 3658 dabitur
831 3605 897 3666 ei,
918 3597 1017 3653 nisi
1035 3596 1231 3666 signant
1255 3590 1405 3645 .Iome
1425 3586 1700 3659 praphetat.
1727 3583 1846 3672 .lam

249 3669 558 3758 sermonem
587 3695 656 3751 de
684 3689 1079 3749 resurrectione
1126 3682 1432 3756 praemittit,
1459 3693 1633 3749 exque
1682 3669 1846 3747 ﬁgura

250 3791 558 3848 conﬁrmat.
584 3785 720 3854 Quid
750 3783 928 3853 igitur,
963 3777 1189 3848 inquies,
1225 3787 1400 3827 nonne
1429 3771 1638 3840 signum
1664 3767 1845 3823 datum

249 3893 340 3940 est
362 3881 455 3937 ei?
482 3879 596 3935 Non
626 3877 805 3932 datum
832 3880 916 3928 est
961 3867 1180 3940 petenti.
1214 3865 1327 3920 Non
1357 3863 1501 3918 enim
1531 3868 1588 3915 ut
1616 3859 1734 3914 illos
1763 3857 1846 3912 iii-

251 3978 498 4041 duceret,
525 3975 672 4043 signa
700 3968 928 4024 faciebat
960 3983 973 4017 :
1001 3961 1207 4019 sciebat
1233 3957 1376 4014 enim
1409 3956 1528 4010 illos
1554 3959 1849 4009 excmcatus

253 4085 414 4134 esse;
445 4066 540 4123 sed
572 4075 624 4119 ut
655 4063 791 4116 alios
818 4056 1147 4115 emendaret.
1185 4051 1279 4107 Vel
1309 4052 1409 4104 hoc
1432 4045 1716 4103 dicendum
1745 4038 1847 4110 est,

254 4164 341 4220 vel
369 4162 468 4226 sic,
497 4165 640 4229 ipsos
666 4169 860 4223 nempe
887 4154 1094 4222 signum
1137 4162 1242 4202 non
1285 4153 1600 4213 acoepturos
1625 4153 1746 4194 esse
1775 4137 1852 4192 illi

255 4253 454 4310 simile.
477 4250 698 4320 Signum
722 4245 918 4316 quippe
942 4242 1120 4298 datum
1145 4238 1250 4292 illis
1269 4243 1352 4292 est
1375 4232 1588 4304 quando
1607 4230 1850 4300 castigati

255 4348 376 4418 ejus
419 4343 710 4415 potentiam
741 4345 1027 4395 noverunt.
1054 4333 1153 4390 llic
1180 4332 1360 4401 itaque
1381 4329 1552 4383 minas
1583 4326 1854 4381 intentans

258 4416 654 4511 loquitur,.lioc
679 4435 850 4505 ipsum
880 4427 1246 4492 subiiidicans,
1273 4438 1338 4478 ac
1362 4421 1407 4476 si
1434 4420 1640 4476 diceret
1667 4433 1680 4470 :
1713 4416 1851 4472 Sex-

259 4509 419 4589 ccnta
464 4527 722 4585 beneﬁcia
760 4522 981 4586 contuli,
1021 4521 1222 4575 nullum
1271 4529 1455 4570 eorum
1482 4526 1581 4568 vos
1616 4509 1852 4574 attraxit,

264 4637 442 4693 neque
469 4617 712 4674 voluistis
741 4614 1029 4686 potentiam
1052 4624 1224 4664 meam
1245 4606 1490 4660 adorare.
1515 4603 1617 4658 Per
1641 4609 1858 4655 contra-

262 4719 341 4773 ria
367 4730 500 4786 ergo
525 4708 860 4781 cognoscetis
897 4701 1260 4761 fortitudinem
1290 4712 1484 4762 meam,
1515 4711 1636 4750 cum
1668 4692 1854 4748 urbem

262 4783 502 4866 excisam
534 4802 772 4859 videritis
792 4842 806 4863 ,
834 4797 1048 4869 quando
1078 4794 1377 4849 destructos
1415 4802 1617 4852 tauros,
1647 4783 1858 4856 quando

266 4900 524 4969 templum
567 4893 848 4950 maceriem
903 4889 1146 4945 elIectnm
1171 4929 1182 4948 ,
1211 4881 1424 4953 quando
1461 4898 1525 4935 ex
1565 4879 1782 4934 civitate
1806 4885 1860 4930 et

265 4992 596 5049 exlihertate
628 4986 849 5056 pristina
879 4979 1183 5038 excideritis
1204 4994 1218 5042 ;
1241 4985 1295 5031 et
1324 4988 1506 5029 rursus
1532 4981 1778 5028 extorres
1805 4977 1862 5024 ot

268 5082 476 5154 profugi
499 5079 694 5150 ubique
719 5074 980 5131 errabilis.
1019 5071 1143 5126 Haec
1167 5069 1360 5138 quippe
1386 5066 1563 5120 omnia
1595 5075 1715 5134 post
1740 5077 1858 5117 cru-

268 5194 387 5236 cem
429 5177 563 5230 Iacta
606 5186 748 5228 sunt.
781 5170 906 5226 Ilaec
953 5181 1080 5237 ergo
1121 5164 1273 5217 vobis
1317 5176 1412 5231 pro
1449 5160 1615 5230 signis
1658 5156 1863 5225 magnis

269 5280 448 5328 erunt.
481 5267 614 5324 Nam
643 5274 788 5322 certe
826 5261 1114 5318 niaximum
1157 5256 1284 5312 illud
1328 5262 1410 5310 est
1453 5253 1660 5322 signum
1682 5291 1696 5313 ,
1721 5246 1864 5319 quod

274 5363 415 5418 mala
440 5363 676 5430 ipsorum
704 5357 921 5410 immota
953 5357 1238 5413 maneant,
1270 5343 1416 5416 quod
1457 5341 1752 5399 innumeris
1774 5353 1865 5394 co-

277 5453 550 5516 nantibus,
583 5463 740 5504 nemo
761 5445 929 5516 possit
966 5441 1167 5498 mederi
1207 5437 1362 5492 malis
1385 5449 1504 5505 qua:
1533 5434 1586 5487 in
1609 5431 1864 5487 ultionem

279 5549 409 5618 ipsis
446 5544 684 5600 immissa
711 5549 854 5596 sunt.
894 5537 998 5594 Sed
1045 5535 1159 5590 haec
1196 5533 1407 5603 quidem
1437 5531 1525 5585 ille
1552 5545 1657 5584 non
1700 5525 1864 5592 dicit,

279 5654 465 5694 verum
506 5635 758 5702 relinquit
785 5648 846 5687 ea
884 5639 942 5685 ut
968 5627 1266 5698 insequenti
1309 5636 1547 5694 tempore
1573 5619 1703 5690 ipsis
1725 5619 1867 5673 clara

281 5733 510 5792 evadant
539 5748 552 5783 :
582 5727 793 5785 interim
820 5739 947 5780 vero
985 5717 1391 5780 resurrectionis
1419 5728 1721 5774 sermonem
1760 5719 1865 5768 trti-

1219 253 1285 309 IN
1323 241 1733 306 MATTIIIEUM
1770 237 1998 297 HOMIL.
2039 237 2219 295 XLIII.
2261 238 2330 293 al.
2374 235 2554 293 XLIV.

3423 233 3526 290 F8

1929 361 2058 420 ctat,
2087 369 2244 424 quem
2274 353 2457 409 scituri
2489 361 2642 410 erant
2682 366 2780 424 per
2818 352 2954 408 mala
3002 351 3145 424 ipsos
3187 353 3522 424 postmodum

1956 444 2222 498 invasura.
2250 443 2339 499 40.
2368 443 2515 498 Sicut
2554 443 2689 497 enim
2726 443 2824 511 [ait
2851 442 3034 508 Jonas,
3065 443 3256 514 inquit,
3278 443 3332 497 in
3359 453 3526 499 uentre

1931 535 2025 589 ceti
2065 535 2222 588 tribas
2267 533 2438 589 diebus
2461 543 2510 590 et
2535 534 2946 588 tribus-noctibus
2969 575 2985 602 ,
3015 534 3089 588 sic
3134 536 3228 589 erit
3267 543 3314 589 et
3357 533 3526 590 Filius

1932 627 2149 682 hominis
2178 628 2230 680 in
2255 628 2406 681 corde
2429 636 2576 682 teme
2600 627 2758 682 tribus
2787 625 2961 681 diebus
2998 636 3044 681 et
3073 626 3230 682 tribus
3273 627 3522 684 noctibus.

1934 719 2006 776 Se
2040 733 2466 775 resurreCturum
2493 719 2639 774 clare
2680 735 2785 773 non
2827 718 2996 783 dixit,
3028 734 3095 773 ne
3121 734 3179 773 se
3205 719 3526 786 irriderent;

1933 809 2012 865 sic
2030 818 2208 864 autem
2258 809 2980 877 subiiidicavit,utcrcdere
3023 819 3241 880 possent
3287 825 3346 866 se
3395 811 3524 866 illud

1937 902 2286 971 praeseivisse.
2335 901 2486 969 Quod
2534 917 2694 970 porro
2729 910 2968 970 nossent,
3009 901 3259 957 dixerunt
3286 901 3353 958 ad
3384 903 3529 957 I’ila-

1937 1001 2046 1045 tum
2082 1009 2095 1046 :
2126 991 2374 1048 Seductor
2408 992 2496 1047 ille
2537 993 2665 1046 dixit
2694 993 2814 1046 dum
2839 994 3009 1047 adhuc
3031 994 3210 1048 viveret
3229 1035 3245 1062 ,
3276 992 3403 1049 Post
3430 1003 3530 1049 tres

1936 1082 2042 1138 dies
2071 1099 2330 1154 resurgam
2361 1086 2379 1154 (
2405 1083 2592 1138 Matth.
2620 1085 2710 1139 27.
2740 1084 2809 1140 65
2832 1086 2871 1153 ).
2904 1085 3236 1155 Quamquam
3283 1085 3534 1156 discipuli.

1937 1175 2038 1229 hoc
2068 1174 2404 1244 ignorarent;
2434 1191 2556 1229 nam
2584 1187 2740 1232 antea
2770 1176 3012 1232 rudiores
3039 1176 3147 1232 illis
3172 1187 3325 1232 erant
3353 1195 3368 1230 :
3399 1193 3530 1249 qua-

1939 1275 2154 1335 propter
2186 1266 2238 1320 lii
2268 1283 2331 1321 ex
2372 1281 2467 1321 sua
2493 1268 2728 1337 ipsorum
2757 1269 3019 1323 sententia
3045 1268 3279 1323 damnati
3310 1280 3454 1324 sunt.

2008 1359 2062 1412 9...
2097 1357 2326 1413 Christus
2355 1375 2484 1424 vere,
2513 1370 2558 1412 et
2589 1376 2688 1413 non
2718 1360 2884 1430 specie
2911 1370 3107 1415 tantum
3141 1378 3320 1432 passus
3357 1370 3450 1425 est,
3474 1373 3536 1416 ut.

1942 1451 2175 1505 Marcion
2197 1451 2542 1506 contendebat.
2559 1450 2761 1507 —Vide
2781 1460 2959 1507 autem
2986 1453 3252 1521 quomodo
3282 1453 3409 1508 illud
3433 1468 3527 1508 ac-

1938 1555 2122 1601 curate
2150 1545 2466 1600 subindicet.
2497 1544 2611 1600 Non
2634 1546 2775 1600 enim
2807 1545 2959 1611 dixit,
2995 1546 3046 1600 in
3089 1556 3225 1600 terra
3248 1586 3264 1612 ,
3294 1546 3388 1601 sed
3413 1587 3429 1613 ,
3461 1545 3531 1600 In

1939 1637 2090 1692 corde
2109 1648 2372 1700 terrw;ut
2397 1646 2452 1691 et
2497 1637 2801 1706 sepulcrum
2827 1635 3106 1696 indicaret.
3132 1646 3188 1692 et
3217 1653 3374 1692 nemo
3413 1637 3532 1692 baro

1939 1730 2119 1800 specie
2151 1738 2355 1784 tantum
2385 1727 2524 1784 facta
2545 1729 2906 1798 suspicaretur
2931 1727 3029 1801 (a).
3063 1729 3194 1783 'l‘res
3214 1737 3390 1784 autem
3411 1728 3540 1784 dies

1940 1823 2061 1878 ideo
2105 1823 2390 1888 concessit,
2437 1831 2494 1876 ut
2523 1830 2790 1876 mortuum
2824 1820 2986 1876 fuisse
3015 1821 3162 1875 illum
3197 1821 3526 1877 crederetur.

1939 1915 2054 1970 Non
2083 1916 2226 1970 enim
2254 1929 2324 1970 ex
2349 1929 2509 1970 cruce
2543 1921 2746 1968 tantum
2774 1913 2825 1968 id
2864 1911 3212 1968 conﬁrmatur
3241 1923 3295 1969 et
3317 1929 3382 1968 ex
3411 1914 3540 1969 visu.

1939 2010 2179 2065 omnium
2199 2051 2214 2074 ,
2242 2009 2337 2065 sed
2377 2009 2538 2063 etiam
2568 2023 2633 2062 ex
2663 2007 2870 2062 dierum
2913 2020 3159 2062 numero.
3182 2005 3315 2062 Nam
3345 2021 3528 2062 resur-

1940 2104 2162 2159 rectioni
2193 2103 2348 2156 ﬁdem
2382 2101 2556 2156 facere
2581 2099 2810 2155 debebat
2831 2108 3040 2169 tempus
3076 2113 3238 2154 omne
3269 2113 3531 2169 sequens;

1940 2209 2072 2250 crux
2099 2208 2227 2248 vero
2255 2194 2354 2248 nisi
2373 2192 2534 2248 multa
2569 2200 2695 2246 tunc
2739 2190 3020 2246 habuisset
3068 2190 3393 2256 testimonia,
3421 2205 3529 2245 non

1940 2284 2141 2340 credita
2182 2283 2370 2338 fuisset
2401 2299 2414 2335 :
2439 2283 2484 2338 si
2523 2297 2628 2335 non
2658 2295 2811 2346 crux,
2859 2295 2958 2336 nec
2985 2281 3304 2338 resurrectio
3329 2279 3536 2337 credita

1943 2375 2148 2432 fuisset.
2184 2375 2309 2432 Ideo
2351 2374 2561 2446 signum
2585 2383 2737 2428 vocat
2765 2372 2919 2428 illud.
2958 2371 3014 2428 Si
3037 2381 3214 2428 autem
3245 2372 3531 2428 cruciﬁxus

1943 2485 2048 2524 non
2079 2468 2284 2535 fuisset,
2318 2483 2420 2524 n0n
2448 2467 2684 2523 dandum
2707 2467 2843 2522 foret
2883 2467 3114 2537 signum.
3158 2466 3279 2522 Ideo
3308 2467 3530 2537 ﬁguram

1944 2563 2261 2620 inmedium
2305 2562 2540 2626 adducit,
2584 2570 2642 2616 ut
2685 2561 2878 2616 veritas
2924 2559 3195 2616 credatur.
3242 2561 3529 2627 Dietnihi,

1942 2674 2148 2732 quaiso,
2171 2675 2239 2714 an
2262 2658 2536 2730 phantasia
2559 2668 2672 2712 erat
2697 2656 2860 2712 Jonas
2889 2657 2940 2710 in
2964 2663 3151 2711 ventre
3172 2655 3313 2710 ceti?
3338 2654 3530 2710 Verum

1944 2753 1995 2808 id
2022 2753 2206 2809 dicere
2231 2768 2337 2806 noti
2364 2751 2554 2821 possis.
2588 2750 2724 2820 Ergo
2755 2763 2927 2820 neque
2972 2748 3244 2803 Cliristnin
3276 2747 3326 2800 in
3370 2746 3533 2802 corde

1945 2858 2102 2902 terra;
2130 2845 2296 2901 fuisse
2324 2859 2508 2914 neges.
2553 2842 2738 2913 Neque
2767 2842 2909 2896 enim
2951 2849 3108 2912 typus
3144 2840 3194 2893 in
3234 2840 3457 2895 veritate
3480 2849 3534 2894 et

1944 2942 2144 2998 veritas
2179 2941 2230 2995 in
2281 2939 2556 3010 phantasia
2597 2945 2700 2992 est.
2729 2935 2852 2990 Ideo
2903 2934 3100 3003 ubique
3143 2943 3367 2988 mortem
3419 2931 3535 3002 ejus

1945 3034 2340 3095 annuntiamus,
2374 3031 2428 3085 in
2459 3027 2746 3101 mysteriis,
2787 3028 2839 3081 in
2870 3026 3210 3096 baptismate,
3239 3025 3290 3079 in
3313 3023 3537 3095 aliisque

1947 3128 2218 3182 omnibus.
2252 3125 2454 3181 Idcirco
2479 3134 2532 3178 et
2572 3123 2769 3179 Paulus
2811 3121 3088 3191 splendida
3137 3135 3268 3176 voce
3293 3119 3488 3175 clamat
3519 3136 3533 3173 :

1952 3220 2083 3275 Mihi
2109 3229 2278 3273 autem
2323 3217 2452 3273 absit
2480 3217 2692 3290 gloriari
2737 3217 2834 3270 nisi
2874 3215 2928 3270 in
2957 3230 3108 3269 cruce
3153 3213 3356 3269 Domini
3381 3215 3540 3269 nostri

1948 3313 2072 3369 Jesu
2097 3312 2285 3370 Christi
2314 3310 2467 3384 (Gal.
2495 3311 2548 3366 6.
2593 3308 2718 3381 l4).
2750 3308 2904 3367 Unde
2939 3308 3276 3364 manifestum
3295 3317 3396 3373 est,
3427 3307 3541 3362 dia-

1948 3405 2056 3460 boli
2087 3405 2225 3459 lilios
2275 3418 2398 3459 esse
2423 3417 2518 3458 eos
2571 3403 2660 3472 qui
2709 3399 2992 3455 Marcionis
3032 3399 3218 3454 inorbo
3261 3398 3539 3466 laborant,

1950 3514 2071 3554 cum
2106 3499 2192 3554 illa
2217 3497 2453 3564 doleant,
2489 3509 2608 3566 quae
2657 3509 2725 3549 ne
2753 3493 3096 3548 abolerentur
3131 3507 3342 3546 summo
3364 3491 3542 3546 studio

1949 3591 2194 3647 Christus
2219 3588 2446 3654 curavit,
2487 3602 2607 3657 qua:
2633 3594 2692 3640 ut
2747 3583 3095 3640 abolerentur
3113 3598 3326 3638 summo
3364 3583 3543 3636 studio

1951 3687 2197 3744 diabolus
2238 3693 2459 3740 conatus
2507 3691 2628 3749 est;
2677 3696 2890 3737 crucem
2944 3680 3065 3735 dico
3115 3690 3167 3735 et
3217 3679 3539 3750 passionem.

1951 3779 2308 3850 Quamobrem
2330 3776 2452 3832 alibi
2475 3775 2603 3831 dicit
2622 3794 2636 3828 :
2652 3774 2845 3830 Solvite
2862 3773 3102 3845 templum
3123 3773 3238 3838 hoc,
3253 3782 3299 3825 et
3318 3773 3369 3825 in
3387 3771 3544 3828 tribas

1952 3875 2128 3928 diebus
2173 3874 2401 3928 excitabo
2437 3870 2568 3924 illud
2603 3869 2621 3941 (
2641 3867 2799 3923 Joan.
2820 3866 3004 3939 2.19)
3043 3884 3058 3932 ;
3087 3875 3162 3933 et,
3200 3867 3362 3920 Erunt
3395 3866 3504 3920 dies
3527 3907 3544 3932 ,

1952 3967 2155 4035 quando
2184 3967 2442 4037 auferetur
2465 3963 2527 4017 ab
2543 3963 2666 4031 ipsis
2686 3977 2904 4031 sponsus
2929 3959 3152 4030 (Matth.
3183 3958 3238 4014 9.
3289 3958 3396 4029 I5)
3425 3975 3440 4024 ;
3491 3967 3548 4014 et

1955 4060 2062 4124 Iiic,
2090 4057 2214 4113 Non
2255 4056 2458 4111 dabitur
2480 4054 2585 4108 illis
2607 4053 2831 4124 signum,
2863 4051 2959 4107 nisi
2983 4052 3185 4121 signum
3231 4049 3383 4105 J0me
3427 4067 3547 4120 pro-

1955 4155 2154 4224 phetia;
2177 4149 2454 4204 declarans
2479 4162 2538 4203 se
2567 4161 2663 4216 pro
2689 4145 3116 4216 illispassurum,
3169 4152 3224 4198 et
3272 4143 3394 4198 illos
3418 4142 3548 4198 nihil

1958 4244 2082 4299 inde
2112 4242 2241 4297 lucri
2269 4248 2587 4309 accepturos
2607 4253 2748 4293 esse.
2767 4236 2880 4291 Hoc
2904 4235 3056 4289 enim-
3086 4243 3270 4304 postea
3303 4233 3548 4289 declara-

1957 4338 2052 4402 vit,
2085 4344 2138 4392 et
2158 4345 2336 4390 tamen
2365 4349 2486 4388 cum
2517 4333 2632 4387 haec
2656 4331 3090 4395 sciret,mortuns
3111 4337 3236 4382 est:
3269 4336 3411 4382 tanta
3433 4336 3548 4382 erat

1959 4429 2074 4498 ejus
2095 4425 2447 4498 providentia.
2494 4423 2570 4477 Ne
2601 4433 2755 4492 putes
2779 4421 2923 4476 enim
2949 4419 3256 4474 Judieoruin
3291 4419 3422 4474 tales
3446 4418 3548 4473 exi-

1962 4531 2044 4576 tus
2069 4522 2294 4585 futuros,
2323 4517 2506 4589 quales
2533 4516 2678 4571 fuere
2699 4514 3071 4576 Ninivitarum,
3103 4525 3167 4566 ac
3218 4511 3340 4566 fore
3368 4519 3425 4564 ut
3475 4509 3550 4564 illi

1960 4623 2340 4672 convertantur
2372 4629 2385 4665 :
2413 4626 2476 4666 ac
2501 4606 2947 4680 quemadmodum
2987 4605 3200 4661 illorum
3227 4603 3412 4658 urbem
3439 4602 3550 4672 jam

1961 4711 2226 4765 labantem
2254 4705 2452 4769 erexit,
2498 4701 2859 4770 barbarosque
2899 4697 3190 4762 convertit,
3236 4695 3315 4750 sic
3362 4703 3418 4750 et
3461 4693 3554 4748 Ju-

1963 4801 2108 4855 dacos
2153 4807 2272 4868 post
2309 4794 2758 4851 resurrectionem
2807 4789 3200 4846 convertendos
3235 4801 3359 4843 esse
3387 4803 3401 4840 :
3430 4784 3553 4839 audi

1964 4890 2233 4964 quomodo
2274 4887 2598 4943 contrarium
2661 4899 2878 4954 prorsus
2933 4881 3187 4936 declaret.
3234 4878 3364 4933 Nam
3410 4875 3555 4946 quod

1967 4987 2088 5042 inde
2111 4984 2238 5040 nihil
2277 4982 2481 5036 fructus
2509 4977 2810 5051 percepturi
2859 4975 2964 5030 sint
2992 4976 3044 5029 in
3076 4972 3411 5035 beneﬁcium,
3460 4970 3555 5025 sed

1967 5091 2021 5137 et
2047 5076 2392 5134 intolerabilia
2414 5073 2643 5146 passuri,
2670 5070 2722 5125 id
2749 5069 2940 5124 deinde
2960 5065 3247 5121 declaravit
3269 5080 3337 5120 ex
3357 5065 3556 5118 (Immo-

1970 5174 2050 5226 nis
2077 5168 2343 5238 exemplo.
2374 5165 2589 5220 Interim
2621 5175 2748 5216 vero
2789 5159 2858 5214 de
2887 5158 2952 5213 iis
3004 5171 3122 5226 quae
3173 5153 3378 5224 passuri
3406 5164 3558 5208 erant

1969 5281 2086 5322 sese
2110 5270 2320 5335 purgat,
2346 5259 2633 5315 ostendens
2669 5268 2764 5310 eos
2782 5252 2926 5322 juste
2953 5263 3213 5322 passuros
3233 5262 3369 5303 esse.
3398 5246 3556 5302 Cala-

2033 5400 2107 5464 (a)
2150 5400 2299 5464 Erae
2337 5409 2365 5464 ξι
2403 5385 2932 5464 ι“ι“ίηείῐ’ίο.Εε93ί1ηῗξέ¹ὶ
2950 5379 3593 5464 ἹῖἱίδἯ,ξ¹²Ξ¹ζθίίΞΞ,ξιυί·

1971 5441 2205 5530 puiabant
2216 5441 2485 5530 “Christian
2523 5441 2700 5530 specie
2747 5452 2936 5530 tantum
2968 5441 3026 5494 in
3066 5443 3298 5530 mpnqum
3332 5441 3557 5530 fuisse}

1973 5504 2401 5589 33311.53;
2420 5504 2705 5589 Evangeliis
2740 5516 2996 5589 narrantur
3025 5506 3312 5589 perfecisse.
3348 5504 3561 5589 nonquia

1972 5568 2766 5688 basii—zerii—tEisIgnatius'Martfr
2809 5571 2976 5641 Epista
2999 5568 3056 5619 ad
3088 5576 3382 5642 Smyrnam,
3410 5568 3560 5614 item-

1973 5665 2072 5688 mm
2094 5649 2246 5688 mihi
2296 5645 2354 5688 ml
2377 5640 2668 5688 'milhanos.
2726 5645 2922 5686 renatus
2949 5631 3034 5683 lib.
3061 5632 3117 5688 I'.
3149 5630 3479 5688 Epiphanius,
3506 5631 3560 5677 et

2009 5604 2064 5640 us
2083 5585 2332 5639 hiereticis
2354 5585 2573 5645 Ignatius
2595 5585 2766 5688 startfr
2809 5585 2976 5641 Lptsn
2999 5585 3056 5619 aa
3088 5585 3382 5642 smyrnaeos,
3413 5585 3560 5614 uein-

2009 5665 2073 5725 μβ
2094 5649 2247 5714 Epist.
2296 5645 2356 5698 ad
2377 5640 2668 5700 Trallianos,
2726 5645 2922 5686 renatus
2949 5631 3034 5683 lib.
3061 5632 3117 5694 1-,
3149 5630 3479 5695 bpiphantus,
3506 5631 3561 5677 et

1977 5729 2074 5766 alll.
