3908 6198
351 225 458 282 859

350 354 562 408 mitates
585 355 762 402 autem
797 353 852 400 et
880 340 1268 400 desolationem
1318 351 1502 394 eorum
1548 334 1649 388 hoc
1689 329 1940 399 exemplo

352 449 734 515 repraesentat;
764 437 975 493 interim
1011 447 1137 488 vero
1161 431 1419 492 declarat,
1471 428 1592 482 illos
1642 425 1754 478 haec
1795 422 1937 515 juste

353 513 602 609 passuros
629 548 748 590 esse
774 551 786 586 :
819 531 870 586 id
898 527 1039 601 quod
1066 527 1225 584 etiam
1265 525 1318 577 in
1350 519 1512 617 veteri
1531 519 1665 617 lege
1689 513 1936 617 faciebat.

350 631 481 686 Nam
507 627 736 685 Sodoma
760 625 1149 684 destructnrus,
1195 614 1335 686 apud
1383 610 1746 667 Abrahamum
1791 610 1940 677 prius

349 738 471 779 sese
513 719 756 792 purgavit
799 714 964 790 (Gen.
1019 712 1143 782 I8),
1182 706 1472 764 ostendens
1496 715 1656 774 quam
1683 698 1836 792 pauci
1865 695 1939 752 ibi

350 790 532 870 virtuti
557 790 832 868 studerent
855 825 871 874 ;
897 821 1017 862 cum
1045 802 1186 858 enim
1219 801 1270 854 in
1300 807 1379 853 tot
1405 795 1625 851 urbibus
1649 806 1720 847 ne
1747 790 1936 846 decem

355 906 572 978 quidem
603 902 968 974 reperirentur
986 897 1074 964 qui
1099 899 1460 963 temperanter
1486 887 1744 942 viverent.
1774 883 1938 939 Item-

349 1015 452 1070 que
481 1014 601 1054 cum
631 997 763 1051 Loto
811 989 1278 1061 inhospitalitatem
1308 985 1544 1055 ipsorum
1569 979 1937 1084 turpissimos-

348 1108 454 1164 que
496 1103 706 1146 amores
731 1089 1169 1148 demonstrasset,
1217 1081 1392 1151 ignem
1437 1074 1674 1132 immisit.
1703 1072 1936 1141 Idipsum

349 1187 475 1244 fecit
500 1187 553 1242 in
575 1182 794 1243 diluvio,
821 1195 941 1236 cum
973 1193 1036 1231 ex
1077 1175 1205 1247 ipsis
1237 1170 1490 1243 operibus
1525 1181 1741 1224 causam
1786 1178 1936 1219 suam

347 1275 690 1333 defendisset.
724 1273 788 1327 Et
811 1269 948 1341 apud
970 1265 1306 1323 Ezechielem
1335 1262 1598 1325 similiter,
1627 1273 1745 1312 cum
1769 1255 1941 1327 Baby-

349 1369 474 1424 lone
489 1365 701 1438 degenti
720 1378 838 1434 quae
861 1359 1208 1431 Jerosolymis
1235 1355 1424 1411 ﬁerent
1443 1353 1581 1408 mala
1602 1360 1726 1406 ante
1755 1347 1938 1404 oculos

347 1460 525 1530 posuit
563 1459 581 1529 (
601 1457 787 1512 Ezech.
815 1453 908 1526 5).
940 1453 1177 1522 Itemque
1201 1465 1322 1505 cum
1390 1445 1638 1503 Jerentire
1691 1442 1934 1506 dicebat,

349 1551 476 1607 Noti
527 1565 621 1622 pro
668 1549 794 1618 ipsis
846 1561 1013 1610 orare,
1072 1551 1130 1597 ut
1173 1555 1388 1597 causam
1431 1551 1584 1593 suam
1625 1532 1940 1622 defenderet

347 1643 479 1698 dixit
507 1621 535 1696 εί
553 1642 630 1694 An
661 1657 762 1693 non
779 1637 915 1692 vides
940 1635 1060 1704 quid
1099 1634 1182 1688 an
1207 1632 1400 1701 faciunt
1429 1627 1577 1701 (λεν.
1602 1627 1658 1681 7.
1684 1625 1770 1680 16.
1798 1622 1862 1678 l7
1879 1621 1940 1693 )1»

346 1733 413 1788 Et
445 1733 638 1802 ubique
663 1730 801 1784 idem
833 1727 956 1782 facit
985 1741 998 1779 :
1028 1725 1107 1779 sic
1131 1733 1186 1777 et
1210 1722 1312 1776 hoc
1333 1716 1647 1810 ‘Ioco..Quid
1669 1714 1811 1771 enim
1831 1713 1941 1810 ait?

346 1821 436 1876 bl.
475 1817 586 1872 Viri
614 1815 858 1870 Ninivita:
883 1819 1106 1882 surgent,
1139 1818 1184 1862 et
1213 1802 1614 1860 condemnabunt
1658 1802 1938 1872 generatio-

346 1930 460 1969 nem
498 1912 670 1972 istam,
700 1909 819 1978 quia
865 1903 1204 1978 pmnitentiam
1231 1908 1437 1971 egerunt
1482 1898 1537 1951 in
1581 1893 1940 1966 praedicatione

345 2004 515 2059 lente.
543 2001 610 2055 Et
628 2017 740 2054 ecce
761 1999 876 2069 plus
899 2012 1049 2067 quam
1065 1993 1229 2049 Jonas
1247 1992 1346 2045 hic.
1379 1989 1471 2045 Ille
1496 2001 1726 2058 namque
1753 1998 1939 2040 servus

345 2105 482 2161 erat,
511 2109 613 2166 ego
660 2091 953 2155 Dominus;
983 2089 1073 2144 ille
1101 2103 1166 2142 ex
1196 2097 1319 2142 ceto
1345 2084 1504 2148 exiit,
1534 2097 1634 2152 ego
1661 2096 1725 2135 ex
1767 2089 1939 2134 morte

345 2187 585 2251 surrexi;
607 2185 700 2241 ille
718 2183 980 2240 excidium
1006 2177 1344 2251 praedicavit,
1367 2189 1467 2244 ego
1489 2187 1712 2244 regnum
1732 2186 1940 2226 annun-

348 2283 486 2338 tians
510 2279 649 2335 veni.
698 2278 763 2333 Et
791 2276 866 2331 illi
896 2272 1110 2346 quidem
1152 2270 1354 2340 absque
1379 2268 1532 2338 signo
1560 2264 1936 2329 crediderunt,

347 2388 450 2446 ego
475 2386 602 2428 vero
627 2369 790 2425 multa
819 2365 1033 2424 exhibui
1078 2364 1248 2434 signa.
1288 2360 1368 2415 Illi
1407 2358 1538 2414 nihil
1590 2356 1730 2411 aliud
1777 2369 1937 2446 quam

347 2469 436 2523 illa
482 2465 640 2521 verba
689 2461 992 2525 audierunt,
1045 2470 1148 2528 ego
1189 2469 1318 2510 vero
1344 2450 1543 2508 nullam
1584 2463 1688 2504 non
1717 2445 1940 2502 adhibui

348 2557 697 2632 philosophia:
737 2553 995 2625 speciem.
1028 2550 1120 2606 Ille
1165 2547 1408 2603 minister
1435 2544 1669 2603 advenit.
1699 2555 1800 2632 ego
1826 2540 1940 2609 ipse

347 2631 653 2708 dominator
674 2657 724 2703 et
749 2646 984 2702 omnium
1012 2641 1270 2698 Dominus
1287 2638 1429 2704 veni,
1456 2650 1562 2690 non
1583 2631 1938 2695 comminans,

347 2760 454 2800 non
493 2743 730 2799 rationes
757 2747 1035 2808 expetens,
1081 2734 1178 2790 sed
1227 2732 1434 2788 veniam
1483 2728 1732 2784 al’ferens.
1765 2724 1837 2780 Et
1862 2724 1941 2778 illi

348 2837 562 2909 quidem
606 2833 854 2896 barbari,
908 2829 962 2884 hi
1005 2843 1132 2884 vero
1177 2841 1298 2882 cum
1353 2822 1618 2879 sexcentis
1665 2817 1942 2891 prophetis

349 2929 546 2984 versati
601 2936 742 2982 sunt.
800 2924 873 2979 De
915 2922 1008 2976 illo
1062 2918 1238 2974 nullus
1305 2914 1662 2987 prmdixerat,
1735 2911 1804 2967 de
1855 2924 1943 2965 me

354 3035 545 3077 omnes
618 3017 985 3090 prtedixernnt
1020 3056 1035 3078 ,
1094 3022 1147 3068 et
1227 3025 1387 3079 opera
1464 3006 1636 3062 verbis
1706 3017 1942 3060 consona

351 3113 517 3168 fut-re.
562 3110 656 3166 Ille
701 3108 836 3179 fugit
875 3106 1110 3173 abiitque
1159 3117 1226 3158 ne
1275 3099 1639 3163 derideretur;
1693 3109 1795 3166 ego
1845 3093 1943 3149 ad-

352 3205 492 3270 veni,
538 3203 638 3258 etsi
676 3200 868 3256 scirem
904 3207 959 3254 et
995 3211 1209 3252 crucem
1248 3202 1298 3249 et
1342 3191 1614 3247 irrisioues
1662 3201 1942 3259 passurum

352 3313 437 3352 me
465 3309 605 3351 esse.
641 3293 731 3348 Ille
766 3307 834 3347 ne
863 3288 1206 3361 opprobrium
1227 3283 1441 3357 quidem
1471 3282 1590 3338 tulit
1617 3295 1714 3352 pro
1746 3279 1812 3335 iis
1852 3277 1944 3349 qui

352 3387 546 3444 servati
572 3382 848 3440 etliberati
873 3389 1016 3446 sunt,
1037 3393 1137 3451 ego
1159 3387 1383 3434 mortem
1412 3373 1663 3436 sustinui,
1690 3380 1946 3427 mortem-

352 3495 457 3552 que
487 3476 868 3549 turpissimam,
897 3483 953 3529 et
1002 3482 1124 3543 post
1177 3470 1290 3524 ha:c
1337 3467 1470 3522 alios
1519 3465 1692 3520 mitto.
1739 3463 1806 3517 Et
1853 3461 1946 3517 ille

351 3571 565 3640 quidem
592 3577 881 3624 extraneus
906 3572 1024 3620 erat
1048 3571 1104 3618 et
1124 3563 1355 3633 ignotus,
1381 3572 1482 3628 ego
1500 3554 1795 3612 secundum
1821 3567 1944 3608 car-

353 3679 476 3721 nem
496 3660 684 3717 iisdem
713 3655 1146 3730 progenitoribus
1174 3663 1321 3707 ortus
1357 3665 1496 3705 sum.
1529 3648 1685 3704 Plura
1706 3647 1806 3700 alia
1828 3645 1947 3716 quis

354 3753 700 3824 disquirendo
728 3764 1019 3821 congerere
1048 3747 1234 3818 possit.

424 3851 476 3904 5.
514 3847 629 3908 lose
660 3859 790 3902 vero
819 3857 928 3898 non
968 3841 1056 3896 hic
1083 3838 1303 3911 gradum
1338 3838 1498 3904 sistit,
1529 3835 1624 3893 sed
1651 3835 1793 3890 aliud
1827 3849 1949 3904 pro-

357 3941 505 4012 ponit
530 3937 856 4007 exemplum,
877 3934 1064 3990 dicens
1093 3951 1108 3988 :
1137 3931 1225 3988 42.
1257 3931 1453 4003 Regina
1492 3930 1666 3985 Austri
1698 3938 1868 4000 surget
1895 3929 1948 3982 in

345 4034 548 4101 judicio
589 4049 702 4086 cum
740 4028 1059 4102 generatione
1082 4027 1199 4090 ista,
1237 4034 1283 4081 et
1303 4023 1652 4080 condemnabit
1672 4040 1757 4079 eos
1782 4039 1803 4078 :
1830 4023 1951 4090 quia

359 4127 490 4182 uenit
515 4143 548 4180 a
572 4123 759 4193 ﬁnibus
789 4131 937 4178 terra
976 4131 1034 4176 ut
1069 4120 1269 4175 audiret
1300 4119 1602 4188 sapientiam
1633 4117 1946 4175 Salomonis.

359 4217 428 4273 Et
447 4233 559 4274 ecce
587 4217 703 4288 plus
729 4231 882 4286 quam
907 4213 1155 4269 Salomon
1175 4213 1276 4268 hic.
1306 4211 1419 4266 Hoc
1449 4210 1627 4281 priore
1646 4210 1820 4279 majus
1846 4218 1948 4265 est.

359 4309 492 4365 Nam
521 4308 687 4364 Jonas
713 4307 780 4362 ad
807 4305 1070 4361 Ninivitas
1097 4305 1224 4361 abiit
1248 4321 1264 4370 ;
1286 4303 1468 4374 regina
1489 4317 1618 4358 vero
1642 4303 1820 4358 Austri
1845 4317 1952 4358 non

362 4399 694 4473 exspectavit
713 4407 773 4454 ut
798 4397 1055 4455 Salomon
1097 4396 1490 4468 ipsam’adiret,
1517 4395 1613 4451 sed
1658 4395 1746 4450 illa
1779 4395 1951 4464 ipsum

361 4495 514 4560 adiit,
549 4491 652 4548 etsi
667 4501 722 4547 et
748 4491 941 4547 mulier
975 4500 1030 4546 et
1057 4489 1314 4551 barbara,
1361 4496 1616 4558 tantoque
1659 4487 1834 4556 spatio
1864 4501 1952 4540 re-

363 4593 506 4641 mota
533 4590 697 4648 esset,
723 4597 830 4637 non
872 4582 1030 4636 minis
1075 4579 1415 4647 instantibus,
1463 4593 1570 4634 non
1616 4586 1843 4633 mortem
1887 4576 1954 4631 ti-

366 4693 558 4744 mens,
589 4675 683 4732 sed
711 4674 829 4729 solo
881 4673 1198 4744 sapientium
1253 4671 1540 4727 verborum
1597 4686 1801 4725 amore.
1847 4669 1955 4725 Sed

366 4769 501 4824 Ecce
521 4769 639 4838 plus
670 4783 822 4839 quam
853 4764 1100 4821 Salomon
1128 4765 1230 4817 hic.
1266 4762 1379 4818 Illic
1403 4763 1546 4818 enim
1573 4763 1764 4818 mulier
1789 4761 1955 4819 adve-

365 4863 464 4929 nit,
493 4861 597 4917 huc
615 4875 718 4931 ego
739 4857 884 4914 veni.
907 4857 996 4913 Illa
1018 4873 1046 4910 a
1075 4856 1268 4910 finibus
1295 4865 1451 4910 terrae
1480 4854 1709 4924 profecta
1731 4863 1832 4917 est,
1857 4869 1958 4924 ego

369 4955 532 5012 urbes
559 4963 616 5009 et
635 4954 782 5008 vicos
801 4951 1090 5006 circumeo.
1119 4949 1183 5003 Et
1226 4948 1314 5002 ille
1341 4947 1557 5017 quidem
1585 4947 1653 5001 de
1672 4945 1956 5002 arboribus

365 5058 421 5103 et
440 5047 634 5118 plantis
651 5044 969 5107 disserebat,
987 5057 1107 5112 qua:
1126 5056 1232 5097 non
1256 5041 1477 5096 multum
1500 5039 1643 5094 illam
1665 5055 1726 5096 se
1750 5039 1957 5094 adeun-

369 5148 476 5196 tem
503 5138 690 5208 juvare
727 5144 1008 5208 poterant;
1040 5149 1141 5205 ego
1167 5148 1296 5189 vero
1323 5132 1392 5188 de
1421 5131 1772 5193 ineﬁabilibus
1797 5132 1959 5188 rebus

368 5240 423 5287 et
447 5230 739 5286 tremendis
762 5227 1054 5301 mysteriis.
1082 5227 1368 5298 Postquam
1415 5241 1546 5296 ergo
1579 5225 1699 5280 illos
1727 5225 1954 5281 damna-

365 5325 462 5389 vit,
495 5321 784 5377 ostendens
822 5321 888 5377 ab
917 5321 1062 5376 omni
1091 5320 1243 5375 venia
1267 5319 1423 5390 longe
1452 5319 1655 5373 alienos
1677 5333 1817 5385 esse,
1850 5318 1961 5374 illo-

368 5428 595 5483 rumque
616 5411 1033 5468 inobedientiam
1057 5427 1122 5467 ex
1149 5412 1356 5481 ingrato
1384 5409 1595 5465 illorum
1619 5410 1820 5478 animo,
1849 5426 1956 5466 non

370 5523 435 5563 ex
465 5506 703 5560 doctoris
734 5503 1096 5560 imbecillitate
1133 5502 1431 5573 proﬁcisci;
1485 5501 1695 5574 hocque
1733 5511 1847 5558 tum
1890 5519 1957 5558 ex

369 5601 488 5655 aliis
505 5598 707 5664 multis,
733 5605 844 5652 tum
865 5593 1114 5666 exemplo
1135 5594 1486 5650 Ninivitarum
1514 5601 1571 5650 et
1591 5593 1788 5664 regina:
1806 5608 1956 5651 com-

371 5690 689 5748 monstravit
718 5708 732 5747 :
761 5699 886 5746 tunc
912 5685 1228 5760 supplicium
1275 5685 1419 5757 ipsos
1451 5693 1798 5758 excepturum
1826 5689 1956 5744 teni-

1021 214 1077 273 S.
1118 212 1397 270 JOANNIS
1431 209 1913 268 CHRYSOSTOMI
1951 208 2270 268 ARCHIEP.
2311 212 2845 278 CONSTANTINOP.

2045 328 2272 396 gntatice
2310 343 2713 404 commemorat,
2743 337 2968 395 multum
2996 339 3051 396 in
3083 345 3350 401 narrando
3373 353 3637 406 terrorem

2047 418 2300 475 inferens.
2330 421 2460 478 Nam
2489 426 2595 479 ait:
2619 425 2709 484 45.
2737 429 2862 484 Cum
2892 430 3188 490 immundus
3232 437 3442 509 spiritus
3465 442 3640 496 aierit

2044 510 2106 564 ab
2127 512 2348 581 homine,
2369 517 2592 573 ambulat
2611 537 2701 589 per
2721 521 2833 576 loca
2850 524 3116 594 inaquosa,
3139 545 3366 600 quaeram
3395 535 3637 602 requiem,

2044 613 2092 659 et
2122 623 2224 662 non
2249 609 2524 680 inveniens,
2550 616 2638 670 44.
2658 617 2779 672 dicit
2805 634 2825 674 :
2854 619 3094 677 Revertar
3130 625 3184 678 in
3212 625 3421 681 domum
3450 645 3637 696 meam,

2044 701 2179 755 unde
2220 703 2369 758 exivi.
2416 705 2485 760 Et
2527 709 2747 777 veniens,
2777 712 2962 768 invenit
3008 731 3121 770 eam
3147 728 3409 774 vacantem
3428 762 3444 786 ,
3474 725 3644 792 scopis

2043 791 2359 862 mandatam,
2385 807 2433 850 et
2452 810 2706 856 ornatam.
2732 803 2875 857 45.7‘
2877 821 2972 858 unc
2991 807 3147 874 vadit,
3171 819 3218 862 et
3237 812 3450 866 assumit
3471 791 3644 866 secum

2043 883 2173 939 alios
2190 897 2377 956 septem
2414 889 2624 960 spiritus
2662 895 2925 964 nequiores
2951 913 3022 957 se.
3061 909 3104 952 et
3142 901 3388 957 intrantes
3415 903 3648 958 habitant

2042 974 2113 1029 ibi
2133 992 2152 1030 :
2179 987 2224 1030 et
2262 979 2392 1047 ﬁunt
2422 983 2690 1038 novissima
2734 986 2953 1043 hominis
2999 991 3140 1046 illius
3168 995 3342 1065 pejora
3363 997 3642 1065 prioribus.

2049 1067 2141 1124 Sic
2165 1071 2258 1124 erit
2287 1081 2333 1126 et
2363 1076 2671 1143 generationi
2713 1079 2846 1134 huic.
2896 1081 3028 1138 llinc
3077 1087 3332 1154 ostendit,
3384 1089 3506 1144 illos
3534 1105 3642 1145 non

2044 1164 2096 1218 in
2128 1163 2306 1221 futuro
2351 1177 2556 1224 tantum
2588 1173 2806 1236 sa‘culo,
2839 1175 2932 1230 sed
2961 1177 3122 1232 etiam
3153 1180 3203 1232 in
3234 1183 3486 1249 praesenti
3517 1199 3643 1253 gra-

2044 1256 2259 1312 vissima
2292 1273 2542 1328 passuros
2571 1277 2711 1319 esse.
2751 1263 2887 1320 Nam
2925 1268 3048 1336 quia
3098 1269 3332 1339 dicebat,
3379 1272 3648 1330 Ninivitas

2045 1348 2438 1407 insurre‘cturos
2463 1352 2515 1408 in
2541 1354 2764 1423 judicio,
2791 1371 2845 1412 et
2889 1358 3028 1415 hanc
3068 1365 3468 1432 generationem
3513 1381 3646 1422 con-

2043 1440 2387 1499 demnaturos
2419 1463 2432 1498 :
2464 1461 2533 1502 ne
2571 1448 2641 1502 ob
2681 1453 2938 1519 temporis
2986 1452 3388 1512 diuturnitatem
3432 1458 3484 1512 id
3508 1473 3646 1514 con-

2045 1534 2368 1591 temnerent,
2413 1538 2470 1585 et
2512 1531 2926 1603 negligentiores
2961 1537 3271 1607 evaderent,
3322 1543 3423 1598 hac
3450 1545 3504 1600 in
3534 1546 3642 1600 vita

2043 1619 2222 1688 gravia
2245 1620 2381 1675 mala
2408 1622 2540 1691 ipsis
2555 1623 2825 1680 subeunda
2853 1630 3057 1685 statuit.
3081 1631 3233 1698 Quod
3260 1635 3648 1692 comminando

2043 1712 2180 1767 Osee
2210 1713 2466 1784 propheta
2495 1715 2742 1772 dicebat:
2769 1719 2940 1775 Erunt
2979 1721 3046 1777 Ut
3090 1727 3335 1795 propheta
3361 1728 3416 1782 in
3458 1731 3646 1784 mentis

2043 1821 2268 1873 excessu,
2297 1817 2353 1862 ut
2379 1809 2530 1864 homo
2549 1827 2583 1864 a
2609 1813 2791 1883 spiritu
2815 1825 3076 1885 correptus
3125 1817 3144 1890 (
3173 1819 3300 1874 Osee
3339 1820 3393 1876 9.
3421 1821 3492 1884 7)
3521 1839 3537 1889 ;
3585 1823 3646 1878 id

2042 1907 2143 1960 est,
2166 1901 2302 1954 sicut
2323 1901 2802 1974 pseudoprophette
2831 1908 3088 1976 furentes,
3140 1911 3535 1971 debacchantes
3559 1959 3573 1981 ,
3609 1933 3644 1973 a

2044 1991 2289 2061 malignis
2321 1994 2594 2063 Spiritihus
2629 1997 2831 2068 agitati.
2858 1999 2990 2055 Nam
3019 2003 3104 2058 hic
3129 2007 3443 2076 prophetam
3475 2010 3642 2066 intel-

2044 2083 2156 2152 ligit
2199 2094 2378 2142 mente
2425 2096 2661 2158 captum,
2711 2091 3256 2164 pseudoprophetam,
3301 2100 3486 2168 quales
3515 2109 3658 2158 sunt'

2042 2185 2209 2232 vates.
2242 2177 2356 2233 Hoc
2385 2179 2556 2249 ipsum
2590 2180 2838 2238 Christus
2862 2184 3170 2254 significans
3199 2189 3327 2244 dicit
3365 2191 3510 2261 ipsos
3539 2208 3644 2249 ex-

2043 2275 2212 2324 trema
2239 2283 2491 2339 passuros
2517 2286 2656 2327 esse.
2699 2273 2886 2330 Viden’
2913 2291 3021 2347 quo
3050 2290 3206 2349 pacto
3237 2281 3383 2352 ipsos
3405 2285 3646 2355 undique

2044 2359 2281 2428 impellat
2309 2371 2367 2416 ut
2389 2361 2546 2418 dictis
2573 2365 2870 2432 attendant,
2900 2384 2929 2423 a
2965 2373 3340 2440 prementibus,
3367 2390 3394 2428 a
3424 2376 3644 2445 futuris,

2042 2453 2193 2509 abiis
2216 2456 2305 2525 qui
2333 2455 2468 2511 bene
2501 2472 2613 2513 rem
2641 2471 2940 2529 gesserunt,
2961 2478 2989 2517 a
3008 2462 3274 2529 Ninivitis,
3309 2468 3553 2536 inquam,
3585 2483 3647 2528 et

2042 2561 2072 2599 a
2101 2545 2304 2617 regina,
2327 2548 2396 2604 ab
2422 2548 2486 2605 iis
2509 2551 2599 2620 qui
2627 2553 2850 2623 collapsi
2875 2557 3206 2629 sunt,Tyriis
3233 2569 3285 2614 et
3308 2560 3600 2617 Sodomitis
3620 2564 3647 2617 7

2043 2636 2193 2704 Quod
2221 2639 2380 2694 etiam
2415 2643 2686 2711 prophetae
2706 2644 2990 2715 faciebant,
3023 2648 3159 2702 ﬁlios
3181 2649 3454 2707 [lechabin
3482 2654 3641 2708 indu-

2044 2739 2226 2785 centes
2247 2739 2295 2784 et
2317 2746 2566 2802 sponsam
2589 2750 2710 2804 quze
2744 2746 2964 2792 ornatus
2986 2742 3186 2810 proprii
3231 2752 3286 2798 et
3333 2759 3484 2799 zonas
3527 2761 3645 2801 sua:

2045 2835 2152 2874 non
2177 2821 2530 2892 obliviscitur,
2557 2835 2609 2881 et
2645 2828 2835 2884 bovem
2863 2831 2953 2898 qui
2985 2833 3130 2888 novit
3160 2849 3558 2907 possessorem,
3589 2849 3646 2896 et

2045 2913 2252 2968 asinum
2281 2918 2370 2985 qtti
2402 2933 2644 2990 praesepe
2672 2925 2842 2976 novit.
2875 2924 2966 2981 Sic
2994 2935 3050 2982 et
3076 2927 3178 2982 huc
3200 2929 3330 2995 loco
3353 2947 3384 2986 a
3415 2948 3642 3005 compa-

2047 3008 2255 3064 ratione
2283 3009 2547 3080 ingratum
2575 3014 2782 3070 illorum
2830 3019 3064 3074 animum
3101 3021 3400 3090 declarans,
3433 3027 3646 3098 suppli-

2046 3100 2186 3154 cium
2216 3099 2469 3173 deinceps
2508 3109 2851 3175 praenuntiat.

2115 3190 2419 3247 Judworum
2461 3205 2575 3265 post
2612 3196 2867 3254 Christum
2903 3215 3089 3256 caesum
3147 3204 3427 3260 damnatio.
3470 3207 3648 3264 Judaei

2047 3283 2139 3338 sub
2184 3283 2398 3341 Iuliano
2441 3299 2676 3356 apostata
2716 3291 2983 3361 gentilibus
3007 3295 3191 3362 juncti.
3217 3325 3289 3336 —-
3316 3297 3454 3365 Quid
3487 3299 3651 3370 igitur

2048 3387 2132 3433 est
2182 3379 2233 3434 id
2273 3381 2413 3450 quod
2448 3381 2683 3438 dicitur?
2719 3384 2868 3440 Sicut
2893 3386 3210 3445 daemoniaci
3235 3432 3250 3457 ,
3279 3391 3487 3459 inquit,
3517 3408 3648 3448 cum

2049 3471 2343 3527 liberantur
2369 3473 2438 3530 ab
2463 3474 2770 3533 inﬁrmitate
2797 3493 2912 3544 sua,
2961 3480 3005 3534 si
3042 3481 3456 3553 negligentiores
3478 3484 3645 3552 ﬁant,

2049 3563 2349 3633 graviorem
2396 3565 2495 3621 sibi
2537 3567 2815 3624 attrahunt
2861 3569 3193 3640 phantasiam
3228 3591 3242 3627 :
3271 3575 3349 3628 sic
3374 3576 3519 3630 enim
3552 3591 3648 3631 vos

2051 3652 2242 3708 facitis.
2273 3655 2482 3711 Etenim
2510 3658 2737 3714 antehac
2762 3673 2792 3712 a
2819 3659 3066 3717 daemone
3093 3662 3498 3729 detinebamini,
3521 3681 3648 3721 cum

2053 3742 2192 3798 idola
2221 3744 2540 3814 adoraretis,
2571 3758 2626 3802 et
2651 3749 2788 3805 ﬁlios
2831 3761 3040 3808 vestros
3081 3753 3429 3812 immolaretis
3443 3757 3650 3813 daemo-

2054 3836 2175 3901 niis,
2219 3852 2465 3908 magnam
2511 3839 2827 3897 exhibentes
2867 3843 3125 3899 insaniam
3169 3864 3183 3898 :
3215 3862 3315 3902 nec
3344 3857 3519 3904 tamen
3547 3848 3648 3904 de—

2054 3928 2246 3999 reliqui
2274 3945 2389 3995 vos,
2423 3931 2518 3986 sed
2549 3948 2643 4002 per
2665 3933 2953 4005 prephetas
2981 3937 3114 4004 ejeci
3135 3937 3434 3995 daemonem
3457 3940 3608 3996 illum
3629 3984 3646 4008 ,

2055 4029 2110 4076 et
2153 4022 2269 4092 ipse
2313 4038 2498 4078 rursus
2553 4027 2694 4090 veni,
2741 4036 2797 4081 ut
2837 4043 2934 4083 vos
2969 4043 3233 4086 curarem.
3259 4032 3510 4104 Sedquia
3540 4049 3649 4090 non

2055 4114 2218 4169 vultis
2243 4116 2546 4186 attendere,
2578 4134 2760 4174 verum
2802 4121 2854 4174 in
2886 4122 3146 4192 majorem
3192 4126 3484 4196 nequitiam
3520 4143 3649 4198 pro-

2056 4207 2275 4278 rupistis
2310 4207 2546 4280 (etenim
2571 4211 2738 4265 multo
2766 4214 2979 4283 gravius
2999 4214 3340 4285 deteriusque
3363 4227 3448 4274 cst
3475 4219 3649 4289 ipsum

2058 4299 2340 4357 Dominum
2362 4302 2627 4373 jugulare,
2668 4319 2827 4375 quam
2854 4308 3146 4378 prophetas
3173 4311 3502 4382 occidere),
3530 4314 3654 4370 ideo

2056 4392 2304 4464 graviora
2355 4394 2624 4463 prioribus
2665 4397 2956 4465 patiemini,
3012 4416 3203 4471 nempe
3238 4403 3302 4458 iis
3339 4420 3460 4474 qua:
3507 4408 3652 4476 passi

2058 4485 2191 4541 estis
2219 4485 2488 4558 Babylone
2508 4529 2524 4554 ,
2574 4489 2626 4543 in
2659 4489 2911 4561 IEgypto,
2943 4500 2997 4547 et
3024 4495 3127 4549 sub
3161 4496 3428 4552 Antiocho
3455 4501 3648 4569 primo.

2058 4575 2189 4630 Nam
2245 4577 2402 4649 longe
2431 4579 2496 4633 iis
2542 4583 2814 4650 asperiora
2855 4583 3169 4640 acciderunt
3215 4586 3545 4658 Vespasiano
3599 4601 3654 4647 et

2061 4669 2181 4723 Tito
2215 4670 2458 4726 ducibus.
2521 4674 2858 4744 Quapropter
2905 4677 3120 4734 dicebat
3167 4697 3180 4734 :
3233 4679 3346 4736 Erit
3395 4683 3654 4738 tribulatio

2061 4777 2269 4832 magna,
2299 4764 2466 4833 qualis
2492 4781 2767 4835 numquam
2793 4768 2911 4839 fuit,
2944 4785 3105 4840 neque.
3124 4771 3217 4824 erit
3234 4781 3404 4841 postea
3423 4773 3443 4845 (
3461 4773 3651 4829 Matth.

2060 4855 2151 4910 24.
2179 4856 2239 4911 21
2266 4854 2307 4929 ).
2331 4856 2516 4928 Neque
2549 4858 2600 4913 id
2629 4860 2798 4914 solum
2828 4859 2931 4917 hoc
2959 4863 3204 4931 exemplo
3223 4864 3652 4934 signiﬁcabatur;

2062 4947 2156 5002 sed
2196 4949 2354 5002 etiam
2401 4949 2515 5006 fore
2559 4951 2702 5020 ipsos
2729 4952 2875 5006 omni
2906 4953 3102 5010 virtute
3127 4969 3347 5020 vacuos,
3377 4965 3436 5012 et
3477 4972 3507 5010 a
3541 4957 3655 5012 da:-

2062 5041 2310 5097 monibus
2364 5041 2574 5097 facilius
2613 5058 2770 5112 qnam
2817 5053 2943 5099 ante
2990 5044 3337 5102 invadendos.
3368 5045 3502 5102 Nam
3531 5056 3657 5105 tunc

2063 5131 2165 5186 etsi
2210 5142 2495 5202 peccarent
2519 5175 2534 5200 ,
2589 5142 2644 5187 at
2667 5141 2825 5188 erant
2853 5135 2992 5190 inter
3015 5151 3108 5190 cos
3145 5137 3355 5191 virtutis
3377 5138 3651 5206 cultores,

2063 5223 2250 5278 aderat
2273 5225 2362 5278 Dei
2395 5225 2745 5295 providentia,
2769 5225 3106 5298 Spiritnsque
3150 5229 3318 5300 gratia
3353 5231 3485 5300 ipsis
3536 5247 3656 5301 pro-

2064 5315 2271 5381 videns,
2306 5316 2452 5385 ipsos
2500 5317 2814 5384 emendans,
2867 5333 3070 5388 suaque
3113 5320 3290 5374 omnia
3342 5330 3653 5390 praestans:

2065 5422 2209 5464 nunc
2227 5421 2427 5476 autem,
2457 5410 2550 5474 ait,
2576 5411 2908 5480 providentia
2939 5412 3022 5465 illa
3045 5428 3263 5484 prorsus
3288 5415 3441 5469 vacui
3469 5425 3652 5479 erunt,

2065 5501 2138 5556 ita
2168 5510 2226 5556 ut
2253 5503 2424 5574 major
2451 5503 2522 5558 sit
2549 5519 2690 5558 nunc
2720 5503 2928 5559 virtutis
2958 5504 3173 5568 raritas,
3204 5505 3528 5561 calamitatis
3553 5507 3652 5572 vis,

2064 5600 2121 5648 et
2141 5592 2442 5650 daemonum
2469 5594 2744 5667 tyrannica
2769 5604 3026 5665 potestas.
3066 5594 3248 5651 Nostis
3287 5607 3437 5652 certe
3479 5598 3536 5652 in
3559 5612 3652 5668 go-

2065 5685 2345 5746 neralione
2388 5686 2486 5746 hac
2515 5703 2637 5745 cum
2675 5687 2920 5746 Julianus
2947 5687 3166 5760 fureret,
3197 5687 3466 5761 quomodo
3493 5688 3654 5746 Judaei
