3916 6302
142 309 245 365 459

146 423 378 493 ἐρωτας,
410 420 533 473 τότε
572 421 767 490 ἐπάγει
805 422 864 475 τὸ
888 421 1017 493 πῦρ.
1061 424 1171 477 Kal
1194 426 1284 478 ἐπὶ
1309 427 1404 480 τοῦ
1430 426 1816 498 κατακλυσμοῦ

144 509 200 561 δὲ
218 509 282 562 :6
300 509 433 562 αὐτὸ
452 507 612 563 τοῦτο
639 509 881 580 ἐποίησε,
907 510 994 562 διὰ
1014 510 1122 566 τῶν
1142 511 1319 583 ἔργων
1340 513 1818 585 ἀπολογησάμενος

143 594 224 665 τῷ
250 594 521 649 Νῶε.Καὶ
546 594 622 666 τῷ
668 594 922 665 Ἶεζεχιὴλ
956 595 1013 648 δὲ
1039 597 1259 666 ὁμοίως,
1295 600 1381 651 ὅτε
1418 600 1532 654 ⁸⁸.³⁹
1556 602 1613 652 ἐν
1646 600 1818 653 Βαϐυ-

144 682 279 735 λῶνι
305 682 567 751 διάγοντα
606 684 675 737 τά
708 684 766 736 ἐν
810 684 1199 755 Ἰεροσολύμοις
1241 686 1365 739 ίδεῖν
1400 688 1621 758 ἐποίησε
1652 689 1814 741 κακά.

146 768 260 822 Kal
287 769 367 839 τῷ
406 769 645 841 Ἱερεμίᾳ
674 770 730 823 δὲ
779 771 958 834 πάλιν,
989 772 1077 824 ὅτε
1114 771 1286 841 ἔλεγε,
1322 774 1419 841 Μὴ
1451 775 1817 843 προσεύχου,

144 856 585 926 ἀπολογούμενος
606 857 790 926 ἔλεγεν
810 874 823 889 ’
848 861 925 912 Ἦ
940 860 1053 927 οὐχ
1097 859 1243 926 ὁρᾷς
1262 860 1320 913 τί
1343 856 1509 916 οὗτοι
1542 861 1819 925 ποιοῦσι;

147 943 257 994 Kal
288 943 564 1013 πανταχοῦ
598 944 659 997 τὸ
680 945 812 997 a6:6
832 944 990 998 τοῦτο
1020 949 1181 1013 ποιεῖ,
1205 947 1234 999 6
1268 946 1332 1018 δὴ
1366 948 1459 1000 καὶ
1478 947 1730 1001 ἐνταῦθα.
1753 948 1818 1000 Τί

143 1029 254 1099 γάρ
287 1046 490 1099 φησινς
541 1030 784 1099 Ἄνδρες
826 1032 1126 1087 Νινευῗται
1181 1033 1632 1103 ἀναστήσονται
1659 1077 1674 1101 ,
1718 1036 1818 1088 καὶ

144 1116 578 1184 κατακρινοῦσι
623 1117 737 1185 τὴν
782 1120 997 1186 γενεὰν
1027 1120 1287 1185 ταύτηνο
1315 1120 1403 1173 ὅτι
1443 1124 1821 1190 μετενόησαν

145 1207 236 1268 είς
268 1203 337 1255 τὸ
370 1203 643 1273 κήρυγμα
688 1203 887 1259 Ἰωνᾶ·
924 1206 1021 1259 καί
1052 1206 1184 1259 ἰδοὺ
1218 1208 1433 1260 πλεῖον
1481 1207 1649 1261 Ἰωνᾶ,
1678 1202 1815 1262 ὦδε.

158 1292 216 1345 ’0
252 1292 357 1361 μὲν
382 1292 494 1363 γὰρ
512 1294 716 1360 δοῦλος,
743 1294 852 1363 ἐγὼ
872 1296 928 1348 δέ
953 1296 1253 1368 Δεσπότης·
1286 1298 1380 1350 καὶ
1410 1298 1439 1349 6
1484 1298 1581 1368 μὲν
1614 1300 1678 1351 ἐκ
1716 1300 1819 1368 κή-

147 1397 272 1443 τους
306 1379 556 1451 ἐξῆλθεν,
605 1381 716 1450 ἐγὼ
752 1383 809 1436 δὲ
849 1385 913 1436 ἐκ
968 1383 1200 1438 Θανάτου
1231 1384 1490 1455 ἀνέστην·
1526 1386 1619 1453 καί
1661 1387 1689 1439 6
1722 1385 1820 1456 μὲν

145 1468 531 1540 καταστροφὴν
557 1470 843 1540 ἐκήρυξεν,
874 1470 985 1539 ἐγὼ
1004 1471 1060 1524 δέ
1093 1471 1369 1542 βασιλείαν
1394 1468 1555 1544 ἦλθον
1588 1474 1820 1543 εὐαγγε-

147 1555 455 1625 λιζόμενος.
489 1557 600 1609 Kal
626 1558 677 1609 οί
710 1556 863 1629 [M11]
891 1558 988 1627 μὲν
1014 1559 1183 1628 χωρὶς
1214 1560 1441 1629 σημείου
1471 1561 1817 1626 ἐπίστευσαν,

148 1642 330 1710 ἐγὼδέ
358 1644 531 1697 πολλά
549 1647 751 1715 σημεῖα
769 1645 1151 1716 ἐπεδειξάμην.
1175 1646 1285 1699 Kal
1303 1651 1350 1701 οί
1373 1648 1470 1718 μὲν
1482 1649 1635 1701 οὐδὲν
1658 1649 1820 1702 πλέον

143 1730 386 1798 ῆκουσαν
408 1730 516 1782 τῶν
541 1731 801 1801 ῥημάτων
820 1732 1063 1796 ἐκείνων,
1077 1732 1188 1801 ἐγὼ
1211 1735 1267 1788 δὲ
1289 1738 1463 1788 πᾶσαν
1489 1737 1640 1808 ἐκίνη
1650 1754 1717 1790 σα
1737 1754 1825 1805 φι-

144 1816 401 1884 λοσοφίας
424 1816 589 1870 ἰδέαν.
622 1819 772 1872 Καὶὸ
796 1819 893 1888 μὲν
907 1819 1152 1897 διακοριού
1161 1838 1318 1891 μενος
1342 1823 1690 1893 παρεγένετο,
1717 1823 1825 1891 ἐγὼ

142 1903 197 1955 δὲ
217 1904 425 1967 αύτδςό
442 1905 717 1976 Δεσπότης
740 1906 830 1957 καὶ
850 1907 878 1958 6
895 1905 1114 1959 πάντων
1135 1906 1334 1978 Κύριος
1348 1905 1529 1980 ἦλθον,
1551 1910 1648 1963 οὐκ
1665 1912 1823 1963 61:51.-

144 1990 273 2058 λῶν,
323 1995 427 2045 οὐκ
456 1993 703 2047 ἀπαιτῶν
730 1994 979 2057 εὐθύνας,
1013 1995 1147 2049 ἀλλά
1186 1996 1532 2068 συγχώρησιν
1561 1997 1821 2067 κομίζων.

144 2079 252 2132 Kal
276 2080 329 2132 οἱ
360 2079 461 2149 μὲν
483 2079 782 2150 βάρϐαροι,
804 2076 948 2135 οὗτοι
972 2082 1029 2134 δέ
1048 2084 1352 2153 προφήταις
1378 2087 1818 2156 συνανεστράφη-

144 2183 244 2220 σαν
277 2167 326 2200 ⁸⁸
360 2168 596 2238 μυρίοις.
636 2170 748 2222 Kal
775 2170 907 2240 περὶ
954 2172 1162 2223 ἐκείνου
1206 2172 1305 2241 μὲν
1325 2172 1501 2235 οὐδεὶς
1536 2175 1817 2243 προεῖπεν,

145 2255 273 2327 περὶ
296 2254 432 2326 ἐμοῦ
456 2256 514 2308 δὲ
537 2257 795 2321 ἅπαντες,
821 2258 917 2311 καὶ⁵
932 2256 1001 2309 τὰ
1022 2257 1158 2329 ἔργα
1182 2262 1296 2322 τοῖς
1311 2259 1487 2327 λόγοις
1517 2260 1818 2317 συνέϐαινε.

144 2342 415 2405 Κάκεῖνος
464 2343 559 2412 μέν
599 2343 1020 2415 ἐδραπέτευσεν,
1052 2347 1272 2399 ἀπιέναι
1307 2346 1512 2417 μέλλων
1553 2348 1693 2419 ὑπὲρ
1725 2350 1819 2403 τοῦ

146 2428 220 2499 μὴ
249 2429 614 2498 γελασθῆναγ
646 2429 760 2499 ἐγὼ
792 2431 848 2486 δὲ
891 2431 1049 2495 εἰδὼς
1083 2434 1167 2486 ὃτι
1200 2433 1296 2486 καὶ
1331 2434 1692 2506 σταυροῦσθαι
1727 2436 1820 2489 καὶ

142 2516 410 2583 γελᾶσθαι
465 2516 662 2585 μέλλω,
720 2519 1121 2591 παρεγενόμην.
1164 2522 1274 2574 Kal
1324 2522 1533 2585 ἐκεῖνος
1574 2524 1673 2593 μὲν
1699 2524 1820 2576 ούδέ

140 2604 509 2675 όνειδισθῆναι
542 2606 773 2677 ῆνεγκεν
813 2608 951 2677 ὑπὲρ
982 2607 1089 2661 τῶν
1113 2609 1434 2680 σωζομένων
1456 2625 1467 2639 ·
1500 2610 1611 2679 ἐγὼ
1638 2611 1694 2664 δὲ
1726 2613 1819 2665 καὶ

144 2692 378 2746 θάνατον
435 2693 724 2762 ὑπέμεινα,
764 2695 858 2747 καὶ
891 2695 934 2727 ⁸¹
984 2694 1212 2749 θάνατον
1249 2696 1341 2749 τὸν
1394 2699 1689 2768 αἴσχιστον,
1724 2702 1819 2755 καὶ

146 2780 287 2849 μετά
322 2778 494 2834 ταῦτα
530 2782 691 2836 πάλιν
717 2784 932 2855 ἐτέρους
976 2785 1307 2839 ἀποστέλλω.
1342 2788 1452 2840 Kal
1477 2788 1506 2839 6
1544 2788 1641 2859 μὲν
1671 2788 1819 2854 ξένος

144 2886 228 2931 τις
253 2865 326 2940 ἦν
356 2871 453 2922 καὶ
488 2870 767 2941 ἀλλότριος
813 2873 906 2925 καὶ
954 2872 1229 2941 ἄγνωστος
1251 2889 1264 2903 ·
1304 2875 1414 2944 ἐγὼ
1462 2876 1518 2929 δέ
1550 2877 1818 2949 συγγενὴς

143 2952 288 3005 κατά
318 2953 518 3023 σάρκα,
561 2954 655 3006 καὶ
708 2954 983 3023 προγόνων
1008 2955 1118 3009 τῶν
1169 2957 1368 3012 αὐτῶν.
1420 2957 1524 3012 Kal
1558 2959 1731 3013 πολλὰ
1760 2960 1816 3013 δὲ

144 3041 308 3108 ἕτερα
332 3041 399 3094 ἄν
427 3057 510 3103 τις
532 3042 848 3110 συναγάγοι,
882 3040 942 3095 :6
979 3042 1137 3098 πλέον
1173 3045 1463 3117 ἐπιζητῶν.

213 3126 285 3194 γ’.
311 3125 485 3190 Δύτδς
494 3126 551 3179 δέ
562 3128 681 3181 οὐδὲ
699 3124 933 3182 ἐνταῦθα
949 3128 1186 3193 ἵσταται,
1205 3132 1341 3185 ἀλλά
1357 3134 1449 3186 καὶ
1462 3133 1647 3206 ἕτερον
1661 3153 1822 3206 προσ⁹

144 3214 330 3283 τίθησι
364 3216 734 3285 παράδειγμα,
769 3216 941 3285 λέγων
982 3221 1064 3274 ὅτι
1112 3221 1221 3274 Καὶ
1259 3222 1606 3285 βασίλισσα
1628 3225 1820 3277 Νότου

144 3300 538 3370 ἐγερθήσεται
570 3303 641 3356 ἐν
669 3302 745 3371 τῇ
783 3307 981 3375 κρίσει
1012 3308 1162 3377 μετὰ
1186 3307 1296 3375 τῆς
1326 3308 1536 3378 γενεᾶς
1574 3311 1819 3379 ταύτης,

145 3389 248 3447 καὶ
296 3390 641 3461 κατακρινεῖ
680 3396 901 3461 αὐτούς
919 3412 932 3426 ο
961 3395 1049 3449 ὅτι
1078 3393 1266 3465 ἦλθεν
1289 3396 1357 3450 ἐκ
1404 3397 1523 3451 τῶν
1554 3398 1824 3465 περάτων

148 3480 259 3548 τῆς
279 3479 397 3549 τῆς
428 3481 688 3535 ἀκοῦσαι
724 3483 839 3549 τὴν
859 3483 1084 3552 σοφίαν
1116 3483 1467 3553 Σολομῶνος
1486 3500 1502 3515 ·
1551 3486 1646 3538 καί
1691 3484 1823 3539 ίδοὺ

146 3569 366 3623 πλεῖον
390 3570 740 3639 Σολομῶνος
766 3565 903 3627 ὦδε.
939 3571 1109 3625 Τοῦτο
1136 3572 1230 3625 τοῦ
1261 3573 1524 3644 προτέρου
1553 3573 1714 3627 πλέον
1730 3568 1819 3644 ἦν.

157 3657 221 3710 '0
251 3657 353 3727 μὲν
374 3656 484 3727 γὰρ
512 3658 696 3722 Ἰωνᾶς
735 3660 871 3728 πρὸς
921 3659 1162 3723 ἐκείνους
1193 3660 1464 3730 ἀπῆλθεν·
1509 3662 1542 3731 ὴ
1581 3660 1638 3713 δὲ
1672 3660 1824 3730 βασί-

147 3745 311 3797 λισσα
333 3743 430 3797 τοῦ
450 3746 623 3799 Νότου
646 3746 747 3799 οὐκ
772 3747 1021 3817 ἀνέμεινε
1054 3747 1146 3801 τὸν
1170 3748 1458 3818 Σολομῶνα
1488 3748 1624 3820 πρὸς
1655 3749 1823 3817 αὐτὴν

150 3833 349 3895 ἐλθεῖν,
376 3833 492 3887 ἀλλ’
515 3833 654 3905 αὑτὴ
684 3834 817 3905 πρὸς
850 3834 1012 3887 αὑτὸν
1057 3836 1408 3905 παρεγένετο,
1438 3838 1530 3889 καὶ
1562 3835 1698 3906 γυνὴ
1729 3837 1822 3889 xal

152 3923 431 3993 βάρϐαρος
466 3917 619 3986 οὖσα,
650 3924 744 3975 καὶ
782 3923 1035 3976 τοσοῦτον
1061 3923 1397 3994 ἀφεστηκυῖα
1424 3965 1438 3990 ,
1470 3926 1568 3978 οὐκ
1595 3924 1823 3994 ἀπειλῆς

149 4010 531 4080 ἐπικειμένης,
560 4010 621 4063 o6
656 4010 883 4064 θάνατον
911 4011 1199 4077 δεδοικυῖα,
1226 4013 1340 4065 ἀλλ’
1366 4012 1527 4083 ἔρωτι
1561 4014 1823 4083 ῥημάτων

151 4101 315 4170 μόνον
364 4100 565 4168 σοφῶν.
621 4101 757 4153 Ἀλλ’
814 4100 920 4155 ἰδοῦ
965 4102 1058 4154 καὶ
1111 4100 1290 4155 πλεῖον
1341 4102 1652 4171 Σολομῶνος
1696 4097 1817 4156 ὦδε.

159 4188 311 4241 Ἐκεῖ
337 4187 437 4256 μὲν
467 4187 577 4258 γάρ
600 4190 633 4258 ἡ
661 4188 799 4261 γυνὴ
824 4189 1175 4260 παρεγένετο,
1215 4189 1449 4243 ἐνταῦθα
1491 4190 1549 4242 δὲ
1578 4189 1687 4258 ἐγὼ
1723 4186 1822 4261 ἦλ-

147 4276 260 4329 θον.
299 4275 412 4329 Kal
442 4278 475 4346 ἡ
508 4276 605 4346 μὲν
631 4276 739 4330 61:6
761 4276 867 4330 τῶν
907 4276 1158 4347 περάτων
1198 4277 1295 4346 τῆς
1329 4279 1430 4347 γῆς
1463 4276 1684 4346 ἀνέστη,
1715 4276 1824 4345 ἐγὼ

145 4365 201 4417 δὲ
229 4364 329 4416 καὶ
376 4364 559 4427 πόλεις
592 4366 687 4418 καὶ
739 4364 931 4435 κώμας
988 4364 1367 4436 περιέρχομαι.
1406 4365 1671 4426 Κάκεῖνος
1726 4364 1825 4434 μὲν

146 4453 292 4524 ὑπὲρ
317 4452 553 4523 δένδρων
590 4453 683 4504 καὶ
713 4451 886 4517 ξύλων
905 4452 1193 4521 διελέγετο,
1216 4452 1285 4505 τά
1320 4452 1485 4522 μηδὲν
1514 4452 1655 4522 μέγα
1687 4452 1827 4521 ὠφε-

142 4539 311 4609 λῆσαι
340 4538 438 4610 τὴν
461 4541 912 4611 παραγενομένην
941 4540 1213 4610 δυνάμενα
1234 4556 1250 4571 ο
1280 4540 1391 4608 ἐγὼ
1409 4540 1463 4594 δέ
1492 4541 1628 4612 ὑπὲρ
1656 4540 1827 4611 ἀπορ-

148 4628 332 4697 ρήτων
353 4628 694 4697 πραγμάτων
716 4628 811 4680 καὶ
835 4629 1148 4700 μυστηρίων
1176 4627 1646 4698 φρικωδεστάτων.
1671 4626 1845 4681 Ἐπεί

144 4709 239 4767 οὖν
269 4714 471 4776 αὐτοὺς
504 4714 790 4785 κατέκρινε
810 4756 823 4776 ,
852 4714 1031 4780 δείξας
1068 4718 1132 4769 ἐκ
1166 4714 1360 4768 πολλοῦ
1402 4714 1496 4768 τοῦ
1542 4715 1825 4786 περιόντος

146 4801 514 4870 ἀσύγγνωστα
568 4803 1001 4873 ἁμαρτάνοντας,
1036 4804 1129 4856 καὶ
1160 4803 1258 4874 τῆς
1285 4803 1464 4856 αὐτῶν
1502 4803 1825 4873 ἀγνωμοσύ-

146 4907 268 4958 νης,
306 4890 367 4942 o6
406 4890 505 4960 τῆς
541 4888 639 4942 τοῦ
691 4890 1014 4943 διδασκάλου
1068 4890 1375 4953 ἀσθενείας,
1409 4890 1508 4959 τὴν
1542 4889 1825 4962 παρακοήν

144 4970 339 5039 οὖσαν,
366 4972 462 5025 καὶ
487 4970 647 5025 τοῦτο
671 4972 780 5026 ἀπό
809 4990 869 5026 τε
902 4972 1079 5027 ἀλλων
1113 4973 1346 5038 πολλῶν,
1378 4974 1599 5027 καὶτῶν
1618 4974 1828 5027 Νινευῖ-

144 5061 259 5114 τῶν
288 5061 388 5114 κα)⁵
421 5059 526 5128 τῆς
574 5058 893 5133 βασιλίσσης
944 5061 1195 5125 ἀπέδειξε
1216 5078 1228 5092 ·
1260 5062 1383 5114 τότε
1429 5062 1575 5129 λέγει
1607 5064 1699 5116 καὶ
1726 5061 1826 5133 τὴν

146 5147 614 5218 καταληψομένην
662 5148 862 5210 αὐτοὺς
913 5147 1136 5202 κόλασιν
1161 5164 1175 5178 ·
1225 5149 1639 5218 αἰνιγματωδῶς
1701 5150 1823 5218 μὲν,

144 5238 298 5305 λέγει
322 5237 380 5288 δὲ
403 5238 574 5306 ὅμως,
596 5237 765 5291 πολὺν
786 5236 878 5289 τὸν
901 5236 1065 5306 φόϐον
1084 5236 1387 5305 ἐνυφαίνων
1410 5236 1821 5309 τῷδιηγήματι.

148 5328 343 5380 Ὅταν
371 5323 502 5393 γάρ,
532 5326 718 5395 φησὶν,
757 5324 975 5392 ἐξέλθῃ
1028 5324 1095 5378 τὸ
1121 5324 1458 5393 ἀκάθαρτον
1485 5325 1722 5393 πνεῦμα
1756 5326 1825 5378 ἐκ

147 5413 255 5467 τοῦ
280 5411 620 5479 ἀνθρώπου,
645 5412 955 5480 πορεύεται
985 5411 1057 5465 δι’
1074 5411 1347 5479 ἀνύδρων
1364 5413 1583 5474 τόπων,
1613 5412 1826 5480 ζητοῦν

145 5501 535 5555 ἀνάπαυσινο
560 5499 655 5553 καί
680 5499 767 5569 μὴ
787 5500 1093 5567 εὑρίσκον,
1117 5499 1311 5567 λέγει·
1350 5500 1721 5570 Ἐπιστρέψω
1734 5503 1823 5568 είς

148 5589 256 5643 τὸν
288 5584 459 5642 οἶκόν
493 5604 636 5656 μου.
681 5588 821 5641 ὅθεν
847 5586 1128 5655 ἐξῆλθον.
1167 5587 1278 5641 Kal
1318 5588 1523 5655 ἐλθὸν,
1553 5590 1821 5657 εὑρίσκει

146 5674 531 5746 σχολὰἰρντα
558 5674 658 5728 καί
686 5675 731 5706 ⁸⁸
758 5676 1184 5745 σεσαρωμένον
1208 5676 1305 5730 καὶ
1346 5674 1818 5746 κεκοσμημένον.

1223 300 1292 361 IN
1333 306 1747 363 MATTHASUM
1783 294 2015 363 IIoMIL.
2057 304 2239 359 XLIII.
2278 302 2349 357 al.
2392 299 2574 355 XLIV.

3488 298 3595 353 460

1928 428 2063 481 Τότε
2086 424 2419 493 πορεύεται,
2448 421 2545 475 καί
2575 418 3019 486 παραλαμϐάνει
3040 417 3167 486 μεθ’
3188 417 3402 472 ἑαυτοῦ
3424 419 3593 489 ἕτερα

1920 516 2071 568 ἑπτὰ
2097 513 2405 580 πνεύματα
2436 508 2801 575 πονηρότερα
2826 505 3063 568 ἑαυτοῦ,
3095 504 3194 558 καί
3239 510 3593 563 είσελθόντα

1921 600 2187 655 κατοικεῖ
2202 597 2344 661 ἐκεῖ,
2378 596 2726 664 καὶγίνεται
2768 594 2840 646 τὰ
2875 594 3104 661 ἔσχατα
3137 592 3244 645 τοῦ
3279 593 3593 661 ἀνθρώπου

1919 689 2155 741 ἐκείνου
2186 687 2427 755 χείρονα
2461 680 2579 736 τῶν
2631 679 2894 749 πρώτων.
2948 679 3146 745 Οὕτως
3173 680 3346 734 ἔσται
3390 683 3488 735 καὶ
3517 681 3593 751 τῇ

1920 774 2098 843 γενεᾷ
2141 774 2349 841 ταύτῃ.
2396 770 2673 826 Ἐντεῦθεν
2705 769 2995 834 δείκνυσιν,
3026 770 3107 821 ὃτι
3132 768 3231 821 ούκ
3268 770 3324 821 ἐν
3347 770 3421 839 τῷ
3463 771 3594 839 μέλ-

1920 862 2064 915 λοντι
2111 862 2265 915 αίῶνι
2305 862 2484 931 μόνον,
2534 858 2669 912 ἀλλὰ
2708 858 2801 909 καὶ¹
2831 855 3060 909 ἐνταῦθα
3089 856 3447 926 χαλεπώτατα
3472 857 3591 909 πεί-

1924 967 2127 1002 σονται.
2179 948 2397 1016 Ἐπειδὴ
2447 944 2551 1015 γάρ
2598 944 2747 1015 [462]
2798 939 2973 1005 εἶπεν,
3028 942 3268 1010 Ἄνδρες
3296 943 3595 997 Νινευτται

1921 1036 2371 1103 ἀναστήσονται
2403 1036 2473 1087 ἐν
2498 1032 2573 1102 τῇ
2617 1035 2832 1101 κρίσει,
2865 1033 2961 1085 καὶ
3006 1032 3431 1099 κατακρινοῦσι
3479 1031 3597 1100 τὴν

1921 1125 2138 1196 γενεὰν
2165 1124 2422 1190 ταύτην·
2462 1123 2549 1175 ἵνα
2594 1122 2669 1192 μὴ
2696 1122 2784 1174 διὰ
2829 1122 2928 1189 τὴν
2979 1120 3073 1173 τοῦ
3116 1120 3309 1190 χρόνου
3339 1119 3594 1191 μέλλησιν

1923 1214 2401 1283 καταφρονήσωσι,
2444 1212 2538 1264 καὶ
2597 1210 2960 1281 ῥαθυμότεροι
3012 1209 3298 1277 γένωνται,
3346 1207 3598 1260 ἐντεῦθεν

1923 1282 2233 1371 ἐφίστησιν
2261 1300 2445 1361 αὐτοῖς
2492 1299 2562 1351 τά
2598 1298 2767 1352 δεινά.
2806 1300 2871 1351 Ὀ
2907 1282 3011 1350 ’καὶ
3040 1300 3067 1349 6
3109 1297 3393 1367 προφήτης
3437 1295 3597 1364 Ὠσηέ

1923 1390 2109 1453 αὐτοῖς
2134 1384 2371 1441 ἀπειλῶν
2401 1386 2615 1456 ἔλεγεν,
2663 1387 2744 1439 ὅτι
2778 1385 3014 1447 ἔσονται,
3044 1384 3273 1451 Ὠσπερ
3297 1386 3329 1437 ό
3363 1381 3595 1451 προφή-

1923 1493 2036 1543 της
2059 1480 2092 1529 ό
2136 1473 2619 1543 παρεξεστηκὼς,
2652 1472 2960 1541 ἄνθρωπος
2993 1474 3026 1525 ό
3076 1469 3593 1539 πνευματοφόρος’

1921 1564 2220 1625 τουτέστιν,
2251 1563 2440 1633 ῶσπερ
2465 1564 2513 1615 οἱ
2556 1562 2867 1631 μαινόμενοι
2922 1560 3017 1612 καὶ
3050 1558 3441 1628 βακχευόμενοι
3492 1557 3597 1610 61:6

1923 1653 2031 1705 τῶν
2062 1651 2315 1721 πονηρῶν
2346 1653 2690 1722 πνευμάτων,
2716 1648 2775 1701 οί
2807 1647 3269 1717 ψευδοπροφῆται.
3304 1646 3596 1715 Προφήτην

1927 1740 2036 1811 γὰρ
2074 1739 2307 1792 ἐνταῦθα
2339 1737 2784 1810 παρεξεστηκότα
2813 1734 2904 1787 τὸν
2932 1734 3380 1805 ψευδοπροφήτην
3407 1732 3596 1801 φησίν,

1925 1822 2026 1880 οἷοί
2068 1828 2205 1879 είσιν
2230 1826 2275 1857 ⁸⁸
2305 1827 2353 1879 οἱ
2387 1826 2626 1896 μάντεις.
2672 1823 2841 1877 Τοῦτο
2883 1822 2948 1894 δὴ
2978 1822 3071 1874 καὶ
3110 1820 3393 1897 όΧριστὸς
3421 1818 3601 1888 δηλῶν

1926 1932 2111 1987 φησιν,
2142 1915 2225 1968 ὅτι
2253 1913 2322 1966 τά
2350 1913 2556 1983 ἐσχατα
2589 1912 2887 1966 πείσονται.
2926 1907 3076 1972 Εἶδες
3106 1909 3221 1971 πῶς
3263 1906 3601 1977 πανταχόθεν

1924 2003 2123 2066 αὐτοὺς
2154 2002 2287 2055 ὠθεῖ
2317 2002 2411 2055 ἐπὶ
2442 2002 2502 2055 :6
2533 1998 2822 2071 προσέχειν
2851 2000 2964 2059 τοῖς
2993 1996 3327 2066 λεγομένοις,
3357 1995 3463 2048 61:6
3486 1994 3599 2047 τῶν

1925 2088 2230 2157 παρόντων,
2260 2088 2368 2141 61:6
2397 2086 2505 2139 τῶν
2551 2086 2873 2157 μελλόντων,
2918 2083 3027 2136 ἀπὸ
3059 2081 3168 2134 τῶν
3206 2080 3599 2151 εὐδοκιμησάν-

1921 2194 2029 2229 των
2077 2175 2224 2247 (ἀπὸ
2271 2174 2380 2227 τῶν
2413 2172 2712 2227 Νινευῖτῶν
2754 2172 2900 2239 λέγω
2952 2172 3045 2223 καὶ
3088 2169 3185 2237 τῆς
3224 2167 3594 2237 βασιλίσσης),

1923 2262 2031 2315 61:6
2067 2262 2177 2314 τῶν
2213 2262 2732 2333 προσκεκρουκότων
2758 2258 2973 2331 Τυρίων
2998 2259 3092 2312 xal
3143 2256 3493 2326 Σοδομηνῶν;
3530 2257 3599 2306 ’0

1923 2350 2017 2402 καὶ
2037 2350 2085 2401 οί
2118 2350 2392 2421 προφῆται
2425 2348 2664 2410 ἐποίουν,
2689 2348 2813 2409 τοὺς
2846 2347 2993 2407 υἱοὺς
3027 2342 3286 2415 Ῥηχαϐὶν
3319 2344 3597 2413 παράγον-

1920 2454 2032 2499 τες,
2070 2438 2165 2489 καὶ
2204 2436 2302 2508 τὴν
2340 2437 2561 2507 νύμφην
2601 2435 2700 2505 τὴν
2749 2435 2851 2487 οὐκ
2878 2432 3374 2501 ἐπιλανθανομένην
3420 2430 3467 2462 ⁸³
3501 2428 3597 2481 τοῦ

1921 2526 2127 2595 κόσμου
2158 2528 2249 2580 τοῦ
2274 2527 2474 2579 οἰκείου
2505 2527 2598 2578 καὶ
2628 2527 2726 2595 τῆς
2758 2522 3194 2593 στηθοδεσμίδος,
3233 2521 3329 2573 καὶ
3357 2519 3447 2572 τὸν
3468 2517 3597 2587 βοῦν

1918 2614 2009 2666 τὸν
2034 2614 2212 2667 εἰδότα
2240 2613 2331 2666 τὸν
2360 2613 2722 2683 κτησάμενον,
2758 2613 2850 2664 καὶ
2878 2610 2967 2663 τὸν
2990 2610 3111 2662 δνον
3141 2609 3231 2661 τὸν
3260 2607 3358 2679 τὴν
3385 2608 3597 2677 φάτνην

1919 2701 2367 2770 ἐπιγινώσκοντα.
2418 2700 2573 2754 Οῦτω
2599 2700 2661 2769 δὴ
2694 2700 2789 2753 καὶ
2831 2697 3062 2752 ἐνταῦθα
3111 2697 3218 2750 ἀπὸ
3254 2695 3595 2767 συγκρίσεως

1920 2790 2279 2861 παραστήσας
2300 2788 2481 2842 αὐτῶν
2507 2788 2604 2859 τὴν
2640 2786 3055 2859 ἀγνωμοσύνην,
3085 2784 3234 2853 λέγει
3266 2784 3360 2837 καὶ
3392 2781 3489 2854 τὴν
3514 2800 3595 2835 τι-

1920 2878 2132 2950 μωρίαν
2169 2876 2371 2930 λοιπόν.
2750 2926 2753 2929 .
3398 2932 3401 2933 ,

1916 2960 1919 2963 ’
1988 2966 2055 3019 Τί
2103 2968 2220 3019 ποτ’
2250 2960 2343 3019 οὖν
2394 2967 2509 3017 ἐστι
2550 2962 2613 3017 :6
2658 2963 2985 3035 εἰρημένονς
3042 2961 3311 3030 Καθάπερ
3332 2959 3596 3028 οίδαιμο-

1918 3053 2138 3117 νῶντες,
2166 3054 2348 3125 φησὶν,
2382 3053 2510 3106 ὅταν
2533 3028 2884 3118 ἀπαλλαγῶσι
2905 3028 3003 3119 τῆς
3025 3028 3331 3121 ἀρρωστίας
3358 3046 3594 3115 ἐκείνης,

1920 3141 1988 3195 ἂν
2011 3142 2370 3213 ρᾳθυμότεροι
2387 3141 2672 3209 γένωνται,
2695 3138 3084 3209 χαλεπωτέραν
3106 3136 3447 3189 ἐπισπῶνται
3467 3132 3592 3186 καθ’

1921 3227 2128 3280 ἑαυτῶν
2169 3226 2268 3297 τὴν
2298 3227 2596 3295 φαντασίαν
2616 3245 2627 3256 ·
2665 3225 2807 3278 οῦτω
2853 3225 2945 3278 καὶ
2978 3224 3061 3291 ἐφ’
3100 3223 3253 3292 ὑμῶν
3282 3221 3328 3251 ⁸⁸
3360 3220 3591 3289 γίνεται.

1921 3315 2033 3367 Kal
2057 3315 2165 3385 γὰρ
2189 3315 2282 3367 καὶ
2298 3313 2609 3385 ἔμπροσθεν
2635 3312 2951 3381 κατείχεσθε
2972 3311 3204 3380 δαίμονι,
3230 3310 3318 3362 ὅτε
3342 3307 3411 3361 τὰ
3444 3308 3595 3360 είδιοο

1921 3401 2415 3471 λαπροσεκυνεῖτε,
2447 3402 2699 3463 καὶτοὺς
2743 3400 2889 3461 υίοὺς
2934 3399 3089 3467 ὑμῶν
3140 3397 3433 3464 ἐσφάττετε
3480 3398 3596 3458 τοῖς

1922 3488 2239 3558 δαιμονίοις,
2287 3486 2486 3556 πολλὴν
2540 3484 2969 3554 ἐπιδεικνύμενοι
3028 3484 3226 3551 μανίαν
3252 3500 3265 3514 ο
3302 3481 3416 3534 ἀλλ’
3445 3483 3595 3551 ὅμως

1922 3577 2021 3627 οὐκ
2053 3573 2407 3642 ἐγκατέλιπον
2446 3573 2609 3643 ὑμᾶς,
2647 3571 2762 3624 ἀλλ’
2796 3569 3050 3635 ἐξέϐαλον
3071 3570 3163 3622 τὸν
3189 3568 3417 3638 δαίμονα
3448 3569 3595 3619 ἐκεῖ-

1922 3677 2013 3713 νον
2042 3659 2131 3712 διά
2158 3658 2267 3711 τῶν
2293 3658 2606 3729 προφητῶν,
2634 3658 2727 3711 καὶ
2754 3658 2824 3711 δι’
2857 3654 3096 3726 ἐμαυτοῦ
3121 3653 3283 3707 πάλιν
3310 3649 3473 3723 ἦλθον
3502 3652 3595 3705 ἐπὶ

1926 3748 2108 3801 πλεῖον
2143 3746 2447 3817 ἐκκαθᾶραι
2493 3747 2637 3816 ὑμᾶς
2674 3744 3012 3815 βουλόμενος.
3058 3742 3212 3797 Ἐπεὶ
3250 3736 3343 3794 οὖν
3376 3739 3437 3792 o6
3472 3738 3597 3809 βού-

1922 3836 2079 3890 λεσθε
2107 3835 2414 3906 προσέχειν,
2439 3833 2573 3887 ἀλλά
2599 3833 2694 3887 καλ⁸
2719 3834 2798 3896 είς
2829 3831 3048 3884 πλείονα
3079 3829 3401 3895 ἐξωκείλατε
3430 3843 3597 3897 πονη-

1925 3924 2047 3996 ρίαν
2081 3922 2208 3994 (τοῦ
2251 3921 2360 3993 γὰρ
2402 3924 2683 3993 προφήτας
2715 3920 2920 3974 ἀνελεῖν
2952 3917 3132 3988 πολλῷ
3164 3915 3346 3988 μεῖζον
3384 3915 3478 3970 καὶ
3499 3932 3597 3984 χα-

1923 4010 2128 4064 λεπώτε
2140 4028 2227 4081 ρον
2249 4010 2312 4063 :6
2335 4010 2429 4063 καὶ
2448 4009 2609 4062 αὐτὸν
2637 4009 2682 4039 ⁸⁸
2703 4007 3046 4078 κατασφάξαι
3069 4008 3085 4074 )
3108 4025 3120 4036 ’
3148 4005 3234 4059 διὰ
3253 4003 3411 4058 τοῦτο
3434 4003 3595 4073 χαλε-

1924 4100 2148 4173 πώτερα
2201 4099 2454 4153 πείσεσθε
2508 4098 2615 4152 τῶν
2647 4098 2950 4169 προτέρων,
2987 4095 3267 4149 τῶνκατά
3298 4091 3597 4147 Βαϐυλῶνα

1923 4190 2087 4259 λέγω,
2123 4189 2215 4242 καὶ
2240 4190 2360 4242 κατ’
2391 4189 2683 4256 Αἴγυπτον,
2723 4189 2817 4240 καὶ
2842 4186 2986 4239 κατὰ
3020 4186 3290 4255 Ἀντίοχον
3315 4184 3407 4236 τὸν
3440 4182 3595 4255 πρῶο

1924 4296 2035 4334 τον,
2069 4278 2150 4331 Τά
2171 4277 2278 4349 γὰρ
2309 4278 2401 4329 ἐπὶ
2430 4275 2834 4330 Οὐεσπασιανοῦ
2868 4276 2962 4328 καὶ
2986 4274 3145 4327 Τίτου
3186 4274 3468 4344 συμϐάντα
3494 4274 3597 4326 a6-

1923 4370 2037 4429 τοῖς
2060 4365 2239 4435 πολλῷ
2273 4364 2470 4435 μᾶλλον
2500 4366 2543 4395 ⁸⁷
2576 4364 2781 4416 τούτων
2814 4362 3187 4433 χαλεπώτερα.
3223 4361 3314 4413 Διὸ
3352 4362 3447 4413 καὶ
3474 4360 3595 4412 ἕλε-

1925 4470 2050 4522 γεν·
2085 4456 2300 4506 Ἔσται
2331 4451 2536 4519 θλῖψνς
2580 4450 2833 4520 μεγάλη,
2884 4450 2980 4503 οἶα
3009 4448 3298 4502 οὐδέποτε
3325 4447 3596 4517 γέγονεν,

1924 4540 2067 4595 οὐδὲ
2098 4540 2184 4609 μὴ
2217 4539 2409 4593 ἐσται.
2443 4539 2518 4591 06
2541 4538 2698 4591 τοῦτο
2720 4538 2777 4591 δὲ
2813 4536 2970 4607 μόνον
3005 4536 3155 4605 δηλοῖ
3178 4536 3240 4588 :6
3270 4536 3592 4605 ὑπόδειγμα,

1926 4630 2038 4682 ἀλλ’
2065 4629 2146 4681 δτι
2183 4627 2279 4681 καὶ
2303 4626 2505 4698 ἀρετῆς
2530 4626 2747 4696 ἀπάσης
2771 4626 2985 4679 ἔσονται
3007 4624 3202 4695 ἔρημοι
3225 4625 3476 4689 καθόλου,
3501 4625 3597 4677 καὶ

1924 4720 1991 4787 τῇ
2025 4716 2132 4770 τῶν
2151 4715 2420 4785 δαιμόνων
2445 4714 2695 4785 ἐνεργείᾳ
2725 4712 3126 4784 εύεπιχείρητοι
3156 4712 3354 4783 μᾶλλον
3388 4713 3420 4783 ἢ
3449 4713 3593 4765 τότε.

1926 4807 2060 4860 Τότε
2084 4806 2181 4875 μὲν
2212 4803 2321 4875 γὰρ
2342 4804 2389 4856 εί
2417 4803 2512 4856 καὶ
2539 4803 2875 4873 ἡμάρτανον,
2911 4801 3026 4854 ἀλλ’
3066 4802 3215 4871 ὅμως
3244 4797 3384 4871 ἦσαν
3413 4801 3507 4852 καὶ
3543 4801 3597 4852 ol

1925 4893 2315 4964 κατορθοῦντες
2336 4894 2393 4944 ἐν
2427 4893 2629 4956 αὐτοῖς,
2662 4892 2757 4944 καὶ
2780 4892 2960 4963 παρῆν
2988 4894 3021 4961 ἠ
3054 4889 3151 4944 τοῦ
3183 4891 3316 4943 Θεοῦ
3344 4889 3596 4959 πρόνοια,

1926 4979 2020 5032 καὶ
2042 4980 2077 5048 ἡ
2104 4975 2196 5030 τοῦ
2220 4975 2536 5046 Πνεύματος
2556 4976 2735 5045 χάρις,
2766 4974 3193 5043 ἐπιμελουμένη,
3215 4970 3592 5041 διορθουμένη,

1924 5065 1994 5117 τὰ
2029 5065 2157 5135 παρ’
2188 5064 2386 5133 ἑαυτῆς
2439 5062 2655 5115 ἅπαντα
2686 5059 2968 5132 πληροῦσα
2993 5076 3006 5089 ·
3036 5059 3155 5112 νυνὶ
3194 5057 3251 5111 δὲ
3278 5058 3373 5110 καὶ
3392 5056 3597 5129 ταύτης

1926 5151 2158 5205 καθόλου
2197 5149 2647 5221 ἐρημωθήσονται
2684 5152 2784 5219 τῆς
2832 5147 3177 5218 κηδεμονίας,
3238 5146 3421 5215 φησὶν,
3453 5143 3595 5197 ὥστε

1926 5239 2018 5292 καὶ
2044 5237 2245 5308 ἀρετῆς
2280 5238 2479 5290 πλείων
2513 5237 2707 5299 σπάνις
2736 5234 2850 5299 νῦν,
2893 5234 2988 5286 καὶ
3015 5234 3299 5304 συμφορᾶς
3325 5232 3595 5297 ἐπίτασις,

1926 5326 2022 5378 καὶ
2055 5325 2323 5396 δαιμόνων
2367 5324 2617 5395 ἐνέργεια
2655 5321 3112 5394 τυραννικωτέρα.
3172 5321 3316 5373 Ἰστε
3369 5316 3463 5373 οὖν
3502 5321 3600 5387 καὶ

1927 5413 2019 5466 ἐπὶ
2045 5413 2144 5483 τῆς
2168 5413 2359 5480 γενεᾶς
2387 5411 2488 5481 τῆς
2518 5411 2815 5481 ἡμετέρας,
2842 5409 2929 5461 ὅτε
2958 5409 2986 5460 6
3020 5408 3229 5471 πάντας
3258 5407 3483 5481 ἀσεϐείᾳ
3516 5426 3568 5460 νι
3592 5437 3600 5449 -

1927 5502 2102 5572 κήσας
2136 5499 2419 5563 Ἰουλιανὸς
2446 5497 2831 5569 ἐξεϐακχεύθη,
2860 5497 2977 5559 πῶς
3014 5496 3150 5567 μετά
3172 5497 3279 5549 τῶν
3330 5495 3595 5568 Ἑλλήνων

1929 5590 2156 5652 ἐαυτοῦς
2179 5587 2417 5651 ἔταττον,
2438 5588 2553 5648 πῶς
2580 5586 2648 5639 τά
2671 5585 2891 5640 ἐκείνων
2915 5584 3267 5654 ἐθεράπευον.
3301 5584 3462 5637 Ὥστε
3492 5586 3599 5640 κᾶν

1932 5676 2080 5749 [465]
2113 5676 2309 5748 μικρόν
2333 5693 2386 5728 τι
2419 5675 2617 5728 δοκῶσι
2652 5675 2950 5744 σωφρονεῖν
2987 5672 3102 5737 νῦν,
3134 5672 3223 5727 διά
3251 5672 3343 5726 τὸν
3366 5672 3473 5726 τῶν
3500 5674 3598 5743 βαα

220 5815 447 5888 31366:}.
471 5814 533 5866 A.
553 5830 609 5884 p.
632 5814 941 5888 p.61_670v:1
964 5816 1025 5869 A.
1048 5816 1113 5870 C.
1149 5816 1693 5888 “quvavgpdanaav
1714 5815 1810 5888 Ep.

1920 5817 2246 5888 μετράφησαν
2376 5815 2414 5848 δ’
2442 5816 2535 5869 καί
2555 5814 2764 5888 accedit
2785 5831 2849 5870 cx
2873 5814 3031 5888 codd.
3152 5813 3238 5888 D._
3281 5812 3451 5888 "_xa:'_
3474 5831 3581 5888 mp.

395 5881 602 5965 .llgsqil.
632 5881 876 5965 33:71:66
1000 5881 1506 5965 ᾐδδέπιλαθομένην
1639 5888 1699 5965 (Ξ.
1728 5881 1774 5965 ,ι’
1792 5887 1822 5918 ⁸⁸

1920 5889 1943 5934 ›’
1974 5881 2146 5965 ιξμῶν]
2172 5887 2262 5965 Sjp
2288 5886 2585 5965 A.glc0rr.
2620 5887 2677 5938 E.
2699 5888 2775 5965 {fc
2809 5886 2953 5965 vobif
2975 5885 3176 5965 aegide!
3199 5883 3295 5938 Ge.
3321 5881 3587 5965 ύφίύμίῖω

151 5956 211 6011 D.
244 5954 511 6027 ὑφ’ἡμῶν
534 5954 595 6010 C.
630 5954 688 6011 F.
848 5957 975 6027 ὑμῖν
998 5956 1093 6027 Ep.
1166 5958 1209 5989 δ’
1235 5954 1416 6029 αὐτόν]
1443 5954 1564 6013 :idd.
1602 5958 1697 6029 ἐμέ
1724 5956 1787 6013 D.

1920 5954 2079 6014 ιοιιοχ
2122 5954 2342 6030 Quidam
2375 5955 2550 6015 Paris.
2587 5972 2672 6028 ap.
2706 5956 2831 6013 Sav.
2905 5956 2949 5988 "
2970 5955 3167 6025 μᾶλλον
3189 5968 3297 6010 om.
3323 5956 3465 6011 AA).
3495 5954 3594 6024 Ep.
