3916 6310
315 273 410 327 461

315 389 508 443 σιλέων
554 388 717 458 φόεον
749 387 1136 459 ήσυχάζουσιψ
1174 389 1248 452 ώς
1279 392 1328 442 εἰ
1365 392 1439 462 μή
1481 391 1637 446 τοῦτο
1686 388 1777 463 ἦν,
1803 392 1983 462 πολλῳ

312 477 420 531 τῶν
441 477 720 548 προτέρων
748 474 1104 546 χαλεπώτερα
1149 477 1456 548 ἐτόλμησαν
1482 480 1568 533 ἀν.
1621 480 1710 532 Ἐν
1738 480 1846 550 γάρ
1871 484 1984 543 τοῖς

313 565 491 629 ἄλλοις
547 568 804 636 πονηροῖς
839 563 1022 636 ἔργοις
1060 564 1253 618 νικῶσι
1294 567 1420 629 τοὺς
1469 566 1798 637 ἔμπροσθεν,
1855 585 1984 638 γοη-

311 654 481 716 τείας,
517 652 874 724 μαγγανείας,
908 653 1196 721 ἀσελγείας
1220 655 1356 724 μετά
1385 655 1428 686 ⁸⁸
1463 656 1661 726 πολλῆς
1688 657 1985 710 ἐπιδεικνύ-

317 757 466 808 μενοι
492 741 588 810 τῆς
619 739 945 811 ὑπερϐολῆς.
974 740 1084 793 Καὶ
1111 741 1168 793 ἐν
1197 744 1309 804 τοῖς
1334 741 1513 806 ἄλλοις
1539 743 1620 810 δὲ,
1651 743 1826 796 καίτοι
1859 761 1984 796 τοσ-

313 828 454 900 ούτῳ
477 829 678 900 χαλινῷ
701 829 1076 899 κατεχόμενοι,
1109 829 1366 894 πολλάκις
1386 831 1732 894 ἐστασίασαν,
1768 832 1862 885 καὶ
1887 831 1985 901 βα-

317 917 505 969 σιλέων
528 915 1017 989 κατεξανέστησαν,
1039 918 1114 982 ώς
1139 917 1231 972 καὶ
1255 920 1366 982 τοῖς
1388 920 1635 989 ἐσχάτοις
1671 921 1982 992 περιπαρῆ-

316 1023 398 1057 ναι
433 1023 644 1069 κακοις.
1279 1033 1314 1054 ι

383 1093 446 1145 δ’.
480 1092 588 1145 Ποῦ
627 1090 722 1146 νῦν
747 1093 887 1146 είσιν
918 1093 962 1125 δ’
995 1092 1047 1145 οί
1072 1091 1142 1146 τὰ
1172 1095 1372 1164 σημεῖα
1399 1090 1716 1163 ζητοῦντεςς
1760 1095 1981 1148 Ἀκουέ-

311 1199 490 1233 νιωσαν
511 1181 592 1234 ὅτι
615 1179 838 1251 γνώμης
853 1180 1010 1252 χρεία
1033 1179 1372 1251 εὐγνώμονος
1390 1199 1402 1212 ο
1423 1181 1527 1235 κᾶν
1549 1181 1623 1252 μή
1643 1182 1783 1252 αῦτη
1810 1186 1981 1254 παρῇ,

316 1269 555 1338 σημείων
575 1269 724 1322 οὐδὲν
761 1269 968 1337 ὄφελος.
1009 1269 1139 1322 Ἰδοὺ
1176 1268 1307 1336 γοῦν
1334 1270 1384 1322 οί
1418 1269 1516 1339 μέν
1557 1269 1837 1323 Νινευῗται
1877 1289 1984 1341 χω-

317 1357 398 1424 ρἰς
431 1355 670 1426 σημείων
690 1356 1018 1410 ἐπίστευσαν
1041 1372 1056 1386 °
1077 1351 1221 1410 οῦτοι
1237 1355 1292 1408 δὲ
1318 1355 1455 1425 μετά
1479 1355 1712 1409 τοσαῦτα
1730 1355 1984 1427 θαύματα

315 1443 528 1514 χείρους
557 1444 822 1512 ἐγένοντο,
844 1445 935 1498 καὶ
956 1445 1224 1514 δαιμόνων
1248 1445 1491 1516 ἀπείρων
1518 1446 1832 1516 οἰκητήριον
1859 1447 1985 1498 ἐαυ-

313 1529 438 1593 τοὺς
463 1530 822 1600 κατέστησαν,
859 1532 953 1584 καὶ
993 1531 1192 1602 μυρίας
1245 1531 1626 1585 ἐπεσπάσαντο
1674 1531 1980 1602 συμφοράς·

313 1616 408 1668 καὶ
457 1617 599 1686 μάλα
653 1619 893 1681 εἰκότως.
951 1619 1119 1670 Ὅταν
1144 1617 1252 1688 γὰρ
1288 1617 1434 1684 ἅπαξ
1481 1635 1565 1681 τις
1598 1617 1983 1689 ἐλευθερωθεὶς

314 1701 422 1754 τῶν
451 1704 633 1756 κακῶν
664 1705 737 1776 μὴ
761 1704 1125 1776 σωφρονισθῇ,
1155 1704 1332 1774 πολλῷ
1355 1705 1710 1776 χαλεπώτερα
1733 1706 1978 1758 πείσεται

313 1791 422 1843 τῶν
457 1792 756 1862 προτέρων.
788 1793 887 1845 Διά
927 1793 1034 1866 γὰρ
1070 1792 1226 1847 τοῦτο
1286 1790 1456 1857 εἶπεν,
1491 1794 1571 1846 ὅτι
1604 1795 1700 1863 οὑχ
1737 1793 1980 1864 εὑρίσκει

320 1877 640 1939 ἀνάπαυσιν,
685 1879 770 1932 ἵνα
798 1880 944 1951 δείξῃ
971 1882 1053 1934 ὅτι
1096 1882 1312 1944 πάντως
1339 1882 1432 1934 καὶ
1462 1880 1519 1946 ἐξ
1548 1881 1792 1952 ἀνάγκης
1818 1881 1983 1952 λήψει

315 1983 405 2020 ται
422 1967 514 2020 τὸν
541 1966 780 2020 τοιοῦτον
807 1969 838 2037 ἡ
864 1968 972 2020 τῶν
1002 1969 1270 2038 δαιμόνων
1295 1967 1577 2039 ἐπιϐουλή.
1612 1969 1721 2020 Καὶ
1746 1968 1853 2039 γάρ
1875 1969 1982 2022 ἀπὸ

317 2048 411 2101 δύο
443 2048 648 2102 τούτων
672 2050 1108 2122 σωφρονισθῆναι
1148 2051 1274 2111 ἔδει,
1304 2051 1410 2104 ἀπό
1435 2069 1492 2104 τε
1520 2051 1610 2104 τοῦ
1637 2052 1825 2105 παθεῖν
1855 2051 1984 2122 πρό-

317 2152 493 2208 τερον,
539 2137 647 2189 ἀπό
676 2155 734 2190 τε
775 2136 868 2190 τοῦ
901 2138 1283 2207 ἀπαλλαγῆναι
1304 2157 1318 2170 ο
1364 2138 1564 2210 μᾶλλον
1596 2139 1653 2192 δὲ
1681 2139 1774 2192 καὶ
1801 2138 1982 2210 τρίτον

318 2223 630 2294 πρόσεστιν,
666 2225 699 2294 ή
727 2223 818 2277 τοῦ
853 2225 1071 2296 χείρονα
1097 2226 1380 2278 πείσεσθαι
1409 2225 1627 2296 ἀπειλή.
1667 2224 1803 2278 Ἀλλ’
1833 2227 1982 2294 ὅμως

316 2311 491 2363 οὐδενὶ
511 2310 714 2364 τούτων
735 2313 980 2378 ἐγένοντο
1009 2313 1268 2384 βελτίους.
1295 2314 1477 2367 Ταῦτα
1502 2315 1546 2346 ⁵ο
1575 2315 1650 2384 μὴ
1677 2313 1812 2383 πρὸς
1841 2312 1976 2366 ἐκείο

316 2415 439 2462 νους
497 2398 676 2468 μόνον,
724 2399 860 2454 ἀλλά
891 2401 1146 2472 καὶπρὸς
1176 2401 1322 2472 ἡμᾶς
1371 2399 1623 2471 εἰρῆσθαι
1677 2400 1867 2471 καιρὸν
1916 2400 1981 2453 ἂν

317 2488 450 2558 ἔχοι,
484 2489 607 2541 ὅταν
626 2488 984 2556 φωτισθέντες
1015 2491 1109 2542 καὶ
1139 2490 1244 2542 τῶν
1271 2491 1550 2561 προτέρων
1580 2488 1982 2557 ἀπαλλαγέντες

317 2578 524 2642 κακῶν,
568 2579 730 2632 πάλιν
758 2580 859 2649 τῆς
892 2580 1061 2649 αὐτῆς
1117 2579 1370 2650 ἐχώμεθα
1421 2579 1714 2650 πονηρίας⁶
1749 2580 1844 2633 καὶ
1874 2580 1983 2651 γὰρ

317 2665 670 2736 χαλεπωτέρα
727 2666 912 2720 λοιπὸν
946 2667 1097 2720 ἐσται
1147 2667 1430 2738 ήκόλασις
1483 2667 1590 2721 τῶν
1625 2668 1762 2739 μετά
1813 2666 1984 2722 ταῦτα

315 2755 750 2825 ἁμαρτημάτων.
785 2754 883 2808 Διά
909 2754 1068 2808 τοῦτο
1113 2757 1208 2808 κα)⁸
1231 2755 1309 2825 τῷ
1356 2755 1652 2826 παραλύτῳ
1693 2758 1721 2809 6
1749 2755 1982 2827 Χριστὸς

314 2840 498 2910 ἔλεγεν
524 2858 536 2872 °
572 2842 713 2905 Ἴδε,
765 2841 941 2912 ὑγιὴς
967 2843 1244 2912 γέγοναςο
1277 2843 1481 2910 μηκέτι
1513 2842 1811 2913 ἁμάρτανε
1837 2883 1852 2908 ,
1885 2845 1985 2898 ἵνα

309 2928 396 2998 μὴ
426 2928 630 2998 χεῖρόν
663 2931 718 2983 τί
745 2946 844 2984 σοι
893 2930 1163 3000 γένηται·
1203 2931 1296 2982 καὶ
1335 2929 1508 2983 ταῦτα
1531 2931 1666 3001 πρὸς
1700 2931 1983 3003 ἄνθρωπον

324 3016 608 3086 τριάκοντα
639 3018 784 3070 ὀκτὼ
811 3018 908 3088 ἐτη
932 3017 1121 3088 έχοντα
1152 3017 1211 3071 ἐν
1237 3021 1302 3088 τῇ
1339 3018 1611 3089 ἀσθενείᾳ.
1645 3021 1755 3073 Καὶ
1787 3020 1839 3072 τί
1874 3023 1986 3091 χεῖ-

319 3121 410 3173 ρον
448 3105 659 3174 ἔμελλε,
699 3106 852 3176 φησὶ,
886 3104 1168 3158 πείσεσθαι
1190 3105 1429 3170 τούτων;
1468 3106 1654 3177 Πολλῷ
1691 3110 1870 3178 χεῖρον
1893 3109 1986 3162 καὶ

316 3193 712 3264 χαλεπώτερον.
744 3195 834 3263 Μὴ
865 3194 972 3264 γὰρ
1003 3194 1066 3265 δὴ
1097 3194 1306 3262 γένοιτο
1336 3194 1571 3248 τοσαῦτα
1611 3197 1757 3265 ἡμᾶς
1783 3197 1984 3266 ὑπομὲ-

315 3298 446 3345 νειν,
477 3282 578 3335 ὅσα
607 3281 884 3352 δυνάμεθα
918 3282 1130 3335 παθεῖν.
1179 3282 1313 3336 Ούδὲ
1347 3283 1456 3354 γὰρ
1486 3284 1681 3354 ἀπορεῖ
1709 3284 1986 3355 τιμωριῶν

313 3372 342 3424 6
367 3370 518 3434 Θεός.
552 3369 704 3425 Κατά
732 3370 840 3441 γὰρ
863 3371 922 3424 τὸ
956 3371 1087 3424 πολὺ
1117 3370 1264 3434 ἕλεος
1288 3370 1476 3436 αὑτοῦ,
1507 3370 1650 3424 οὕτω
1674 3372 1766 3424 καὶ
1793 3374 1826 3442 ή
1848 3373 1984 3443 ὀργὴ

315 3457 499 3511 αὐτοῦ.
534 3457 703 3511 Τοῦτο
733 3460 825 3512 καὶ
845 3459 888 3490 ⁸¹
914 3461 980 3528 τῇ
1014 3458 1371 3529 Ἰερουσαλὴμ
1395 3458 1615 3526 ἐγκαλεῖ
1640 3458 1727 3511 διὰ
1750 3458 1842 3511 τοῦ
1891 3459 1987 3511 Ἰε-

315 3549 504 3618 ζεχιήλ
523 3566 538 3580 ο
560 3544 742 3602 Εἶδον
760 3548 868 3619 γάρ
891 3565 981 3612 σε,
1002 3548 1154 3618 φησὶ,
1170 3547 1640 3617 πεφυρμένηγὼι
1653 3548 1872 3616 αἵματι,
1887 3547 1987 3600 καί

313 3636 546 3691 ἔλουσα
587 3638 684 3691 καί
733 3637 970 3705 ἐχρισα,
1011 3635 1110 3688 καί
1147 3635 1386 3704 ἐγένετό
1439 3652 1538 3689 σοι
1576 3635 1764 3704 ὄνομα
1800 3635 1871 3688 ἐν
1906 3633 1986 3700 τῷ

317 3723 527 3778 κάλλει
548 3739 695 3778 σου·
729 3723 825 3777 καὶ
847 3723 1314 3790 ὲξεπύρνευσας,
1347 3723 1534 3793 φησὶν,
1560 3721 1659 3775 ἐπὶ
1689 3722 1830 3788 τοὺς
1854 3725 1988 3791 ὁμο-

313 3810 572 3878 ροῦντάς
600 3826 731 3865 σοι’
773 3809 852 3863 διὸ
881 3810 975 3863 καὶ
1002 3805 1358 3880 χαλεπώτερα
1385 3809 1598 3863 ἀπειλεῖ
1618 3827 1700 3862 σοι
1730 3811 1775 3842 ⁸¹
1807 3811 1986 3880 ἀμαρ-

315 3900 570 3972 τανούσῃ.
629 3898 906 3953 Ἐντεῦθεν
943 3899 1000 3952 δὲ
1026 3899 1099 3969 μὴ
1133 3897 1231 3968 τὴν
1261 3897 1480 3951 κόλασιν
1525 3897 1744 3966 λογίζου
1803 3899 1984 3968 μόνον,

315 3989 449 4041 ἀλλά
471 3989 564 4042 καὶ
593 3988 692 4058 τὴν
714 3989 938 4057 ἄπειρον
979 3988 1074 4040 τοῦ
1103 3986 1238 4040 Θεοῦ
1295 3987 1697 4058 μακρομυθίαν.
1746 3989 1984 4051 Ποσάκις

316 4078 446 4145 γοῦν
469 4079 573 4131 τῶν
597 4077 775 4130 αὑτῶν
804 4076 1062 4148 ἡψάμεθα
1109 4077 1313 4139 κακῶν,
1362 4079 1456 4131 καὶ
1494 4079 1573 4131 ἔτι
1610 4079 1980 4150 μακροθυμεῖί

331 4165 491 4219 Ἀλλά
526 4165 600 4236 μὴ
637 4164 950 4238 θαρῥῶμεν,
983 4165 1118 4218 ἀλλά
1149 4164 1493 4234 φοϐηθῶμεν.
1530 4167 1638 4220 Καὶ
1671 4167 1780 4238 γάρ
1819 4171 1846 4221 6
1882 4169 1986 4222 Φα-

318 4256 454 4326 ραὼ,
475 4257 522 4308 εί
553 4256 618 4308 ἐκ
638 4255 734 4324 τῆς
766 4252 988 4326 πρώτης
1009 4253 1224 4324 πληγῆς
1253 4255 1570 4326 ἐπαιδεύθη,
1601 4255 1701 4309 οὑκ
1731 4255 1796 4309 ἂν
1825 4257 1984 4312 ἔλαϐε

317 4349 512 4418 πεῖραν
550 4345 656 4401 τῶν
680 4345 943 4417 ὑστέρων,
973 4347 1073 4399 ούκ
1102 4345 1168 4399 ἀν
1198 4347 1335 4416 μετά
1365 4347 1537 4401 ταῦτα
1573 4348 1689 4419 ἅμα
1733 4349 1882 4419 αὐτῷ
1908 4349 1986 4420 τῷ

317 4435 684 4507 στρατεύματι
715 4435 760 4467 ⁵³
810 4434 1226 4504 κατεποντίσθη.
1283 4435 1466 4488 Ταῦτα
1494 4436 1549 4488 δὲ
1592 4436 1754 4506 λέγω,
1799 4437 1986 4509 ἐπειδὴ

317 4524 545 4586 πολλοὺς
577 4519 695 4577 οἶδα
743 4523 884 4576 κατά
916 4523 1008 4575 τὸν
1038 4521 1236 4593 Φαραὼ
1287 4524 1382 4576 καὶ
1413 4522 1509 4576 νῦν
1550 4525 1826 4592 λέγοντας,
1875 4527 1988 4579 Ούκ

315 4608 430 4665 οἶδα
455 4611 547 4663 τὸν
573 4610 725 4673 Θεὸν,
748 4612 844 4663 καὶ
869 4610 946 4680 τῷ
971 4609 1128 4679 πηλῷ
1155 4611 1248 4664 καὶ
1275 4613 1339 4680 τῇ
1372 4610 1622 4683 πλινθεία
1654 4612 1987 4683 προσηλοῦν-

317 4715 414 4760 τας
441 4699 568 4760 τοὺς
602 4695 956 4756 ὑπευθύνους.
995 4697 1176 4761 Πόσοι,
1203 4696 1297 4749 τοῦ
1325 4697 1459 4750 Θεοῦ
1492 4697 1805 4762 κελεύοντος
1835 4700 1980 4754 ἀνιέ-

316 4805 404 4840 ναι
430 4786 528 4858 τήν
549 4785 795 4856 ἀπειλὴν,
827 4785 948 4839 οὑδέ
986 4785 1076 4838 16v
1107 4784 1254 4857 [464]
1295 4785 1455 4838 πόνον
1483 4787 1767 4857 ἀνέχονται
1814 4789 1982 4858 χαλά-

487 4874 624 4896 σιξὶὶ

317 4893 407 4930 σαι
427 4893 441 4940 ;
487 4874 624 4928 Ἀλλ’
644 4873 742 4926 οὐκ
764 4874 907 4927 ἐστιν
929 4871 1196 4944 Ἐρυθρὰν
1217 4873 1488 4927 θάλατταν
1521 4873 1708 4927 λοιπὸν
1731 4875 1981 4945 διαϐῆναι

316 4960 429 5016 νῦν.
475 4957 636 5012 Ἀλλά
688 4957 922 5025 πέλαγός
956 4958 1074 5010 ἐστι
1102 4956 1298 5028 πυρὸς,
1349 4955 1582 5024 πέλαγος
1627 4958 1688 5009 ού
1719 4957 1980 5023 τοιοῦτον,

314 5045 433 5099 οὐδὲ
464 5043 743 5108 τοσοῦτον,
789 5041 925 5095 ἀλλά
965 5039 1142 5111 πολλῷ
1182 5039 1366 5111 μεῖζον
1412 5039 1506 5094 καὶ
1535 5039 1890 5111 ἀγριώτερον,
1920 5045 1983 5097 ἐκ

313 5127 406 5181 τοῦ
441 5127 607 5200 πυρὸς
637 5126 758 5196 ἔχον
782 5126 852 5180 τὰ
885 5124 1124 5196 κύματα,
1156 5124 1328 5194 πυρὸς
1369 5122 1517 5187 ξένου
1556 5123 1700 5187 τινὸς
1733 5124 1825 5176 καὶ
1859 5141 1983 5195 φριν

318 5210 543 5272 κώδους.
569 5209 837 5272 ’Λὸυσσός
865 5211 1012 5261 ἐστιν
1043 5209 1158 5260 ἐκεῖ
1195 5206 1403 5276 μεγάλη
1441 5205 1636 5274 φλογὸς
1659 5205 1979 5276 χαλεπωτά-

313 5315 412 5368 της
445 5298 511 5353 ⁸⁸.
534 5299 814 5369 Πανταχοῦ
836 5298 944 5368 γὰρ
966 5297 1076 5368 πῦρ
1106 5298 1426 5368 περιτρέχον
1453 5295 1599 5348 ἐστιν
1634 5297 1779 5361 ἰδεῖν,
1807 5297 1982 5369 ἀγρίῳ

1177 271 1233 327 S.
1275 271 1558 330 JOANNIS
1595 271 2084 330 CHRYSOSTOMI
2123 269 2445 328 ARCHIEP.
2486 265 3031 326 CONSTANTINOP.

3659 267 3766 322 463

2085 389 2192 440 τινὶ
2223 388 2396 460 θηρίῳ
2443 388 2638 450 ἐοικός.
2696 387 2759 440 El
2799 385 2906 456 γὰρ
2930 381 3163 438 ἐνταῦθα
3189 382 3250 437 16
3305 383 3564 456 αἰσθητὸν
3604 385 3764 439 τοῦτο

2086 477 2178 529 καὶ
2209 476 2390 529 ὑλικὸν
2416 475 2548 546 πῦρ.
2581 474 2770 546 ῶσπερ
2791 473 2978 544 θηρίον
3009 472 3322 542 ἐκπηδῆσαν
3364 475 3463 544 τῆς
3497 473 3758 544 καμίνου,

2084 563 2318 634 ἐφήλατο
2349 564 2394 595 ⁸⁵
2421 566 2540 625 τοῖς
2559 561 2664 628 ἔξω
2694 561 3044 632 καθημένοις,
3067 561 3119 612 τί
3141 561 3240 614 οὑκ
3260 560 3554 632 ἐργάσεται
3581 563 3762 614 ἐκεῖνο

2082 653 2207 713 τοὺς
2245 651 2586 720 ἐμπεσόντας
2615 650 2694 715 ";
2732 649 2997 701 Ἀκουσον
3019 647 3146 719 περὶ
3173 647 3271 718 τῆς
3302 648 3518 718 ἡμέρας
3539 649 3761 717 ἐκείνης

2083 737 2348 806 λεγόντων
2369 738 2474 790 τῶν
2505 737 2796 809 προφητῶν
2816 753 2828 765 °
2883 734 3090 804 Ἡμέρα
3118 736 3338 803 Κυρίου
3361 736 3628 802 ἀνίατος,
3659 741 3763 791 θυ-

2077 825 2198 895 μοῦ
2225 826 2325 879 καὶ
2364 824 2543 894 ὀργῆς
2573 825 2832 893 πλήρης.
2873 824 3061 888 Οὐδεὶς
3090 823 3199 892 γάρ
3233 823 3385 879 ἐσται
3427 826 3456 876 6
3488 825 3762 895 παριστά-

2088 931 2246 982 μενος
2280 914 2347 974 ⁵⁷,
2376 915 2550 976 οὐδεὶς
2573 915 2601 966 6
2639 911 3053 983 ἐξαιρούμενος·
3092 910 3330 980 οὐδαμοῦ
3375 911 3470 964 τοῦ
3517 911 3761 982 Χριστοῦ

2082 1000 2144 1054 τὸ
2171 1000 2458 1072 πρόσωπον
2481 1001 2540 1052 16
2567 1001 2774 1072 ἥμερον
2799 999 2892 1053 καὶ
2921 998 3172 1068 γαληνόν.
3217 997 3358 1051 Ἀλλ’
3395 996 3588 1069 ῶσπερ
3612 1001 3664 1051 οί
3694 1000 3761 1052 τά

2089 1087 2324 1159 μέταλλα
2351 1087 2708 1159 ἐργαζόμενοι
2729 1085 2984 1156 χαλεποῖς
3000 1103 3110 1138 τισι
3137 1085 3518 1156 παραδίδονται
3546 1084 3760 1157 ἀνθρώ-

2088 1195 2230 1243 ποις,
2268 1176 2362 1230 καὶ
2391 1177 2582 1230 ούδένα
2614 1175 2722 1229 τῶν
2754 1176 2968 1228 οἰκείων
2999 1174 3309 1245 βλέπουσιν,
3351 1174 3488 1228 ἀλλά
3516 1175 3644 1237 τοὺς
3670 1176 3760 1243 ἐφ.

2089 1264 2391 1334 εστηκότας
2414 1263 2628 1334 μόνους*
2657 1262 2799 1315 οῦτω
2821 1262 2885 1332 δὴ
2919 1262 3014 1314 καὶ
3040 1261 3190 1314 τότεο
3217 1260 3416 1331 μᾶλλον
3447 1261 3505 1314 δὲ
3534 1263 3637 1332 οὐχ
3665 1262 3756 1315 οῦς

2083 1369 2213 1414 τως.
2246 1351 2386 1404 ἀλλά
2428 1351 2525 1404 καλ⁵
2575 1350 2753 1416 πολλῷ
2779 1349 3174 1420 χαλεπώτερον.
3211 1349 3471 1402 Ἐνταῦθα
3519 1350 3622 1421 μὲν
3650 1351 3759 1420 γάρ

2084 1439 2310 1494 δυνατὸν
2335 1441 2429 1493 καὶ
2462 1439 2781 1510 προσελθεῖν
2811 1439 2906 1492 καὶ
2925 1437 3182 1508 δεηθῆναι
3215 1437 3312 1491 τοῦ
3341 1437 3628 1507 βασιλέως,
3665 1439 3759 1492 καὶ

2085 1525 2244 1580 λῦσαι
2266 1527 2354 1579 τὸν
2377 1526 2871 1580 καταδικασθέντα·
2903 1526 3020 1578 ἐκεῖ
3045 1525 3103 1579 δὲ
3121 1525 3335 1578 οὐκέτιο
3365 1526 3427 1579 o6
3461 1526 3572 1596 γὰρ
3611 1525 3759 1593 69(5-

2085 1633 2174 1669 ται
2205 1617 2250 1655 ⁵⁸
2269 1633 2281 1645 ·
2312 1614 2449 1668 ἀλλά
2484 1615 2736 1685 μένουσιν
2767 1611 3312 1683 ἀποτηγανιζόμενοι,
3367 1613 3461 1666 καὶ
3487 1613 3758 1684 τοσαύτην

2085 1702 2278 1772 ὀδύνην
2307 1702 2544 1772 ἔχοντες,
2575 1702 2706 1771 ὅσην
2737 1701 2783 1732 ⁸⁸
2803 1700 2924 1753 ούδέ
2950 1702 3124 1752 εἰπεῖν
3151 1699 3392 1755 δυνατόν.
3426 1701 3488 1754 Εἰ
3509 1701 3624 1772 γάρ
3647 1701 3758 1754 τῶν

2083 1789 2315 1843 ἐνταῦθα
2337 1789 2636 1859 καιομένων
2652 1789 2750 1852 τὰς
2765 1787 3012 1859 δριμείας
3029 1787 3328 1858 ἀλγηδόνας
3344 1787 3515 1852 οὐδεὶς
3530 1787 3759 1843 δύναται

2085 1897 2232 1950 παρα
2241 1879 2432 1948 στῆσαι
2452 1879 2626 1947 λόγος,
2643 1876 2820 1947 πολλῷ
2844 1875 3041 1948 μᾶλλον
3061 1876 3168 1930 τῶν
3195 1875 3368 1930 ταῦτα
3383 1877 3501 1930 ἐκεῖ
3519 1878 3762 1948 πασχόν-

2080 1983 2208 2020 των.
2229 1965 2489 2019 Ἐνταῦθα
2511 1965 2607 2034 μέν
2628 1965 2736 2035 γὰρ
2762 1965 2820 2016 ἐν
2839 1963 3067 2035 βραχείᾳ
3089 1962 3281 2035 καιροῦ
3306 1965 3444 2034 ῥοπῇ
3471 1963 3532 2016 τὺ
3551 1966 3659 2017 πᾶν
3682 1964 3767 2032 γίο

2083 2071 2233 2107 νεται
2252 2068 2267 2082 °
2295 2052 2408 2106 ἐκεῖ
2434 2053 2490 2106 δέ
2519 2052 2729 2105 καίεται
2757 2051 2876 2121 μὲν,
2891 2053 2952 2104 o6
2973 2051 3274 2105 δαπανᾶται
3293 2050 3349 2103 δὲ
3365 2050 3426 2104 16
3442 2051 3755 2122 καιόμενον.

2154 2139 2219 2192 Τί
2251 2139 2428 2193 τοίνυν
2462 2139 2760 2208 ποιήσομεν
2790 2138 2835 2168 ⁸ο
2881 2138 3032 2203 ἐκεῖ;
3066 2137 3177 2190 Καὶ
3205 2135 3314 2207 γάρ
3357 2135 3493 2208 πρὸς
3521 2137 3760 2207 ἐμαυτὺν

2083 2228 2254 2282 ταῦτα
2281 2227 2444 2296 λέγω.
2470 2228 2580 2279 Καὶ
2611 2226 2659 2278 εί
2687 2226 2982 2298 σὺηφησὶν,
3012 2225 3041 2277 6
3075 2224 3411 2288 διδάσκαλος,
3443 2226 3572 2296 περὶ
3588 2241 3755 2279 σεαυ-

2082 2317 2175 2370 τοῦ
2207 2316 2380 2370 ταῦτα
2409 2315 2605 2384 λέγεις,
2637 2315 2788 2368 ούδέν
2813 2315 2940 2385 ἐμοὶ
2975 2313 3124 2385 μέλει
3161 2313 3368 2368 λοιπόν.
3399 2313 3463 2366 Τί
3497 2314 3606 2384 γάρ
3629 2313 3760 2367 θαυο

2087 2405 2292 2476 μαστὸν
2329 2405 2429 2476 ἐμὲ
2474 2403 2826 2469 κολάζεσθαι;
2874 2403 2988 2472 Μὴ,
3034 2402 3375 2474 παρακαλῶ,
3406 2403 3594 2474 μηδεὶς
3621 2403 3760 2456 ταύ-

2082 2509 2182 2566 την
2236 2493 2468 2564 ζητείτω
2528 2491 2625 2562 τὴν
2691 2490 3085 2563 παραμυθίαν
3143 2491 3206 2544 o6
3258 2490 3366 2560 γάρ
3426 2493 3573 2544 ἐστιν
3618 2489 3758 2560 αῦτη

2089 2581 2414 2654 παραψυχή.
2458 2580 2594 2635 Εἰπὲ
2632 2581 2741 2651 γάρ
2783 2598 2893 2651 μοι,
2943 2579 3067 2650 ούχὶ
3099 2577 3389 2649 ἀσώματος
3422 2578 3650 2649 δύναμις
3689 2574 3759 2649 ἦν

2083 2672 2112 2723 6
2163 2670 2434 2734 διάϐολος;
2481 2670 2542 2722 ού
2589 2667 2698 2720 τῶν
2751 2667 3054 2738 ἀνθρώπων
3100 2666 3359 2737 βελτίων;
3420 2666 3562 2719 Ἀλλ’
3610 2667 3758 2736 ὅμως

2083 2759 2359 2824 ἐξέπεσεν.
2397 2753 2523 2828 'Ap'
2551 2754 2643 2811 οὖν
2678 2757 2826 2810 ἐστιν
2846 2757 2994 2820 ὅστις
3023 2756 3379 2828 παραμυθίαν
3413 2759 3476 2810 ἐκ
3509 2756 3604 2810 τοῦ
3639 2758 3756 2826 μετ’

2084 2849 2294 2902 ἐκείνου
2343 2847 2666 2912 κολάζεσθαι
2707 2845 2969 2917 λήψεται;
3017 2846 3302 2917 Ούδαμῶς.
3335 2847 3399 2900 Τί
3431 2845 3489 2899 δὲ
3529 2847 3571 2884 ⁸³
3615 2847 3664 2898 οί
3701 2847 3758 2898 ἐν

2085 2935 2346 3006 Αἰγύπτῳ
2379 2935 2581 2998 πάντες
2606 2953 2622 3002 ;
2651 2935 2771 3004 οὐχὶ
2789 2935 2880 2987 κα)⁸
2905 2936 3030 2997 τοὺς
3055 2935 3114 2986 ἐν
3150 2935 3346 3006 ἀρχαῖς
3380 2933 3569 3004 ἐώρων
3596 2933 3759 2988 κολα-

2091 3022 2374 3093 ζομένους,
2407 3022 2502 3076 καὶ
2521 3023 2758 3094 ἑκάστην
2786 3021 2963 3076 οἰκίαν
2997 3021 3190 3086 πένθος
3221 3022 3480 3093 ἐχουσανς
3513 3017 3641 3094 'Ap‘
3663 3019 3756 3076 οὖν

2086 3110 2340 3164 ἐντεῦθεν
2376 3111 2710 3164 ἀνέπνευσαν
2742 3112 2836 3164 καὶ
2866 3111 3294 3182 παρεκλήθησαν
3332 3113 3416 3176 ";
3459 3111 3534 3166 06
3580 3111 3717 3183 δῆτα
3739 3128 3754 3142 ·

2086 3199 2180 3251 καὶ
2205 3197 2362 3268 δῆλον
2386 3197 2444 3265 ἐξ
2473 3191 2548 3250 ὧν
2573 3198 2712 3268 μετά
2733 3197 2906 3252 ταῦτα
2933 3199 3214 3270 ἐποίησαν,
3240 3198 3430 3271 ὥσπερ
3473 3200 3582 3253 ὑπό
3613 3216 3758 3264 τινος

2087 3287 2284 3356 φλογὸς
2334 3285 2740 3358 μαστιζόμενοι,
2796 3288 3219 3352 συνεπιστάντες
3247 3286 3326 3357 τῷ
3384 3287 3626 3357 βασιλεῖ,
3661 3289 3758 3341 καὶ

2086 3375 2498 3442 ἀναγκάσαντες
2526 3373 2778 3426 ἐκϐαλεῖν
2807 3371 2916 3426 τῶν
2961 3372 3231 3444 Ἑϐραίων
3270 3374 3362 3427 τὸν
3403 3374 3596 3446 δῆμον.
3643 3375 3754 3428 Καὶ

2085 3463 2194 3532 γὰρ
2226 3461 2430 3532 σφόδρα
2485 3461 2691 3532 ψυχρὸς
2737 3454 2891 3524 οὗτος
2924 3462 2953 3514 6
2975 3461 3152 3529 λόγος,
3192 3461 3255 3515 16
3287 3462 3529 3532 νομίζειν
3576 3479 3758 3533 παρα-

2089 3548 2289 3618 μυθίαν
2319 3549 2504 3619 φέρειν
2531 3548 2593 3600 τὸ
2627 3546 2767 3618 μετά
2797 3547 3018 3601 πάντων
3048 3546 3372 3612 κολάζεσθαι
3398 3564 3413 3578 °
3446 3549 3510 3603 16
3551 3549 3752 3618 λέγειν,

2087 3635 2162 3698 ὼς
2197 3636 2392 3698 πάντες
2426 3636 2518 3689 καί
2557 3634 2688 3702 ἐγώ.
2730 3633 2796 3688 Τί
2826 3635 2936 3707 γὰρ
2982 3635 3088 3706 χρὴ
3137 3635 3315 3705 λέγειν
3353 3635 3456 3707 τὴν
3495 3638 3753 3705 γέενναν;

2097 3721 2380 3794 Ἐννόησόν
2439 3740 2528 3793 μοι
2565 3723 2691 3786 τοὺς
2742 3721 2848 3777 ὑπὸ
2899 3722 3199 3790 ποδαλγίας
3241 3725 3665 3794 κατεχομένους,
3701 3726 3754 3779 οῖ

2085 3808 2212 3861 ὅταν
2253 3808 2357 3862 ὑπὸ
2381 3808 2630 3879 δριμείας
2676 3808 2868 3877 ὀδύνης
2895 3808 3340 3873 κατατείνωνται,
3387 3809 3488 3864 κᾶν
3530 3811 3755 3882 μυρίους

2084 3895 2264 3968 δείξῃς
2324 3895 2680 3966 χαλεπώτερα
2720 3897 3048 3966 πάσχοντας,
3103 3895 3211 3950 066'
3252 3898 3331 3960 είς
3380 3896 3504 3950 νοῦν
3541 3897 3754 3969 λαμόά-

2085 4001 2256 4038 νουσι.
2309 3985 2381 4036 Τὸ
2425 3985 2533 4053 γαρ
2569 3985 2957 4055 ἐπιτεταμένον
2996 3985 3096 4056 τῆς
3123 3983 3414 4056 ἀλγηδόνος
3449 3985 3511 4038 o6
3546 4003 3755 4056 συγχω-

2088 4071 2280 4142 ρεῖτῷ
2305 4071 2550 4141 λογισμῴ
2579 4071 2776 4142 σχολήν
2818 4089 2938 4126 τινα
2985 4072 3153 4142 ἔχειν,
3201 4075 3280 4136 είς
3325 4072 3386 4125 16
3434 4072 3754 4142 λογίσασθαι

2087 4161 2308 4229 ἐτέρους
2340 4160 2436 4213 καλ⁵
2468 4159 2822 4230 παραμυθίαν
2879 4160 3080 4231 εὑρεῖν.
3138 4161 3229 4231 Μὴ
3270 4160 3450 4213 τοίνυν
3480 4164 3602 4224 ταῖς
3650 4162 3754 4232 ψδ-

2086 4250 2247 4318 χραῖς
2272 4247 2498 4308 ταύταις
2526 4245 2708 4300 ἐλπίσι
2731 4247 3078 4318 τρεφώμεθα.
3109 4246 3261 4320 [465]
3288 4248 3360 4300 Τὸ
3376 4247 3484 4320 γὰρ
3502 4249 3755 4315 δέξασθαι

2088 4333 2441 4405 παραμυθίαν
2467 4335 2530 4385 ἐκ
2562 4333 2670 4386 τῶν
2701 4333 2796 4388 τοῦ
2835 4333 3006 4399 πέλας
3042 4335 3248 4400 κακῶν,
3286 4337 3346 4389 ἐν
3379 4339 3493 4400 τοῖς
3544 4339 3755 4409 συμμέο

2086 4440 2240 4494 τροις
2266 4423 2476 4490 γίνεται
2509 4421 2620 4476 τῶν
2654 4421 2874 4476 παθῶν·
2901 4424 3028 4477 ὅταν
3063 4423 3121 4477 δὲ
3166 4423 3406 4494 ὑπερέχῃ
3437 4426 3469 4495 ἡ
3500 4425 3754 4495 βάσανος,

2090 4511 2182 4566 καὶ
2208 4507 2430 4583 ζάληςῇ
2467 4511 2646 4565 πάντα
2680 4511 2852 4582 μεστά
2876 4511 2946 4565 τὰ
2974 4511 3139 4578 ἔνδον,
3169 4513 3262 4565 καὶ
3294 4512 3425 4583 μηδέ
3457 4514 3653 4584 ἐαυτὴν
3678 4517 3755 4566 εξο

2087 4599 2235 4654 δέναι
2256 4601 2288 4668 ἡ
2309 4598 2454 4670 ψυχὴ
2481 4599 2663 4652 λοιπὸν
2685 4599 2805 4670 ἐχῃ,
2821 4599 2984 4653 πόθεν
3011 4599 3360 4672 καρπώσεται
3381 4602 3755 4672 παραμυθίαν;

2159 4693 2222 4740 ε’.
2271 4686 2434 4738 Ὥστε
2465 4687 2636 4754 γέλως
2666 4687 2844 4740 πάντα
2884 4685 3056 4740 ταῦτα
3086 4686 3155 4740 τά
3195 4687 3438 4758 ῥήματα,
3471 4689 3565 4740 καὶ
3595 4688 3754 4759 μῦθοι

2091 4775 2299 4829 παίδων
2355 4775 2600 4844 ἀνοήτων
2645 4775 2806 4828 είσίν.
2853 4774 3025 4828 Τοῦτο
3055 4775 3185 4846 γὰρ,
3213 4775 3241 4828 ὃ
3280 4774 3480 4844 λέγεις,
3519 4777 3580 4829 ἐν
3626 4778 3756 4831 ἀθυ-

2093 4862 2190 4933 μίᾳ
2223 4861 2267 4893 ⁸³
2291 4861 2598 4931 συμϐαίνει,
2632 4862 2727 4914 κα)⁸
2753 4862 2811 4913 ἐν
2841 4860 3052 4933 ἀθυμίᾳ
3094 4861 3413 4934 συμμέτρῳ,
3436 4864 3566 4918 ὅταν
3593 4863 3754 4916 ἀκούο

2092 4967 2274 5020 σωμεν
2295 4991 2310 5014 ,
2337 4951 2418 5003 ὃτι
2465 4950 2493 5002 6
2536 4950 2684 5002 δεῖνα
2732 4949 2794 5002 16
2825 4949 2956 5002 αὑτὸ
2988 4949 3192 5003 ἔπαθεν
3227 4965 3243 4982 ⁶
3278 4950 3392 5004 ἐστι
3426 4951 3484 5005 δὲ
3514 4951 3604 5005 ὅτε
3632 4953 3754 5006 οὐδὲ

2090 5041 2148 5090 ἐν
2188 5037 2420 5107 ἀθυμίᾳ·
2458 5036 2581 5090 είδέ
2611 5038 2728 5090 ἐκεῖ
2755 5037 3013 5106 οὐδεμίαν
3049 5038 3203 5107 ίσχὺν
3225 5037 3360 5108 ἔχει,
3407 5038 3588 5110 πολλῷ
3620 5041 3756 5111 μάλ-

2085 5126 2175 5178 λον
2204 5126 2260 5177 ἐν
2283 5125 2444 5195 ὀδύνῃ
2474 5124 2569 5178 καὶ
2593 5124 2740 5192 πόνῳ
2770 5125 3020 5195 ἀρῥήτῳ,
3049 5125 3115 5194 ἣν
3135 5128 3162 5178 6
3189 5124 3434 5196 βρυγμὸς
3475 5125 3587 5179 τῶν
3611 5127 3753 5181 ὀδόν-

2086 5228 2194 5264 των
2225 5211 2484 5265 δείκνυσι.
2514 5212 2624 5265 Καὶ
2652 5207 2767 5265 οἶδα
2795 5214 2892 5282 μὲν
2913 5214 3170 5283 φορτικὸς
3193 5213 3267 5269 ῶν
3289 5215 3382 5269 καὶ
3410 5215 3596 5268 λυπῶν
3611 5217 3753 5287 ὑμᾶς

2087 5298 2175 5353 διά
2211 5299 2319 5353 τῶν
2376 5299 2636 5370 ῥημάτων
2685 5299 2928 5354 τούτων·
2983 5301 3122 5355 ἀλλά
3172 5301 3226 5355 τί
3279 5304 3472 5369 πάθω;
3527 5305 3600 5357 Οὐ
3646 5305 3753 5375 γὰρ

385 5386 431 5460 f3
451 5385 638 5460 9.5161
659 5386 834 5460 πάντα
860 5387 1005 5460 ⁸μετά
1041 5385 1174 5460 Mor.
1209 5385 1339 5460 Bgn.
1371 5383 1414 5460 δέ
1440 5454 1454 5460 ᾳ
1475 5383 1761 5460 HBIKQN.
1797 5384 2118 5460 Ὄ-τι-ούδεῖ
2157 5389 2276 5460 ταῖς
2313 5388 2513 5460 ἐτέρων
2549 5388 2840 5460 ῥᾳθυμίαις
2884 5389 3201 5460 ἀφορῶντας
3224 5392 3371 5460 ἡμᾶς
3392 5392 3752 5445 καταπίπτειν

315 5450 688 5542 κιαὶάθυμεῖν·
712 5450 1197 5542 ψυχρδςγάριέστιν
1216 5450 1372 5542 οὗτος
1388 5455 1416 5508 6
1440 5453 1696 5542 λργισμός
1712 5458 1818 5542 ~A.n
1856 5456 1901 5486 ⁵ο
1913 5454 1978 5542 Ἰιιι

2156 5457 2193 5510 :6
2212 5450 2423 5542 ἠθικόνξ
2446 5450 2827 5542 ῥςιίιξχαῦτα]
2850 5450 3033 5542 add.6é
3141 5450 3196 5542 οἱ
3233 5450 3460 5542 ἐὸηῆένζ.
3483 5463 3582 5534 μή]
3604 5465 3664 5542 οξ)

316 5527 359 5556 ⁸¹
394 5527 504 5578 Καὶ
526 5527 684 5578 τοῦτο
705 5527 794 5578 καί
819 5527 948 5579 Edd.

1023 5527 1067 5557 "
1095 5542 1306 5578 comm.
1333 5523 1393 5577 Ρ.
1461 5524 1506 5556 ⁸³
1531 5524 1746 5594 στρατῶ
1781 5525 1838 5578 D.
1912 5527 1958 5558 “

1023 5595 1061 5612 n
1183 5594 1275 5612 ΛΔ-
1341 5593 1379 5612 n
1415 5594 1427 5612 9
1489 5594 1531 5612 ’γ
1584 5609 1610 5612 _.
1630 5610 1644 5612 _
1669 5604 1703 5612 κ.
1811 5595 1836 5612 Λ
1937 5597 1949 5612 ο

2156 5523 2335 5612 ωτᾶτη
2602 5530 2648 5612 ⁵-⁵
2675 5523 2937 5612 ἐφήλλατο
3056 5529 3116 5582 Ε.
3135 5541 3190 5612 οξ
3207 5547 3349 5586 corr.
3382 5529 3441 5584 Ρ.
3467 5523 3592 5612 ἐμὴῖ
3613 5532 3753 5612 εδδ.

316 5594 502 5670 Tacil_e
529 5596 768 5649 correxit
804 5593 991 5670 Ealigor
1022 5595 1152 5650 Ben.
1182 5594 1317 5670 ᾖξ’..
1338 5593 1542 5670 Deinde
1584 5593 1981 5670 ροεικαθημὲν

2156 5598 2260 5667 ligo
2299 5593 2588 5670 shhjicilur
2618 5593 3041 5670 ἐπὶέῶντριῶν
3065 5599 3287 5670 παίδων,
3329 5603 3512 5670 procul
3537 5604 3700 5657 dubio
3721 5619 3751 5657 ο

316 5667 872 5740 ιιιατείιιε-ιηγθοιιιιη.
900 5667 1181 5740 ϐαι-επηορ
1199 5664 1258 5740 F._
1279 5665 1375 5740 ϐε..
1408 5664 1908 5740 ᾼ-νηιηίιοὺριιι-εοι]
1933 5683 1981 5720 m

2156 5664 2328 5722 eéenli
2355 5664 2616 5740 in'scrlurg
2644 5669 2708 5722 A.
2735 5669 2795 5722 Ε.
2855 5664 3253 5740 1⁵(ἐκπεσόντας
3287 5664 3346 5723 Ἐξ
3378 5671 3750 5740 ἐμπεσοῦντας

315 5736 516 5811 εοιᾳεοο
549 5735 684 5791 Edd.
748 5737 792 5769 ⁸⁷
819 5735 1212 5811 προϊστάμενος
1327 5735 1388 5788 C.
1407 5734 1540 5811 1kg}:
1563 5736 1615 5811 ign
1644 5735 1806 5811 simili
1833 5752 1981 5811 a_rgu_!

2175 5737 2741 5811 ροιηιιιιῐιιηῑμζΤοιηἰ
2791 5755 2820 5793 x
2847 5755 2898 5811 ρ.
2921 5739 3034 5811 599
3064 5739 3121 5792 D.
3144 5809 3151 5811 _
3197 5741 3242 5772 ⁵⁸
3266 5734 3483 5811 ἀφίεται
3506 5742 3570 5794 Α.
3593 5743 3656 5797 C.
3686 5734 3743 5796 FQ

314 5805 565 5870 ἀφίενται
585 5822 750 5874 super
781 5805 1030 5862 rasuram

1103 5847 1116 5878 .
1151 5796 1361 5878 ἐῲεῖται
1405 5803 1565 5878 Edd._
1586 5803 1727 5878 haud
1761 5796 1926 5861 male:
1947 5807 2031 5861 Cf.
2070 5796 2224 5863 Τοιῖι.
2247 5824 2283 5862 1.
2312 5824 2366 5878 p.
2403 5808 2510 5863 598
2528 5807 2588 5862 C.
2619 5818 2672 5862 cl
2702 5796 2763 5860 Ε.

2889 5810 2940 5884 ‘1
2968 5809 3089 5884 ὅσον
3127 5809 3189 5863 Α.
3215 5811 3275 5865 C.
3318 5809 3392 5844 "°
3436 5813 3746 5884 ποιήσωμεν

317 5877 384 5927 Ε.
401 5874 462 5929 5'.
533 5877 573 5910 ⁸¹
605 5872 686 5945 δέΙ
715 5878 802 5934 δαί
827 5876 888 5932 Ι).
959 5877 1003 5909 ⁶²
1029 5872 1310 5932 άνέπ.’καὶ
1341 5872 1565 5944 παρεκ.]
1586 5876 1677 5927 καὶ
1713 5893 1908 5943 παρεκ.
1933 5896 1981 5932 κε

2315 5872 2326 5878 ’
2363 5880 2408 5964 ⁶¹ξ
2433 5878 2690 5963 ἀθυμίαις
2717 5880 2779 5934 Α.
2809 5879 2868 5935 C.
2901 5877 2976 5959 E._
2996 5877 3059 5961 Γ.
