3908 6198
182 322 271 375 mi
1130 316 1197 372 IN
1239 310 1647 371 MATTIIZEUM
1691 312 1915 369 IIOBIIL.
1962 313 2143 371 XLIII.
2189 318 2259 381 al.
2300 319 2486 376 XLIV.

180 455 295 493 sese
334 452 457 492 cum
489 435 775 505 gentilibus
796 434 1103 505 jungerent,
1148 442 1203 487 et
1232 434 1442 486 illorum
1473 445 1650 484 mores
1676 445 1762 484 se-

181 540 472 585 ctarentur.
499 527 680 596 Itaque
700 528 909 583 etiamsi
937 541 1075 581 nunc
1100 525 1360 579 tantillum
1385 523 1768 577 moderatiores

180 621 459 675 videantur
501 634 643 682 esse,
691 619 813 688 quia
842 617 1225 687 lmperatorum
1258 625 1400 670 metu
1448 615 1764 686 quiescunt:

178 724 327 768 certe
354 714 452 767 nisi
499 712 601 766 hoc
639 720 801 776 esset,
829 712 993 764 multo
1020 711 1265 779 graviora
1295 724 1451 779 quam
1490 718 1614 761 ante
1649 706 1765 759 ausi

180 806 427 860 fuissent.
457 804 588 858 Nam
614 803 665 857 in
707 803 825 857 aliis
853 802 1104 872 operibus
1133 800 1286 855 malis
1308 800 1510 869 priscos
1533 798 1652 851 illos
1676 812 1767 848 su-

179 906 386 967 perant,
422 896 475 950 in
503 895 812 965 praestigiis,
845 893 1098 948 maleficis
1125 890 1347 953 artibus,
1375 898 1426 944 et
1449 890 1499 941 in
1528 886 1765 950 lascivia,

179 988 358 1040 omnia
386 987 571 1040 istbatc
590 1000 747 1055 supra
774 983 989 1039 modum
1012 991 1343 1037 exercentes.
1364 980 1533 1034 Etiam
1558 978 1610 1053 in
1629 977 1765 1038 aliis,

179 1081 277 1134 etsi
309 1079 411 1133 hoc
434 1077 586 1134 freno
609 1080 967 1144 detineantur,
995 1091 1136 1145 smpe
1156 1075 1445 1130 seditiones
1465 1076 1766 1135 moverunt,

180 1182 366 1225 contra
407 1172 762 1241 Imperatores
794 1172 1235 1234 insurrexerunt,
1270 1167 1340 1221 ita
1368 1176 1423 1220 ut
1450 1166 1501 1219 in
1532 1173 1769 1219 extrema

182 1263 564 1318 delaberentur
604 1266 762 1319 mala.

250 1357 305 1408 4.
338 1355 563 1410 Ubinam
589 1371 717 1426 ergo
737 1364 862 1409 sunt
890 1355 965 1408 illi
992 1354 1077 1423 qui
1102 1354 1248 1423 signa
1271 1351 1542 1421 quaerunt?
1565 1348 1766 1409 Sciant,

180 1447 351 1515 probo
379 1456 597 1516 etgrato
623 1461 758 1516 opus
782 1460 901 1501 esse
923 1445 1101 1499 animo
1130 1460 1145 1498 :
1169 1445 1256 1514 qui
1286 1444 1384 1497 nisi
1409 1442 1567 1506 adsit,
1592 1441 1771 1510 signo-

181 1553 298 1591 rum
331 1538 477 1593 nulla
504 1538 609 1592 erit
649 1538 867 1591 utilitas.
910 1536 1066 1591 Certe
1093 1535 1338 1589 Ninivit:c
1366 1535 1567 1602 absque
1606 1531 1771 1601 signis

180 1627 527 1681 crediderunt
556 1646 571 1682 :
604 1626 657 1682 hi
685 1642 812 1682 vero
837 1637 959 1695 post
1000 1635 1078 1679 tot
1105 1625 1361 1678 miracula
1397 1623 1608 1692 pejores
1646 1628 1772 1674 sunt

180 1722 353 1777 effecti
386 1763 401 1787 ,
445 1737 609 1792 seque
655 1722 1055 1775 innumerorum
1096 1718 1399 1772 dzemonum
1437 1716 1765 1771 domicilium

180 1813 589 1874 constituerunt,
610 1822 665 1867 et
690 1822 968 1867 sexcentas
991 1811 1088 1865 sibi
1109 1817 1430 1879 pepererunt
1445 1808 1772 1862 calamitates

179 1905 294 1974 jure
326 1905 518 1959 illatas.
535 1905 665 1960 Cum
694 1905 835 1959 enim
860 1904 979 1972 quis
1002 1918 1029 1956 a
1051 1902 1205 1955 malis
1231 1901 1486 1955 liberatus
1510 1913 1614 1952 non
1642 1898 1772 1951 resi-

180 1999 361 2069 piscit,
393 1999 550 2068 longe
575 1997 816 2068 graviora
850 1995 1115 2066 prioribus
1161 1993 1409 2062 patietur.
1459 1990 1586 2044 Ideo
1628 1989 1768 2043 enim

180 2089 311 2143 dixit
337 2131 353 2154 ,
409 2088 531 2142 Non
558 2089 741 2142 invenit
768 2087 983 2157 requiem
1009 2128 1022 2150 ,
1051 2092 1110 2139 ut
1134 2083 1419 2147 ostendat,
1466 2082 1767 2136 dzemonum

182 2180 403 2235 insidias
444 2181 585 2234 hunc
626 2178 930 2233 necessario
958 2184 1298 2245 correpturas
1342 2188 1481 2228 esse.
1530 2172 1661 2226 Nam
1706 2172 1773 2225 ab

183 2270 262 2323 his
283 2262 504 2323 â€˜duobus
529 2269 594 2322 ad
624 2284 807 2323 sanam
841 2275 1072 2321 mentem
1103 2265 1282 2318 reduci
1313 2264 1675 2332 oportuisset,
1719 2270 1774 2313 et

182 2360 321 2430 quod
350 2360 512 2427 passi,
537 2370 587 2414 et
609 2360 749 2430 quod
780 2358 987 2413 liberati
1017 2365 1196 2411 essent
1218 2372 1233 2421 ;
1259 2356 1365 2408 imo
1395 2354 1608 2408 tertium
1640 2367 1773 2421 quo-

183 2467 286 2522 que
306 2452 481 2514 adest,
513 2467 707 2521 nempe
749 2449 1094 2504 comminatio
1125 2463 1191 2503 ne
1220 2446 1345 2517 quid
1373 2445 1606 2500 deterius
1635 2458 1768 2499 con-

184 2547 373 2615 tingat.
408 2546 655 2599 Attamen
686 2560 752 2597 ex
781 2544 923 2597 nullo
952 2557 1138 2597 eorum
1171 2540 1419 2595 meliores
1462 2544 1771 2593 evaserunt.

184 2635 310 2691 llaec
355 2652 482 2691 vero
529 2652 633 2690 non
676 2634 741 2690 ad
773 2635 891 2689 illos
928 2643 1129 2688 tantum
1155 2673 1170 2698 ,
1223 2630 1317 2686 sed
1357 2632 1515 2685 etiam
1561 2627 1627 2682 ad
1673 2643 1772 2681 nos

183 2732 324 2786 dicta
352 2729 519 2784 fuisse
546 2738 843 2798 opportune
872 2727 1152 2782 credamus
1174 2766 1191 2792 ,
1230 2723 1442 2794 quando
1492 2721 1773 2777 illuminati

184 2833 237 2876 et
266 2838 295 2875 a
327 2822 516 2890 priscis
541 2820 707 2889 erepti
736 2819 923 2884 malis,
961 2831 1146 2872 rursus
1175 2816 1351 2871 eidem
1382 2813 1631 2884 nequitiae
1662 2812 1769 2866 ha:-

185 2928 368 2967 remus
400 2929 413 2965 :
448 2927 568 2966 nam
600 2910 670 2964 ob
707 2909 937 2964 admissa
986 2918 1107 2978 post
1135 2907 1247 2961 luce
1290 2915 1507 2974 peccata
1540 2903 1773 2973 graviori

186 3003 389 3057 ultione
430 3002 741 3072 plectemur.
774 2999 897 3055 Ideo
925 2999 1214 3069 paralytico
1241 2996 1451 3051 dicebat
1484 2995 1726 3051 Christus
1756 3013 1769 3047 :

191 3096 339 3163 Ecce,
371 3113 526 3150 sanus
554 3097 719 3166 [actus
748 3109 837 3153 es:
869 3093 974 3147 noli
1001 3092 1220 3161 amplius
1256 3106 1460 3160 peccare
1484 3130 1498 3151 ,
1549 3105 1612 3141 ne
1655 3087 1776 3158 quid

188 3187 274 3240 tibi
302 3186 520 3240 deterius
550 3186 807 3255 contingat
839 3182 1018 3250 (Joan.
1052 3184 1107 3237 5.
1140 3179 1235 3252 14)
1280 3198 1293 3233 :
1321 3187 1376 3235 et
1423 3179 1535 3234 haec
1576 3180 1775 3232 homini

186 3280 325 3334 dicta
346 3288 491 3343 sunt,
514 3278 603 3349 qui
631 3277 842 3348 triginta
862 3285 983 3331 octo
1002 3273 1156 3330 annis
1178 3288 1318 3344 a-ger
1337 3271 1527 3329 fuerat.
1549 3269 1773 3343 Ecquid,

188 3373 396 3443 inquies
420 3413 435 3438 ,
465 3372 676 3441 gravius
705 3386 957 3439 passurus
1002 3377 1118 3423 erat
1143 3408 1157 3432 ,
1190 3382 1347 3437 quam
1377 3367 1569 3420 antea?
1598 3366 1777 3435 Longe

190 3465 374 3533 pejora
400 3472 456 3517 et
482 3463 749 3531 graviora.
785 3460 938 3514 Absit
985 3459 1126 3513 enim
1162 3473 1231 3512 ne
1278 3466 1422 3511 tanta
1472 3457 1734 3525 patiamur
1756 3496 1772 3518 ,

186 3566 387 3627 quanta
417 3556 525 3625 pati
553 3569 855 3624 possumus.
881 3552 1064 3620 Neque
1089 3550 1231 3605 enim
1257 3550 1365 3603 Deo
1391 3549 1646 3617 supplicia
1677 3548 1776 3601 de-

189 3660 334 3705 sunt.
368 3649 501 3704 Nam
532 3658 590 3702 ut
621 3662 811 3716 magna
851 3644 1215 3701 misericordia
1242 3643 1358 3713 ejus
1379 3685 1393 3708 ,
1425 3643 1492 3695 ita
1529 3651 1579 3695 et
1604 3640 1779 3711 gravis

189 3754 272 3798 est
298 3743 379 3797 ira
407 3744 543 3811 ejus.
575 3740 685 3795 Hac
712 3740 780 3794 de
801 3755 860 3793 re
875 3738 1262 3810 Jerosolymam
1290 3736 1428 3805 apud
1447 3734 1776 3789 Ezechielem

190 3841 423 3888 accusat.
472 3831 584 3885 Vidi
614 3832 746 3885 enim
776 3839 853 3895 te,
887 3829 1088 3898 inquit,
1124 3830 1370 3899 pollutam
1408 3828 1654 3897 sanguine
1677 3866 1691 3889 ,
1733 3835 1777 3880 et

190 3928 290 3983 lavi
313 3938 362 3981 et
411 3926 536 3981 anxi
564 3967 578 3990 ,
621 3935 667 3979 ct
699 3928 884 3993 factum
907 3933 978 3977 est
1007 3923 1093 3976 tibi
1120 3938 1299 3977 nomen
1325 3924 1377 3974 in
1410 3919 1781 3989 pulchritudine

192 4033 314 4086 tam;
341 4033 389 4074 et
410 4021 662 4090 fornicata
688 4035 739 4072 es
764 4034 875 4071 cum
903 4017 1130 4085 ï¬nitimis
1159 4016 1257 4076 tuis
1287 4013 1494 4084 (Ezeclt.
1522 4014 1605 4067 Ili.
1641 4013 1694 4067 6.
1724 4013 1778 4070 9;

192 4114 278 4167 II.
307 4113 414 4181 26)
450 4129 464 4166 :
498 4111 619 4164 ideo
662 4110 901 4180 graviora
942 4108 1034 4161 tibi
1083 4104 1321 4176 peccanti
1349 4105 1598 4159 minatur.
1648 4104 1783 4157 Iline

192 4221 321 4261 vero
349 4220 458 4259 non
488 4202 803 4273 supplicium
836 4208 1059 4263 tanturn,
1091 4197 1183 4252 sed
1213 4198 1527 4251 immensam
1560 4195 1650 4248 Dei
1684 4209 1776 4263 pa-

194 4299 432 4352 tientiam
464 4305 641 4350 tecum
669 4303 874 4364 reputa.
905 4290 1059 4360 Szepe
1090 4305 1318 4359 namque
1348 4288 1400 4341 in
1426 4286 1611 4341 cadent
1646 4287 1778 4338 mala

192 4390 396 4455 delapsi
423 4402 630 4451 sumus,
655 4385 887 4440 etadbuc
906 4384 993 4437 ille
1008 4398 1102 4436 nos
1117 4383 1322 4435 tolerat.
1343 4380 1533 4433 Verum
1570 4393 1633 4431 ne
1651 4392 1781 4432 con-

196 4481 448 4543 fidamus,
481 4478 574 4533 sed
605 4478 779 4547 potius
808 4477 1109 4529 timeamus.
1142 4472 1354 4526 Etenim
1379 4469 1609 4531 Pharao,
1642 4470 1684 4523 si
1713 4484 1777 4523 ex

195 4574 366 4643 prima
398 4571 549 4641 plaga
573 4570 904 4637 resipuisset,
938 4580 1041 4619 non
1072 4570 1356 4633 sequentes
1382 4568 1654 4629 eXpertus,
1684 4573 1784 4613 nec

194 4676 381 4734 postea
412 4679 533 4717 cum
564 4671 675 4715 toto
700 4659 935 4715 exercitu
975 4656 1254 4711 demersus
1294 4652 1498 4707 fuisset.
1535 4650 1659 4705 Ilrcc
1688 4666 1785 4704 au-

196 4770 305 4812 tem
331 4756 474 4815 dico.
506 4756 626 4824 quia
658 4753 855 4807 multos
880 4751 1001 4805 nevi
1033 4763 1172 4803 nunc
1197 4749 1334 4802 sicut
1361 4747 1568 4800 Pharao
1597 4745 1783 4799 dicen-

197 4857 279 4902 tes
302 4890 317 4913 ,
347 4846 465 4900 Non
499 4844 624 4897 novi
653 4844 853 4902 Deum;
904 4840 990 4908 qui
1023 4841 1131 4892 luto
1155 4849 1208 4892 et
1252 4836 1506 4890 lateribus
1546 4834 1787 4888 subditos

196 4956 327 4995 suos
354 4939 629 4993 addicunt.
656 4936 797 5001 Quot
822 4932 1085 4995 homines,
1116 4929 1335 4999 jubente
1369 4928 1476 4982 Deo
1504 4928 1672 4979 minas
1701 4941 1788 4979 re-

198 5035 439 5095 mittere,
469 5046 538 5084 ne
565 5029 803 5084 laborem
842 5024 1056 5095 quidem
1088 5023 1327 5076 relaxare
1350 5019 1559 5073 volunt?
1588 5018 1783 5072 Verum

199 5144 306 5182 non
336 5133 421 5180 est
436 5125 545 5193 jam
574 5120 812 5175 Rubrum
841 5131 987 5170 mare
1015 5112 1403 5180 trajiciendum.
1438 5108 1540 5164 Sed
1572 5110 1787 5178 pelagus

200 5221 341 5291 ignis
385 5227 507 5280 est,
548 5214 769 5285 pelagus
799 5226 905 5264 non
949 5223 1068 5261 cum
1101 5206 1192 5259 illo
1221 5202 1601 5259 conferendum
1629 5244 1643 5268 ,
1694 5201 1786 5255 sed

201 5314 372 5367 multo
415 5311 590 5379 majus
627 5315 681 5361 et
721 5303 971 5358 acerbius
996 5342 1009 5364 ,
1051 5299 1201 5369 cujus
1228 5298 1422 5352 ï¬‚uctus
1462 5297 1597 5366 ignis
1625 5304 1784 5358 sunt;

202 5405 339 5471 ignis
377 5410 524 5455 certe
552 5413 719 5452 novus
743 5405 797 5449 et
842 5391 1158 5446 horrendus.
1189 5389 1428 5459 Abyssus
1466 5388 1569 5441 illic
1601 5401 1786 5455 magna

203 5507 286 5551 est
310 5495 544 5548 ï¬‚amma:
569 5489 914 5561 gravissimae.
948 5484 1021 5537 Ibi
1061 5483 1201 5536 enim
1243 5482 1416 5550 ignem
1445 5494 1656 5545 semper
1682 5479 1785 5530 cir-

204 5601 552 5645 eumcurrere
576 5583 759 5638 videre
788 5589 904 5644 est,
946 5578 1070 5631 form
1111 5574 1508 5629 immanissima!
1538 5573 1787 5626 similent.

207 5682 262 5735 Si
289 5680 433 5734 enim
459 5676 546 5730 ille
576 5673 788 5729 sensilis
812 5679 865 5724 et
904 5666 1190 5723 tuaterialis
1220 5665 1375 5732 ignis,
1407 5664 1556 5732 quasi
1585 5665 1689 5717 fera
1726 5679 1790 5717 ex

211 5772 427 5827 fornace
468 5768 719 5824 exsiliens
742 5808 756 5832 ,
798 5763 984 5819 insiliit
1011 5762 1060 5815 in
1099 5774 1192 5814 eos
1218 5758 1307 5829 qui
1342 5766 1489 5812 extra
1520 5756 1789 5812 fornacem

3356 328 3458 386 169.

1870 440 2045 493 erant,
2078 431 2202 486 dttm
2234 443 2340 490 tres
2364 435 2510 505 pueri
2546 437 2684 493 intus
2711 450 2890 495 essent
2919 443 2933 473 Â¹
2967 458 2982 496 :
3012 442 3139 513 quid
3163 458 3268 499 non
3298 446 3456 501 faciet

1874 522 2009 590 ignis
2039 525 2127 579 ille
2154 527 2216 580 iis
2247 528 2335 597 qui
2365 531 2415 582 in
2444 530 2588 583 illum
2619 531 2896 587 incident?
2918 535 3053 589 Audi
3087 537 3371 607 prophetas
3390 536 3459 594 de

1874 618 1962 671 illo
1988 618 2075 673 die
2107 620 2386 689 loquentes
2422 640 2435 674 :
2474 622 2592 677 Dies
2626 624 2835 680 Domini
2856 630 3180 692 incurabilis,
3214 634 3386 701 furore
3413 639 3459 685 et

1872 712 1949 762 ira
1976 711 2153 781 plenus
2204 711 2355 782 (lsai.
2391 714 2476 768 15.
2512 714 2591 785 9).
2626 716 2791 771 Nemo
2827 720 2967 772 enim
2999 721 3098 775 erit
3129 723 3218 789 qui
3246 721 3457 787 adstet,

1874 816 2030 855 nemo
2075 804 2163 871 qui
2194 813 2383 867 eruat;
2416 821 2672 874 nusquam
2710 809 2780 862 ibi
2822 809 3019 864 Christi
3049 811 3234 866 faciem
3274 814 3458 867 mitem

1873 899 1927 943 et
1970 906 2215 946 serenam
2266 896 2586 964 conspicies.
2640 898 2746 954 Sed
2795 901 3241 969 quemadmodum
3290 904 3322 957 ii
3370 904 3458 974 qui

1874 982 2087 1037 metalla
2115 996 2363 1049 tractant,
2394 991 2605 1044 acerbis
2628 993 2906 1047 traduntur
2937 995 3260 1059 hominibus,
3291 998 3463 1051 nerui-

1876 1090 2102 1144 nemque
2129 1079 2459 1147 amicorum,
2488 1082 2579 1136 sed
2609 1097 2702 1137 eos
2729 1092 2932 1138 tantum
2960 1089 3046 1155 qui
3080 1097 3317 1156 prresunt
3336 1131 3349 1153 ,
3381 1090 3463 1142 vi-

1875 1168 2002 1221 dunt
2028 1188 2040 1224 :
2062 1172 2139 1225 sic
2168 1180 2221 1225 et
2253 1182 2406 1237 tunc;
2443 1175 2549 1229 imo
2578 1191 2682 1229 non
2710 1178 2805 1237 sic,
2832 1178 2922 1231 sed
2946 1176 3102 1247 longe
3124 1178 3464 1233 horribiliore

1875 1259 2054 1314 modo.
2089 1261 2209 1314 Istic
2231 1265 2371 1316 enim
2400 1265 2774 1333 Imperatorem
2809 1283 3091 1336 possumus
3121 1267 3269 1323 adire
3290 1280 3341 1323 et
3373 1286 3458 1322 ro-

1875 1366 2021 1421 gare,
2040 1360 2093 1405 et
2122 1353 2198 1407 sic
2222 1353 2530 1409 damnatum
2561 1357 2803 1413 solvere:
2827 1359 2933 1411 illic
2962 1375 3088 1412 vero
3105 1374 3281 1413 secus.
3310 1359 3463 1414 Nulla

1876 1444 2018 1495 enim
2045 1445 2307 1509 remissio,
2332 1448 2423 1501 sed
2449 1457 2665 1503 manent
2692 1450 2741 1502 in
2765 1459 2910 1502 tanto
2933 1451 3165 1503 cruciatu
3185 1451 3461 1516 etdolorc,

1875 1534 1963 1603 qui
1996 1550 2099 1588 non
2134 1537 2301 1604 possit
2329 1540 2580 1607 exprimi.
2610 1540 2743 1594 Nam
2774 1543 2815 1595 si
2845 1557 3029 1595 eorum
3075 1543 3163 1611 qui
3196 1543 3282 1597 hic
3311 1558 3463 1598 com-

1876 1625 2137 1680 buruntur
2166 1638 2349 1684 acutos
2377 1630 2591 1685 dolores
2621 1632 2796 1685 nullus
2836 1640 3009 1701 potest
3040 1647 3220 1688 sermo
3259 1632 3461 1688 descri-

1876 1715 2036 1780 bere,
2070 1719 2236 1772 multo
2272 1721 2445 1774 minus
2474 1721 2576 1774 illis
2604 1723 2780 1777 verbis
2822 1723 3048 1792 exprimi
3084 1733 3328 1793 possunt.
3365 1725 3461 1780 llic

1876 1809 2016 1861 enim
2047 1809 2193 1865 brevi
2226 1819 2462 1879 tempore
2492 1820 2661 1866 totum
2695 1813 2968 1883 perï¬citur
3009 1832 3024 1869 :
3064 1815 3169 1869 illic
3208 1832 3335 1871 vero
3374 1816 3462 1886 qui

1877 1902 2067 1964 uritur,
2102 1916 2205 1953 non
2234 1902 2589 1958 consumitur.

1948 1989 2026 2042 An
2046 1990 2106 2042 sit
2120 1992 2395 2044 consolatio
2412 1995 2573 2047 socios
2606 1996 2785 2049 habere
2815 1997 3283 2067 suppliciiâ€”Quid
3308 1998 3466 2068 igitur

1878 2078 1947 2132 ibi
1970 2078 2259 2135 faciemus?
2283 2082 2540 2153 Meipsum
2564 2087 2760 2158 quippe
2780 2088 3039 2158 alloquor.
3059 2089 3113 2145 Si
3137 2101 3212 2155 tu,
3234 2090 3462 2159 inquies,

1876 2170 2062 2226 doctor
2090 2174 2316 2243 teipsum
2345 2176 2633 2247 all0queris
2661 2222 2675 2245 ,
2708 2181 2849 2234 nulla
2881 2182 3008 2235 mihi
3039 2196 3164 2236 cura
3197 2192 3464 2254 superest.

1876 2261 2012 2329 Quid
2046 2265 2237 2319 tnirum
2267 2268 2410 2321 enim
2451 2270 2493 2322 si
2523 2278 2577 2323 et
2605 2286 2705 2341 ego
2731 2272 2970 2339 plectar?
3001 2272 3080 2327 Ne
3104 2315 3118 2339 ,
3148 2288 3331 2343 quaso
3354 2314 3369 2338 ,
3402 2289 3469 2328 ne

1877 2354 1997 2423 quis
2035 2354 2170 2409 hanc
2199 2369 2403 2426 quaerat
2433 2361 2881 2416 consolationem.
2913 2361 3095 2432 Neque
3124 2366 3266 2418 enim
3298 2363 3467 2417 ullum

1879 2447 1949 2501 ibi
1985 2448 2256 2505 solatium.
2307 2452 2519 2516 Annon,
2548 2467 2764 2521 quzcso,
2802 2453 3110 2523 incorporea
3163 2454 3328 2509 virtus
3355 2465 3470 2510 erat

1878 2538 2168 2595 diabolus?
2226 2557 2402 2595 nonne
2456 2544 2794 2611 priestantior
2840 2544 3189 2599 hominibus?
3221 2547 3467 2602 Attamen

1879 2632 2059 2703 lapsus
2080 2642 2180 2688 est.
2220 2635 2299 2688 An
2336 2650 2463 2689 vero
2483 2636 2746 2705 quispiam
2779 2636 2900 2691 hinc
2925 2638 3343 2693 consolationem
3374 2656 3468 2693 ac-

1878 2724 2037 2791 cipiet
2064 2724 2204 2791 quod
2253 2739 2373 2778 cum
2427 2726 2519 2780 illo
2568 2727 2876 2781 crucietur?
2925 2728 3287 2798 Nequaquam.
3330 2729 3467 2796 Quid

1880 2831 2039 2883 porro
2070 2816 2304 2887 Egyptii
2354 2818 2426 2871 illi
2476 2819 2704 2873 omnes?
2753 2836 2931 2873 annon
2980 2820 3260 2889 pra'l'ectos
3308 2822 3467 2876 etiam

1879 2907 2065 2976 plexos
2092 2908 2375 2971 viderunt?
2404 2918 2457 2963 et
2479 2909 2667 2963 domos
2691 2910 2930 2981 singulas
2958 2912 3007 2965 in
3038 2911 3207 2965 luctu?
3234 2912 3313 2965 An
3345 2912 3465 2966 ideo

1879 3000 2296 3055 consolationem
2312 3012 2627 3071 acceperunt
2639 3003 2741 3067 ,vrl
2764 3004 3112 3069 resilirarnnt?
3133 3003 3346 3058 Minime
3363 3019 3471 3059 cer-

1884 3099 1934 3147 te
1967 3109 1980 3145 :
2008 3093 2057 3146 id
2088 3093 2229 3161 quod
2261 3078 2516 3163 liquidum
2541 3104 2706 3150 estex
2743 3095 2806 3148 iis
2831 3111 2948 3164 qum
2974 3105 3155 3164 postea
3186 3094 3469 3160 fecerunt,

1880 3186 2029 3254 quasi
2058 3187 2268 3240 flamma
2286 3186 2510 3255 quadam
2535 3186 2781 3256 ï¬‚agellati
2812 3188 3268 3257 regemadicrunt,
3286 3199 3338 3242 et
3366 3188 3469 3241 Ile-

1882 3278 2147 3335 brtcorum
2177 3278 2427 3350 populmn
2456 3278 2700 3336 emittere
2722 3288 3032 3351 coegerunt.
3075 3277 3283 3351 Frigida
3325 3290 3471 3336 certe

1882 3373 2176 3426 consolatio
2197 3372 2581 3442 erneiati,qnod
2600 3388 2718 3426 cum
2739 3372 2855 3425 aliis
2874 3372 3287 3441 puniatur,quod
3304 3376 3475 3441 possit

1882 3462 2286 3527 dieerc,lÂ§adcm
2304 3462 2608 3517 conditione
2625 3478 2742 3517 sum
2766 3479 2865 3531 qua
2895 3463 3004 3516 alii.
3028 3462 3129 3517 Sed
3149 3462 3272 3533 quid
3301 3464 3365 3516 de
3383 3479 3474 3532 ge-

1882 3552 2057 3607 henna
2087 3553 2317 3622 loquor?
2360 3552 2539 3622 Cogita
2560 3567 2653 3607 eos
2674 3554 2762 3621 qui
2796 3551 3024 3621 podagra
3060 3553 3302 3606 laborant
3336 3570 3347 3606 :
3374 3553 3465 3622 qui

1883 3660 2002 3699 cum
2026 3646 2194 3699 acutis
2219 3644 2490 3699 doloribus
2506 3644 2828 3707 cruciantur,
2851 3643 3055 3697 etiamsi
3079 3653 3357 3698 sexcentos
3379 3658 3471 3698 os-

1886 3736 2072 3791 tendas
2088 3737 2325 3806 graviora
2354 3735 2634 3805 patientes,
2651 3750 2716 3787 ne
2742 3732 3016 3787 attendere
3036 3732 3247 3802 quidem
3266 3734 3471 3788 volunt.

1887 3830 1979 3884 Vis
2006 3829 2201 3899 quippe
2231 3828 2431 3881 doloris
2460 3840 2524 3880 ne
2552 3826 2725 3880 locum
2755 3824 2968 3893 quidem
2996 3825 3121 3877 sinit
3142 3833 3195 3877 ut
3218 3824 3353 3879 alios
3375 3840 3469 3879 co-

1886 3926 2052 3995 gitent
2076 3965 2090 3988 ,
2140 3922 2366 3991 hincque
2392 3919 2813 3974 consolationem
2843 3917 3125 3986 accipiant.
3178 3916 3255 3972 Ne
3288 3918 3467 3987 itaque

1890 4018 1989 4071 hac
2017 4015 2201 4085 frigida
2231 4029 2323 4082 spe
2349 4013 2573 4075 alantur;
2606 4007 2905 4065 consolatio
2926 4008 3118 4077 quippe
3145 4007 3231 4061 illa
3250 4023 3311 4062 ex
3333 4008 3478 4077 ejus-

1886 4111 2007 4165 dem
2067 4108 2190 4161 niali
2238 4105 2575 4161 consortibus
2628 4113 2818 4175 parta,
2870 4103 2921 4156 in
2966 4102 3219 4156 mediocri
3268 4110 3474 4156 tantum

1888 4214 2122 4255 terumna
2152 4200 2325 4253 locum
2354 4197 2550 4262 habet;
2592 4196 2805 4266 quando
2833 4204 3008 4248 autem
3038 4194 3209 4264 major
3242 4205 3321 4249 est
3348 4209 3477 4248 crn-

1888 4293 2076 4356 ciatus,
2101 4303 2153 4344 et
2182 4291 2430 4344 interiora
2460 4297 2536 4343 tot
2564 4288 2809 4342 ï¬‚uctibus
2835 4287 3121 4355 agitantur,
3159 4296 3214 4340 ut
3242 4302 3309 4340 ne
3334 4290 3481 4355 seip-

1890 4400 2001 4439 sam
2034 4384 2200 4453 possit
2244 4382 2420 4437 anima
2465 4395 2807 4452 cognoscere,
2852 4378 3117 4433 undenam
3155 4380 3481 4435 consolatio-

1891 4492 2009 4531 nem
2032 4477 2295 4546 accipiet?

1961 4570 2014 4625 5.
2045 4568 2228 4639 Itaque
2266 4568 2489 4624 ridicula
2518 4578 2641 4624 sunt
2665 4569 2781 4625 haec
2811 4568 2987 4623 omnia
3018 4566 3179 4623 verba
3203 4608 3220 4633 ,
3257 4577 3309 4620 et
3334 4581 3466 4635 pue-

1892 4676 2071 4714 rorqu
2103 4660 2463 4731 insipientium
2497 4660 2703 4715 fabulae.
2738 4660 2869 4714 Nam
2902 4660 2953 4714 id
2980 4702 2995 4728 ,
3032 4658 3173 4730 quod
3204 4658 3337 4712 dicis
3362 4700 3376 4722 ,
3424 4659 3473 4711 in

1894 4765 2125 4807 interere
2154 4752 2406 4807 mediocri
2435 4754 2605 4806 locum
2638 4752 2837 4817 habet,
2880 4768 3000 4806 cum
3053 4752 3215 4804 alium
3244 4749 3474 4818 idipsum

1891 4846 1999 4916 pati
2028 4846 2301 4908 audimus;
2331 4845 2437 4899 imo
2465 4860 2859 4915 nonnumquam
2897 4860 2962 4898 ne
2999 4845 3050 4897 in
3094 4856 3325 4896 maerore
3353 4841 3473 4908 qui-

1892 4940 2035 5001 dem;
2068 4939 2339 5007 multoque
2357 4939 2532 4992 minus
2558 4939 2609 4991 in
2637 4939 2870 4991 cruciatu
2899 4937 2989 4990 illo
3021 4934 3294 4999 ineffabili,
3319 4947 3474 5002 quem

1893 5029 2089 5084 stridor
2115 5030 2352 5083 dentium
2397 5028 2666 5098 exprimit.
2696 5028 2823 5082 Novi
2852 5036 3000 5081 certe
3030 5027 3143 5080 haec
3180 5026 3364 5079 dicens
3392 5040 3477 5076 me

1894 5123 2047 5177 vobis
2073 5124 2220 5175 oneri
2252 5136 2313 5174 ac
2344 5121 2515 5175 dolori
2542 5135 2662 5174 esse
2692 5119 2823 5173 :sed
2862 5118 2987 5188 quid
3018 5116 3244 5171 laciam?
3277 5115 3475 5169 Vellent

1896 5231 2000 5269 non
2036 5215 2147 5268 llï¬‚â€˜c
2172 5214 2370 5273 dicere.
2402 5213 2492 5268 58d
2522 5221 2576 5267 ÎµÎ¹
2600 5228 2684 5267 me
2706 5222 2758 5265 et
2784 5226 2879 5264 VOS
2906 5225 3092 5264 omnes
3116 5210 3361 5262 virtutem
3389 5223 3483 5261 Ct)-

1895 5310 2067 5364 Ientes
2120 5309 2472 5376 conspicere:
2505 5306 2626 5374 quia
2680 5320 2805 5358 vero
2846 5303 3086 5375 plerique
3134 5310 3376 5355 nostrum
3426 5299 3476 5353 in

1897 5403 2129 5473 peccatis
2153 5401 2429 5470 degimus,
2461 5400 2579 5467 quis
2612 5397 2736 5450 mihi
2769 5397 3011 5462 dederit,
3050 5404 3110 5449 ut
3137 5410 3232 5449 vos
3270 5409 3395 5447 vere
3427 5394 3481 5447 in

1896 5494 2133 5549 dolorem
2164 5492 2474 5559 conjiciam,
2521 5489 2926 5558 auditorumque
2966 5487 3199 5541 animum
3224 5485 3480 5555 tangam?

1899 5585 2046 5639 Tunc
2073 5585 2251 5651 utique
2280 5582 2438 5635 linem
2480 5580 2691 5634 dicendi
2714 5579 2963 5634 facerem.
3003 5581 3071 5632 At
3108 5592 3246 5631 nunc
3276 5580 3435 5631 timeo
3462 5617 3477 5641 ,

1966 5693 1981 5725 á½·
2006 5688 2368 5758 (á¼¶Î¹Î¹Ï†ÏÎ²-ÎœÎ¿á¿ƒá¿á¿“.
2395 5690 2469 5737 á¼Ï€á½¶
2492 5691 2587 5737 Ï„á¿¶Î½
2598 5691 2746 5758 â€™Ï„ÏÎ¹á¿·Î½
2770 5689 2968 5758 Ï€Î±á½·ÏÏ‰Î½,
2986 5703 3114 5753 qua},
3133 5689 3249 5753 quia
3275 5687 3322 5738 iu
3345 5687 3475 5752 opti-

1903 5752 1998 5803 mis
2020 5750 2255 5802 subsidiis
2276 5752 2475 5811 desunt,
2499 5748 2832 5814 negleximus.
2852 5751 2981 5800 Î•Ï…Î¹Ï„.
