3908 6198
423 276 528 332 ιίΰ

422 406 489 442 ne
513 386 747 458 quipiam
772 383 914 440 dicta
934 389 1440 444 contemnant,ncve
1466 377 1537 433 ob
1556 375 1883 431 audientium
1915 387 2008 427 ne-

419 477 726 549 gligentiam
754 475 928 545 majus
955 473 1271 544 supplicium
1297 469 1508 528 evadat.
1539 468 1722 540 Neque
1747 466 1890 521 enim
1922 464 1966 520 si
1991 504 2007 528 ,

423 569 554 623 hero
597 568 770 622 minas
814 567 1113 622 intentaute
1139 606 1154 632 ,
1187 577 1466 619 servorum
1502 561 1620 631 quis
1659 566 2007 624 contemnat,

422 663 639 730 impune
666 659 826 715 fuerit
848 700 864 724 ,
893 659 1001 713 imo
1031 659 1145 712 luce
1175 655 1393 726 majoris
1419 653 1659 722 supplicii
1700 665 1859 705 causa
1885 650 2008 704 erit.

419 752 778 821 Quamobrem
807 765 940 821 rogo
960 791 974 814 ,
1006 749 1073 805 de
1100 747 1340 819 gehenna
1383 744 1661 800 audientes
1682 755 2010 811 compunga-

421 859 557 898 tnur.
591 842 733 898 Nihil
760 843 900 897 enim
928 841 1134 896 dulcius
1157 840 1257 894 hoc
1284 852 1554 899 sermone,
1586 835 1709 907 quia
1742 834 1906 890 rebus
1926 835 2008 903 ip-

420 938 496 991 sis
525 937 653 992 nihil
681 938 934 991 amarius.
969 935 1034 988 Et
1065 932 1332 1003 quomodo
1359 931 1518 986 dulce
1544 929 1736 995 fuerit,
1769 926 2008 998 inquies,

420 1029 488 1084 de
508 1031 749 1100 gehenna
772 1027 992 1083 audire?
1020 1027 1152 1094 Quia
1172 1023 1521 1094 injucundum
1540 1023 1690 1078 estin
1710 1021 2010 1093 gehennam

421 1121 693 1186 incidere,
729 1119 868 1191 quod
899 1119 1094 1173 malum
1142 1125 1392 1175 amovent
1421 1115 1581 1170 verba
1612 1115 1698 1169 illa
1724 1155 1739 1180 ,
1785 1130 1904 1184 qua:
1931 1114 2013 1167 vi-

421 1212 613 1268 dentur
637 1227 885 1276 onerosa;
906 1211 1062 1264 aliam
1087 1225 1211 1264 vero
1233 1217 1488 1280 prmstant
1507 1207 1852 1276 voluptatem,
1871 1204 2013 1274 quod

421 1305 672 1361 videlicet
711 1305 946 1359 animum
979 1311 1313 1368 convertant,
1346 1310 1400 1356 et
1429 1299 1496 1354 ad
1526 1300 1772 1368 pietatem
1826 1297 2012 1352 tradu-

422 1407 548 1453 cant
571 1439 584 1461 ,
626 1406 858 1452 mentem
892 1395 1254 1451 sublimiorem
1279 1435 1293 1459 ,
1340 1393 1681 1448 ratiocinium
1711 1391 2013 1459 expeditius

421 1491 695 1555 efﬁciant,
741 1506 770 1544 a
817 1487 1262 1557 concupiscentiis
1291 1483 1566 1540 obsessam
1592 1484 1824 1539 animam
1873 1482 2021 1536 lihe-.

423 1592 578 1638 rent:
611 1582 725 1636 haec
756 1597 880 1635 vere
909 1579 1171 1635 medicina
1209 1586 1310 1632 est.
1358 1578 1693 1646 Quapropter
1733 1573 2014 1630 concedite

422 1674 552 1729 mihi
581 1682 638 1732 ut
680 1684 956 1744 postquam
983 1672 1050 1727 de
1077 1671 1336 1740 supplicio
1363 1670 1492 1738 dixi,
1515 1669 1583 1724 de
1619 1667 1820 1738 pudore
1851 1667 2010 1722 etiam

423 1782 488 1823 ac
511 1767 780 1822 dedecore
804 1766 999 1821 dicam.
1039 1764 1172 1820 Nam
1202 1766 1342 1820 sicut
1365 1763 1608 1818 Niniviue
1646 1771 1772 1816 tunc
1797 1760 2013 1816 Judzeos

420 1859 860 1914 condemnabuut
883 1900 898 1924 ,
928 1859 1006 1913 sic
1036 1868 1088 1912 et
1117 1873 1215 1912 nos
1242 1856 1392 1910 multi
1423 1853 1858 1910 condemnahunt
1878 1895 1892 1914 ,
1921 1853 2022 1924 qui.

424 1965 566 2006 nunc
593 1949 840 2006 videntur
879 1951 1032 2020 longe
1072 1949 1351 2004 inferiores
1385 1963 1525 2003 esse.
1557 1945 1860 2016 Cogitemus
1885 1960 2013 2014 ergo

423 2051 653 2112 quantus
675 2043 834 2108 risus,
856 2050 1069 2112 quantm
1085 2039 1451 2095 damnationes
1474 2048 1632 2095 erunt
1659 2056 1674 2093 :
1697 2038 2010 2110 cogitemus,

430 2133 638 2188 initium
668 2132 945 2199 ducamus,
965 2133 1182 2203 januam
1212 2131 1512 2202 aperiamus
1535 2129 1600 2184 ad
1624 2129 2009 2199 paenitentiam.

428 2227 512 2284 Me
559 2228 730 2298 ipsum
779 2227 1061 2296 alloquor,
1113 2242 1197 2280 me
1247 2225 1474 2295 primum
1519 2223 1930 2277 hortor:nemo
1957 2231 2014 2275 ut

426 2318 710 2374 damnatus
757 2319 1035 2374 irascatur.
1087 2320 1374 2387 Angustam
1419 2317 1555 2371 viam
1598 2315 1872 2370 adeamus.
1908 2313 2015 2370 Us-

427 2423 638 2479 queqno
665 2407 913 2463 deliciae?
953 2423 1228 2478 usquequo
1258 2405 1581 2460 oscitantia?
1628 2421 1733 2460 non
1759 2404 2017 2459 satiantur

428 2498 652 2561 desidia,
683 2499 936 2563 ridentes,
970 2498 1447 2568 procrastinautes?
1474 2498 1554 2552 An
1581 2495 1768 2552 eadem
1799 2511 2019 2566 semper

427 2597 604 2652 erunt,
630 2604 832 2656 mensa,
862 2589 1079 2644 satietas
1099 2629 1114 2654 ,
1144 2587 1555 2658 sumptuositas,
1585 2587 1857 2656 pecunias,
1888 2602 2015 2657 pos-

431 2680 698 2735 sessiones
721 2721 736 2746 ,
765 2679 1028 2735 aediﬁcia?
1059 2679 1253 2750 Ecquis
1281 2693 1468 2734 eorum
1501 2677 1668 2734 ﬁnis?
1697 2677 1857 2733 Mors.
1888 2679 2019 2747 Quis

432 2772 586 2828 ﬁnis?
611 2772 776 2840 Ciuis,
807 2773 996 2843 pulvis,
1024 2773 1202 2838 loculi,
1227 2787 1454 2828 vermes.
1483 2771 1681 2826 Novam
1703 2785 1834 2843 ergo
1857 2773 2018 2827 vitam

432 2864 780 2919 exhibeamus
813 2881 826 2918 :
857 2863 1111 2918 faciamus
1151 2873 1345 2918 terram
1393 2863 1623 2918 cmlum:
1659 2862 1783 2918 hinc
1835 2873 2018 2919 osten-

435 2955 625 3011 damus
651 2955 936 3025 gentilibus
963 2966 1091 3026 quot
1118 2964 1334 3010 careant
1363 2954 1538 3010 bonis.
1583 2954 1715 3009 Nam
1760 2970 1881 3009 cum
1927 2970 2025 3010 nos

437 3045 690 3100 videbunt
717 3053 860 3100 recte
887 3047 1046 3099 vitam
1077 3054 1317 3115 agentes,
1351 3045 1539 3100 eodem
1563 3054 1782 3114 aspectu
1803 3061 2022 3116 regnum

436 3137 695 3192 cmlorum
732 3137 1080 3207 conspicient.
1135 3137 1266 3192 Cum
1310 3153 1409 3192 nos
1448 3137 1677 3193 viderint
1708 3138 1982 3194 modestos
2009 3181 2025 3205 ,

441 3243 637 3282 vacuos
679 3229 772 3291 ira,
802 3229 1232 3298 concupiscentia
1256 3229 1418 3296 mala,
1447 3229 1665 3294 invidia,
1688 3231 1935 3295 avaritia,
1974 3231 2026 3286 in

440 3318 788 3389 omnibusque
818 3319 1036 3390 probos,
1065 3320 1280 3375 dicent:
1305 3320 1358 3375 Si
1395 3320 1482 3376 hic
1503 3319 1677 3391 angeli
1715 3321 1850 3376 ﬁunt
1877 3321 2030 3378 Chri-

446 3411 628 3477 stiani,
658 3411 842 3482 quales
871 3422 1027 3468 erunt
1049 3422 1168 3481 post
1191 3428 1467 3469 excessum
1495 3429 1559 3468 ex
1589 3413 1686 3469 hac
1711 3414 1852 3470 vita?
1878 3415 1920 3470 si
1941 3417 2030 3471 ubi

444 3503 708 3572 peregrini
737 3511 895 3568 sunt,
929 3503 998 3558 ita
1027 3505 1264 3575 fulgent,
1309 3521 1430 3560 cum
1462 3505 1686 3576 patriam
1734 3506 2028 3577 recipient,

443 3596 626 3666 quales
648 3597 847 3651 erunt?
875 3596 964 3652 Sic
991 3605 1046 3652 ct
1076 3597 1149 3652 illi
1180 3598 1426 3652 meliores
1453 3598 1700 3664 evadent,
1729 3610 1784 3656 et
1822 3601 2032 3670 pietatis

398 3733 402 3738 .
444 3702 624 3742 sermo
642 3698 840 3752 curret,
861 3704 966 3743 non
986 3689 1160 3742 minus
1179 3705 1336 3758 quam
1359 3689 1724 3758 apostolorum
1741 3706 1874 3747 aevo.
1899 3691 2032 3746 Nam

446 3774 490 3828 si
525 3776 596 3829 illi
628 3793 748 3831 cum
776 3777 1054 3832 duodecim
1077 3778 1249 3833 solum
1275 3789 1474 3845 essent,
1507 3779 1749 3836 civitates
1779 3781 2034 3851 integras,

448 3866 797 3937 regionesque
821 3879 1223 3933 converterunt;
1256 3869 1300 3922 si
1329 3884 1520 3924 omnes
1547 3886 1613 3925 ex
1645 3881 1890 3926 accurata
1912 3873 2038 3927 vitae

451 3957 658 4011 ratione
681 3957 931 4014 doctores
958 3958 1276 4026 efﬁciantur,
1300 3962 1471 4032 cogita
1502 3971 1754 4032 quantam
1779 3963 1845 4016 ad
1875 3963 2037 4018 subli-

453 4047 691 4103 tuitatem
721 4060 900 4105 nostra
928 4051 1035 4105 sint
1064 4066 1368 4106 ascensura.
1406 4052 1588 4122 Neque
1613 4053 1756 4108 enim
1781 4056 2035 4124 gentilem

1167 269 1224 324 S.
1265 263 1543 324 JOANNIS
1576 255 2052 318 CHRYSOSTOMI
2092 254 2409 313 ARCIIIEP.
2449 255 2989 316 CONSTANTINOP.

3587 265 3676 322 ﬂii

2119 369 2198 428 sic
2229 369 2448 426 attrahit
2478 379 2722 426 mortuus
2745 371 3109 436 redivivus,ut
3131 370 3212 426 vir
3230 371 3587 443 philos0pltice
3613 381 3679 433 vi-

2115 478 2267 518 vens.
2319 462 2402 518 Ad
2449 463 2578 518 illud
2609 465 2751 518 enim
2798 464 3162 534 spectaculum
3201 465 3434 535 stupebit
3457 508 3472 532 ,
3498 469 3565 524 ab
3592 470 3681 528 hoc

2113 561 2292 608 autem
2320 553 2526 608 lucrum
2550 552 2726 608 faciet.
2754 552 2890 609 lllud
2908 553 3108 609 factum
3132 565 3235 620 est,
3262 565 3316 610 et
3346 558 3575 623 transiit;
3593 558 3682 616 hoc

2116 656 2313 711 manet,
2345 657 2398 701 et
2421 661 2635 716 semper
2661 646 2802 701 illius
2831 647 3064 702 animam
3099 647 3313 703 excolit.
3345 647 3540 703 Curam
3567 666 3679 721 ergo

2116 739 2287 793 nostri
2323 753 2565 808 agamus,
2593 748 2649 792 ut
2674 749 2730 793 et
2758 738 2880 794 illos
2903 738 3192 793 lucremur.

2199 827 2368 883 Virtus
2393 829 2447 882 in
2467 829 2602 882 omni
2630 829 2913 882 conditione
2949 829 3048 882 coli
3079 829 3478 898 potest.—Nihil
3506 845 3683 888 onero.

2115 934 2233 975 sum
2263 921 2452 990 loquor
2481 939 2495 975 :
2524 935 2629 975 non
2651 920 2789 983 dico,
2824 919 2901 976 Ne
2931 936 3151 975 uxorem
3180 921 3345 976 ducas
3369 963 3384 985 ,
3416 922 3574 978 urbes
3608 941 3685 980 re-

2117 1010 2316 1080 linque,
2344 1026 2374 1064 a
2402 1010 2564 1066 rebus
2605 1010 2823 1065 urbanis
2854 1020 2906 1066 te
2936 1026 3154 1067 remove
3187 1030 3201 1065 :
3234 1012 3349 1076 sed,
3385 1013 3443 1068 In
3473 1013 3554 1069 his
3579 1029 3685 1070 νει-

2116 1117 2242 1158 sans
2267 1104 2512 1158 virtutem
2544 1103 2759 1160 exhibe.
2789 1105 3000 1163 Mallem
3026 1106 3225 1175 quippe
3263 1121 3358 1161 eos
3385 1108 3478 1176 qui
3515 1109 3564 1162 in
3589 1124 3689 1164 me-

2119 1194 2224 1250 diis
2252 1195 2470 1249 urbibus
2498 1207 2779 1252 versantur
2810 1197 3008 1252 virtute
3039 1196 3233 1254 ﬂorere
3253 1240 3268 1264 ,
3299 1215 3461 1269 quam
3493 1215 3588 1255 eos
3609 1203 3686 1271 qui

2117 1298 2328 1343 montes
2352 1297 2633 1357 occupant.
2657 1288 2869 1355 Quare?
2892 1289 3027 1357 Quia
3059 1289 3182 1345 hinc
3209 1291 3432 1345 multum
3455 1292 3583 1346 lucri
3607 1307 3688 1348 ac-

2116 1382 2276 1436 cedit.
2310 1379 2475 1435 Nemo
2503 1382 2643 1435 enim
2672 1382 2930 1435 lucernam
2961 1383 3205 1448 accendit,
3231 1393 3278 1437 et
3304 1385 3447 1453 ponit
3475 1401 3587 1438 eaut
3611 1387 3690 1440 sub

2115 1473 2286 1530 modio
2311 1472 2524 1543 (Matth.
2555 1473 2611 1528 5.
2644 1474 2755 1543 i5).
2788 1473 2992 1528 Idcirco
3024 1474 3213 1529 vellem
3243 1489 3436 1530 omnes
3461 1476 3692 1532 lucernas

2116 1579 2273 1631 supra
2300 1563 2622 1618 candelabra
2638 1579 2778 1626 esse.
2808 1572 2863 1620 ut
2884 1565 3049 1620 multa
3071 1566 3160 1620 lux
3187 1565 3572 1622 effunderetur.
3603 1571 3695 1623 Ac-

2115 1655 2405 1710 cendamus
2445 1655 2624 1724 itaque
2653 1656 2828 1726 ignem
2862 1656 3032 1723 illum,
3073 1657 3124 1712 id
3153 1657 3532 1714 efﬁciamus-nt
3556 1659 3590 1714 ii
3615 1663 3693 1728 q'ui

2118 1749 2170 1804 in
2199 1748 2433 1804 tenebris
2463 1747 2656 1803 sedent
2679 1789 2693 1813 ,
2721 1748 2789 1803 ab
2809 1763 2994 1804 errore
3017 1748 3326 1804 liberentur.
3361 1749 3442 1805 Ne
3472 1750 3598 1805 mihi
3621 1751 3694 1806 di-

2116 1855 2207 1894 cas
2237 1857 2249 1892 :
2278 1839 2509 1894 Uxorem
2535 1839 2727 1904 habeo,
2769 1839 2929 1903 ﬁlios,
2952 1839 3192 1904 domum,
3223 1855 3321 1896 nec
3349 1855 3567 1910 possum
3593 1841 3697 1898 huc

2117 1940 2390 2002 praestare.
2416 1931 2638 1986 Etiamsi
2662 1932 2806 1987 enim
2831 1931 3019 1986 horum
3049 1931 3177 1986 nihil
3196 1933 3444 1998 haberes,
3464 1933 3508 1987 si
3535 1934 3698 2004 segnis

2117 2026 2468 2090 esses,omnia
2486 2026 2684 2092 pariter
2702 2025 3072 2090 abscederent;
3091 2026 3136 2082 si
3159 2025 3275 2080 haec
3288 2027 3471 2081 omnia
3493 2027 3696 2094 habeas,

2117 2129 2471 2191 strenuusque
2499 2119 2574 2174 sis
2601 2130 2762 2189 atque
2789 2118 3017 2188 probus,
3048 2119 3298 2174 virtutem
3328 2121 3498 2175 coles.
3530 2119 3692 2175 Unum

2117 2211 2374 2281 queritur
2403 2253 2417 2275 ,
2458 2209 2650 2264 anima:
2678 2223 2953 2280 generose
2983 2208 3232 2262 alacritas
3262 2226 3276 2261 :
3305 2217 3361 2263 et
3404 2205 3509 2264 nec
3538 2218 3694 2278 astas,

2120 2319 2220 2358 nec
2247 2314 2530 2373 paupertas
2553 2342 2568 2368 ,
2597 2316 2698 2356 nec
2725 2301 2922 2355 divitia:
2947 2340 2963 2366 ,
3011 2315 3109 2355 nec
3137 2300 3302 2356 moles
3333 2301 3663 2372 negotiorum
3687 2345 3700 2368 ,

2118 2395 2205 2450 vel
2235 2394 2520 2465 quidquam
2545 2393 2710 2459 aliud,
2740 2392 3122 2462 impedimento
3153 2402 3333 2447 erunt.
3362 2392 3499 2448 Nam
3526 2409 3696 2462 senes,

2115 2487 2361 2558 juvenes,
2389 2486 2676 2557 conjugati,
2712 2485 2910 2540 liberos
2935 2483 3244 2552 educantes,
3273 2485 3534 2551 artiﬁces,
3571 2487 3702 2541 mili-

2123 2590 2224 2649 tes,
2253 2589 2515 2651 przecepta
2543 2580 2719 2634 omnia
2751 2578 3129 2649 impleverunt.
3163 2578 3373 2632 Etenim
3422 2578 3608 2634 Daniel
3626 2579 3704 2650 ju-

2122 2673 2274 2728 venis
2296 2680 2444 2738 erat,
2471 2671 2669 2742 Joseph
2695 2686 2883 2731 servus
2907 2713 2922 2738 ,
2967 2671 3156 2742 Aquila
3185 2681 3354 2726 artem
3379 2671 3663 2728 exercebat
3687 2711 3699 2732 ,

2127 2767 2437 2837 purpuraria
2469 2766 2544 2836 (a)
2575 2763 2804 2819 ofﬁcinae
2832 2772 3080 2834 praeerat,
3111 2762 3248 2817 alius
3275 2772 3465 2817 custos
3485 2765 3706 2819 carceris

2126 2867 2262 2922 erat,
2299 2858 2437 2912 alius
2465 2856 2730 2922 centurio,
2765 2864 2822 2909 ut
2847 2853 3582 2915 Cornelius;aliusinﬁrmus
3604 2895 3618 2917 ,
3657 2861 3709 2908 ut

2127 2949 2476 3011 Timotheus;
2527 2948 2665 3002 alius
2693 2946 2943 3017 fugitivus
2967 2986 2982 3011 ,
3016 2955 3074 3000 ut
3099 2945 3384 3000 Onesimus
3410 2963 3423 2998 :
3459 2943 3558 3000 sed
3588 2944 3711 2999 nihil

2132 3043 2325 3098 horum
2351 3041 2581 3110 cuipiam
2610 3054 2796 3095 eorum
2822 3037 3014 3104 obfuit,
3045 3038 3176 3108 quin
3204 3047 3350 3092 recte
3377 3039 3545 3092 vitam
3574 3039 3716 3092 insti-

2133 3145 2360 3200 tuerent,
2391 3145 2446 3190 et
2462 3134 2688 3204 juvenes
2714 3142 2768 3188 et
2787 3148 2946 3189 senes
2966 3174 2982 3199 ,
3014 3142 3068 3188 et
3101 3133 3241 3188 servi
3286 3141 3340 3186 et
3368 3133 3548 3198 liberi,
3577 3133 3705 3187 mili-

2136 3239 2214 3283 tes
2259 3237 2314 3283 et
2339 3227 2537 3282 idiotas.
2569 3225 2648 3281 Ne
2673 3226 2851 3296 itaque
2894 3239 3062 3280 vanos
3087 3239 3391 3295 quaeramus
3430 3225 3715 3292 obtentus,

2135 3319 2229 3376 sed
2259 3320 2588 3390 propositum
2630 3317 2921 3373 voluntatis
2949 3331 3197 3385 paremus
3225 3316 3513 3386 optimum.
3540 3316 3718 3386 Cujus-

2136 3415 2216 3470 vis
2242 3411 2564 3469 conditionis
2601 3411 2789 3479 simus,
2815 3411 3066 3465 virtutem
3101 3410 3320 3464 omnino
3345 3423 3718 3488 capessamus.

2139 3517 2193 3561 et
2235 3506 2405 3560 futura
2449 3517 2844 3573 consequamur
2885 3502 3023 3557 bona
3050 3542 3066 3568 ,
3107 3501 3277 3572 gratia
3308 3511 3362 3556 et
3402 3501 3723 3572 benignitate

2141 3595 2348 3652 Domini
2399 3595 2567 3649 nostri
2596 3594 2722 3648 Jesu
2751 3591 2972 3658 Christi,
3007 3592 3222 3663 quicum
3257 3592 3399 3647 Patri
3427 3603 3487 3649 et
3511 3592 3720 3663 Spiritui

2140 3698 2326 3744 sancto
2350 3686 2516 3757 gloria
2543 3695 2596 3741 et
2633 3685 2914 3755 imperium
2941 3725 2955 3749 ,
3007 3685 3178 3739 honor
3216 3699 3360 3740 nunc
3395 3693 3450 3740 et
3479 3699 3721 3756 semper,

2141 3791 2198 3837 et
2221 3781 2272 3836 in
2299 3781 2492 3836 saecula
2508 3779 2847 3834 saeculorum.
2875 3779 3068 3833 Amen.

2145 4064 2162 4114 ι
2209 4005 2303 4114 (a1)n
2315 4003 2602 4115 Iitérpiu‘raria
2626 4003 2706 4053 illa
2728 4002 3036 4067 'l‘hyatirena,
3055 4002 3122 4052 de
3145 4014 3241 4066 qua
3256 4003 3306 4051 in
3330 4003 3528 4053 Actibus
3549 4009 3728 4068 aposto-

2165 4080 2253 4115 oru
2391 4103 2404 4115 .
2498 4101 2510 4113 .

2165 4080 2303 4116 orum
2328 4080 2404 4127 10,
2433 4080 2510 4114 is.

1567 4259 1945 4322 HOMIILIA
1991 4263 2213 4326 XLIV.
2262 4265 2348 4327 al.
2387 4266 2581 4326 XLV.

454 4405 583 4459 CAP.
613 4402 698 4458 12.
737 4419 786 4456 v.
821 4403 910 4458 ιδ.
961 4403 1140 4456 Adhuc
1173 4412 1342 4458 autem
1372 4420 1429 4462 eo
1456 4404 1686 4476 loquente
1728 4405 1796 4458 ad
1835 4405 2032 4470 turbas,

527 4513 638 4550 ecce
662 4505 820 4549 mater
849 4506 895 4550 et
921 4499 1106 4567 fratres
1132 4499 1242 4567 ejus
1268 4497 1467 4552 stabant
1496 4498 1624 4570 foris
1643 4541 1658 4565 ,
1691 4509 1970 4566 quterentes
1994 4499 2040 4554 ei

529 4589 685 4658 loqui.
716 4589 807 4643 ιγ.
841 4587 988 4642 Dixit
1025 4599 1194 4643 autem
1222 4591 1429 4660 quidam
1459 4591 1504 4645 ei
1545 4607 1564 4645 :
1609 4590 1744 4645 Ecce
1773 4601 1931 4646 mater
1959 4603 2046 4646 tua

529 4691 576 4735 et
621 4683 803 4752 fratres
853 4681 924 4733 tui
953 4681 1080 4750 foris
1125 4691 1289 4748 stant,
1319 4693 1599 4751 qua’reutct:
1644 4682 1734 4736 tibi
1764 4682 1919 4753 loqui.
1950 4682 2039 4738 48.

537 4774 561 4830 Ι
569 4792 657 4846 pse
710 4786 877 4829 autem
933 4776 1243 4846 respondens
1294 4777 1480 4830 dicenti
1503 4778 1599 4831 sibi
1650 4779 1762 4833 ait:
1797 4778 1924 4844 Qua:
1973 4789 2046 4834 est

536 4880 698 4924 mater
719 4886 850 4936 utea,
874 4879 919 4923 et
943 4870 1028 4940 qui
1054 4880 1171 4922 sunt
1192 4874 1374 4941 fratres
1407 4871 1504 4924 mei
1521 4871 1547 4924 ?
1570 4869 1657 4925 49.
1687 4869 1751 4924 Et
1775 4871 2049 4926 extendens

535 4980 741 5017 manum
781 4961 832 5016 in
875 4963 1152 5034 discipulos
1181 4979 1320 5029 suos,
1348 4963 1477 5017 dixit
1509 4979 1528 5018 :
1567 4961 1703 5019 Ecce
1745 4974 1902 5019 mater
1939 4981 2052 5018 utea

538 5064 586 5108 et
615 5057 801 5124 fratres
830 5053 946 5108 mei.

542 5147 593 5200 l.
623 5144 777 5214 Quod
811 5162 981 5216 nuper
1009 5145 1251 5201 dicebam
1282 5146 1399 5201 sine
1425 5145 1624 5202 virtute
1645 5145 1824 5201 omnia
1853 5161 2050 5216 super-

467 5237 569 5289 flua
597 5252 737 5301 esse,
771 5235 873 5292 hoc
901 5253 1041 5292 nunc
1067 5238 1406 5308 apertissime
1435 5237 1856 5294 demonstratur.
1892 5237 2052 5293 Dice-

471 5330 590 5381 liatn
631 5344 730 5398 ego
751 5371 767 5395 ,
799 5338 1012 5384 aetatem
1034 5370 1050 5396 ,
1084 5339 1327 5385 naturam
1352 5371 1367 5397 ,
1395 5329 1596 5385 deserti
1645 5329 2052 5396 habitationem,

469 5432 770 5492 ruderaun
798 5422 1102 5492 hujusmodi
1129 5425 1332 5479 inutilia
1360 5440 1502 5490 esse,
1525 5425 1570 5480 si
1597 5423 1894 5479 voluntatis
1922 5437 2052 5493 pro-

474 5513 703 5581 positum
737 5530 842 5569 non
871 5516 942 5571 sit
978 5516 1177 5572 bonum
1207 5536 1220 5571 :
1249 5517 1411 5574 hodie
1446 5533 1577 5574 vero
1601 5517 1801 5588 aliquid
1827 5515 2058 5585 amplius

471 5605 725 5660 discimus
747 5649 762 5672 ,
794 5623 862 5662 ne
886 5607 1099 5677 quidem
1128 5609 1396 5666 Christum
1426 5610 1704 5682 peperisse
1744 5617 1799 5665 et
1842 5607 2057 5662 mirabi-

472 5697 632 5753 bilem
656 5698 803 5754 illum
835 5709 1043 5770 partum
1078 5699 1333 5772 edidisse,
1358 5701 1558 5774 aliquid
1585 5701 1830 5758 utilitatis
1858 5697 2056 5756 habere

2149 4410 2264 4465 sine
2293 4409 2508 4464 virtute.
2545 4408 2600 4463 ld
2632 4425 2759 4463 vero
2789 4408 2912 4464 hinc
2939 4409 3168 4464 maxime
3193 4409 3448 4481 liquidum
3465 4419 3552 4468 est
3579 4430 3592 4465 :
3619 4427 3734 4470 nam

2153 4501 2283 4556 dicit
2315 4521 2329 4555 :
2354 4501 2534 4556 Adhuc
2562 4518 2620 4555 eo
2650 4503 2883 4571 loquente
2908 4501 2976 4554 ad
3000 4501 3176 4556 turbas
3196 4543 3212 4568 ,
3245 4502 3376 4557 dixit
3410 4504 3622 4574 quidam
3650 4506 3694 4558 ei
3716 4521 3732 4558 :

2153 4593 2322 4648 Mater
2373 4603 2460 4646 tua
2495 4602 2542 4646 et
2591 4593 2775 4663 fratres
2810 4593 2884 4646 tui
2923 4603 3157 4663 quarunt
3199 4605 3266 4648 te.
3315 4593 3416 4648 Ille
3438 4611 3556 4650 vero
3593 4597 3734 4658 dixit,

2157 4686 2285 4752 Qua:
2329 4697 2400 4740 est
2436 4696 2596 4740 mater
2625 4703 2755 4749 mea,
2775 4677 2834 4739 iet
2868 4689 2951 4755 qui
2981 4700 3100 4740 sunt
3124 4691 3308 4758 fratres
3346 4689 3482 4742 mei?
3511 4688 3626 4743 Hoc
3649 4704 3738 4742 an-

2155 4789 2262 4835 teut
2289 4779 2521 4846 dicebat,
2554 4793 2660 4832 non
2688 4777 2830 4848 quod
2859 4778 2927 4833 de
2968 4791 3140 4834 matre
3171 4781 3437 4850 puderet,
3468 4797 3568 4836 nec
3605 4781 3738 4852 quod

2155 4869 2470 4940 genitricem
2532 4878 2795 4940 negaret:
2828 4869 2872 4924 si
2905 4871 3050 4925 enim
3092 4871 3143 4926 id
3194 4872 3270 4926 illi
3316 4871 3502 4942 pudori
3537 4874 3734 4934 luisset,

2159 4976 2264 5017 non
2291 4977 2386 5031 per
2411 4969 2623 5018 uterum
2651 4961 2798 5016 illum
2828 4963 3144 5027 transisset;
3185 4963 3280 5018 sed
3313 4972 3369 5018 ut
3393 4964 3699 5018 ostenderet
3724 5005 3738 5025 ,

2157 5055 2287 5110 nihil
2329 5054 2454 5110 hinc
2497 5055 2654 5109 matri
2683 5054 2928 5110 utilitatis
2994 5065 3374 5125 proventurum
3418 5055 3602 5115 luisse.
3645 5057 3738 5109 nisi

2157 5156 2425 5217 prtecepta
2478 5145 2660 5202 omnia
2707 5157 2998 5203 servasset.
3046 5147 3177 5202 Nam
3213 5149 3365 5218 quod
3401 5149 3490 5205 illa
3529 5150 3656 5204 fecit
3680 5165 3741 5204 ex

2157 5238 2450 5293 ambitione
2471 5237 2917 5308 proﬁciscebatur
2945 5256 2958 5291 :
2989 5240 3205 5295 volebat
3229 5241 3372 5295 enim
3403 5243 3602 5309 populo
3627 5256 3742 5295 sese

2159 5337 2432 5384 ostentare
2449 5343 2512 5384 ac
2532 5329 2576 5383 si
2601 5329 2892 5399 imperaret
2912 5331 3041 5396 tilio,
3064 5331 3132 5386 de
3155 5348 3262 5401 quo
3281 5329 3414 5386 nihil
3440 5333 3615 5388 adhuc
3637 5349 3741 5387 tua.

2160 5435 2322 5491 gnum
2346 5419 2756 5490 imaginabatur,
2773 5422 3004 5492 ideoque
3029 5423 3336 5493 importune
3361 5424 3742 5479 aeeessit.Vido

2162 5529 2292 5584 ergo
2317 5523 2373 5569 et
2400 5513 2517 5584 ejus
2543 5523 2599 5569 et
2641 5514 2863 5570 fratrum
2905 5519 3287 5588 arrogantiam.
3313 5515 3446 5573 Cum
3476 5527 3741 5588 oporteret

2161 5605 2305 5660 enim
2337 5606 2608 5676 ingressos
2651 5607 2836 5662 audire
2870 5622 2994 5662 cum
3035 5609 3208 5674 turba,
3237 5609 3320 5664 vel
3359 5610 3404 5664 si
3445 5609 3495 5664 id
3524 5609 3736 5672 nollent,

2162 5707 2472 5768 exspectare
2501 5698 2776 5755 coneiunis
2805 5700 2985 5771 ﬁnem,
3017 5712 3070 5757 et
3092 5711 3218 5759 tunc
3247 5701 3527 5770 accedere,
3552 5716 3581 5756 a
3613 5699 3740 5755 foris
