3916 6298
420 273 531 333 ωε

416 384 698 452 δείξασθαι
726 382 802 455 τῷ
825 383 1004 453 δήμῳ,
1026 381 1108 434 ὅτι
1140 381 1333 451 κρατεῖ
1357 379 1452 433 καί.
1471 377 1722 433 αύθεντεῖ
1754 376 1847 430 τοῦ
1878 376 2100 438 παιδὸς,

416 471 570 525 οὐδὲν
598 468 810 523 οὐδέπω
849 466 979 536 περὶ
1022 462 1186 517 αὑτοῦ
1239 463 1381 533 μέγα
1414 462 1801 532 φανταζομένη
1822 477 1836 491 ·
1872 460 1954 513 διὸ
1999 461 2094 515 καὶ

416 552 668 623 ἀκαίρως
715 548 1044 622 προσῆλθεν.
1074 546 1218 616 Ὅρα
1245 544 1377 614 γοῦν
1411 544 1506 598 καὶ
1548 544 1718 613 αὐτῆς
1748 543 1842 596 καὶ
1873 540 2095 623 ἐκείνων

416 633 517 705 τήν
556 622 835 686 ἀπόνοιαν.
864 629 995 683 Δέον
1040 627 1151 699 γὰρ
1183 626 1525 690 εἰσελθόντας
1562 626 1793 680 ἀκοῦσαι
1830 624 1966 696 μετά
1998 622 2092 676 τοῦ

417 704 599 787 δχλου,
631 713 665 783 ἦ
718 713 794 784 μὴ
844 711 1002 765 τοῦτο
1047 708 1405 781 βουλομένους
1449 709 1742 778 ἀναμεῖναι
1793 704 2096 760 καταλῦσαι

418 798 512 851 τὸν
536 797 717 863 λόγον,
755 795 849 848 καὶ
880 794 1002 848 τότε
1042 792 1390 865 προσελθεῖν·
1419 793 1468 845 οί
1497 793 1555 845 δὲ
1584 791 1690 859 ἔξω
1717 791 1977 845 καλοῦσιν
2004 789 2096 842 αὐ-

418 879 535 944 τὸν,
562 880 659 933 καί
696 880 792 932 ἐπὶ
833 878 1050 932 πάντων
1083 876 1243 929 τοῦτο
1286 874 1519 937 ποιοῦσι,
1556 874 1874 945 φιλοτιμίαν
1898 871 2099 926 ἐπιδει-

422 962 749 1034 κνύμενοι⁷⁸
796 959 1083 1031 περιττήν,
1131 958 1225 1012 καὶ
1275 956 1445 1021 δεῖξαι
1495 956 1777 1018 θέλοντες,
1825 955 1906 1008 ὅτι
1959 952 2100 1023 μετά

422 1044 627 1115 πολλῆς
658 1042 809 1113 αὐτῷ
855 1041 1201 1094 ἐπιτάττουσι
1246 1040 1346 1105 τῆς
1393 1038 1664 1104 ἐξουσίας.
1704 1038 1883 1108 Ὅπερ
1927 1036 2022 1089 καὶ
2070 1037 2100 1088 6

423 1125 816 1197 εύαγγελιστὴς
842 1122 1116 1178 δείκνυται
1139 1124 1184 1156 ⁷³
1213 1122 1463 1192 ἐγκαλῶν
1482 1139 1495 1151 ·
1529 1120 1662 1173 αὐτὸ
1695 1118 1803 1191 γὰρ
1829 1118 1988 1172 τοῦτο
2014 1118 2101 1171 αἰ-

421 1211 732 1281 νιττόμενος
759 1206 930 1270 οὕτως
957 1207 1176 1276 εἰρηκεν
1197 1223 1210 1238 ·
1242 1206 1365 1258 Ἔτι
1390 1203 1575 1281 αὑτοῦ
1607 1202 1946 1267 λαλοῦντος
1972 1199 2098 1267 τοῖς

424 1280 632 1363 ὄχλοις
650 1307 663 1319 ·
698 1289 899 1343 ὠσανεί
927 1288 1080 1355 ἔλεγε
1099 1304 1114 1317 ·
1147 1287 1237 1358 Μὴ
1282 1286 1392 1358 7&9
1422 1286 1522 1339 οὐκ
1546 1280 1614 1356 ἦν
1658 1283 1849 1357 καιρὸς
1880 1282 2097 1352 ἔτεροςς

426 1376 504 1448 μὴ
527 1375 636 1444 γάρ
656 1373 756 1426 οὐκ
772 1367 841 1443 ἦν
868 1371 986 1424 κατ’
1013 1370 1148 1424 ἰδίαν
1168 1369 1514 1440 διαλεχθῆναι
1535 1385 1548 1434 ;
1577 1368 1640 1421 Τί
1664 1367 1720 1420 δὲ
1751 1367 1844 1418 καὶ
1869 1365 2100 1448 λαλῆσαι

423 1458 742 1522 ἐϐούλοντος
778 1459 838 1510 Εἰ
873 1456 972 1526 μὲν
1008 1454 1115 1524 7&9
1150 1454 1290 1524 ὑπὲρ
1331 1453 1440 1505 τῶν
1468 1451 1568 1520 τῆς
1600 1448 1856 1522 ἀληθείας
1893 1447 2099 1518 δογμά-

422 1558 554 1605 των,
600 1543 752 1611 κοινῇ
789 1538 966 1591 ταῦτα
1010 1535 1329 1608 προσθεῖναι
1384 1534 1572 1605 ἐχρῆν,
1608 1533 1704 1586 καί
1754 1534 1848 1586 ἐπὶ
1878 1532 2099 1584 πάντων

423 1627 622 1687 εἰπεῖν,
650 1623 793 1677 ὥστε
819 1622 914 1675 καί
940 1620 1070 1683 τοὺς
1094 1619 1287 1682 ἄλλους
1316 1618 1576 1688 κερδάναι
1595 1633 1610 1646 ·
1641 1618 1689 1669 εἰ
1723 1615 1780 1668 δὲ
1816 1616 1944 1689 περὶ
1981 1614 2098 1667 ἐτέ-

425 1727 537 1784 ρων
564 1709 675 1763 τῶν
712 1707 894 1769 αὐτοῖς
924 1703 1307 1774 διαφερόντων,
1341 1703 1443 1754 οὐκ
1480 1700 1645 1771 ἐχρῆν
1673 1698 1817 1752 οὕτω
1844 1697 2099 1751 κατεπεί-

423 1778 561 1863 ¹γειν.
592 1792 658 1846 Εἰ
700 1789 812 1861 γὰρ
850 1787 1065 1857 πατέρα
1098 1784 1265 1855 θάψαι
1309 1785 1410 1838 οὐκ
1455 1783 1689 1850 ἀφῆκεν,
1721 1780 1809 1832 ἵνα
1852 1778 2096 1863 μὴνδια-

424 1862 694 1948 κόπτηται
722 1876 758 1945 ή
791 1871 1172 1941 ἀκολούθησις,
1203 1865 1381 1937 πολλῷ
1430 1864 1629 1936 μᾶλλον
1649 1863 1760 1948 τὴν
1784 1862 1959 1948 αύτοῦ
2005 1862 2100 1933 δη-

428 1946 699 2033 μηγορίαν
727 1954 1026 2011 καταλῦσαι
1064 1951 1164 2005 οὐκ
1206 1949 1578 2033 ἐχρῆνᾲύπέρῌ
1592 1947 1698 2001 τῶν
1724 1946 1891 2033 Δούδεν
1927 1961 2097 2033 προσι-

426 2028 691 2114 ῆκόντων.
712 2039 873 2093 Ὅθεν
893 2036 1072 2107 δῆλον,
1096 2035 1178 2088 ὅτι
1199 2031 1471 2103 κενοδοξία
1489 2029 1646 2114 τοῦτο
1669 2030 1826 2114 μόνον
1848 2028 2096 2114 ἐποίουν·

425 2110 461 2181 δ
485 2125 579 2180 καὶ
611 2124 860 2192 Ἰωάννης
890 2118 1066 2190 δηλῶν
1099 2117 1301 2185 ἔλεγεν,
1327 2118 1409 2169 ὅτι
1446 2112 1600 2168 Οὐδὲ
1628 2118 1680 2168 οἱ
1714 2110 1964 2181 ἀδελφοὶ
1995 2113 2101 2165 αὐ-

426 2207 535 2261 τοῦ
576 2207 901 2260 ἐπίστευον
945 2204 1034 2265 εἰς
1070 2200 1287 2254 αὐτόν·
1328 2195 1480 2270 [468]
1529 2197 1624 2249 καὶ
1661 2196 1728 2249 τά
1779 2197 1998 2267 ῥήματα
2044 2194 2100 2248 δὲ

427 2290 610 2343 αὐτῶν
636 2285 972 2356 ἀπαγγέλλει
1004 2283 1073 2336 τά
1107 2280 1309 2350 πολλῆς
1334 2281 1571 2351 γέμοντα
1597 2278 1804 2343 ἀνοίας,
1825 2277 1999 2346 λέγων
2018 2277 2099 2330 ὅτι

429 2366 609 2426 εἷλκον
649 2370 809 2424 αὐτὸν
844 2366 936 2420 ἐπὶ
962 2365 1032 2419 τά
1060 2364 1438 2437 Ἱεροσόλυμα,
1467 2361 1532 2415 δι’
1567 2360 1753 2432 ἕτερον
1793 2361 1889 2431 μὲν
1926 2358 2097 2423 οὐδὲν,

429 2457 518 2510 ῖνα
555 2455 611 2508 δὲ
642 2452 798 2507 αὐτοὶ
824 2450 983 2517 δόξαν
1013 2448 1122 2502 ἀπὸ
1170 2448 1279 2501 τῶν
1326 2446 1534 2500 ἐκείνου
1586 2444 1827 2515 σημείων
1876 2441 2101 2513 καρπώ-

431 2554 666 2594 σωνται·
703 2539 773 2590 Εἰ
810 2534 920 2604 7&9
947 2531 1135 2586 ταῦτα
1172 2529 1382 2596 ποιεῖς,
1415 2530 1566 2599 φησὶ,
1600 2526 1804 2591 δεῖξον
1840 2523 2101 2580 σεαυτὸν

428 2621 510 2689 τῷ
539 2622 771 2689 κόσμῳ·
802 2616 999 2682 οὐδεὶς
1026 2614 1137 2684 γάρ
1166 2631 1221 2667 τι
1249 2613 1403 2667 ποιεῖ
1427 2613 1497 2665 ἐν
1529 2610 1792 2680 κρυπτῷ,
1823 2610 1919 2663 καὶ
1948 2608 2109 2674 ζητεῖ

428 2704 607 2770 αὐτὸς
649 2700 910 2773 φανερὸς
961 2694 1144 2753 εἶναι·
1176 2698 1266 2751 ὅτε
1314 2697 1408 2749 καὶ
1441 2697 1604 2759 αὐτὸς
1625 2696 1672 2727 ⁸⁸
1703 2695 1885 2757 αὐτοῖς
1917 2693 2100 2747 ἐπετί-

432 2805 598 2862 μησε,
626 2787 726 2858 τήν
753 2784 1020 2856 σαρκικὴν
1050 2780 1229 2835 αᾷτῶν
1254 2779 1577 2850 αἰτιώμενος
1608 2777 1853 2848 γνώμην.
1885 2775 2102 2862 Ἐπειδὴ

430 2855 538 2945 7&9
584 2872 633 2925 οἰ
682 2855 923 2922 Ἰουδαῖοι
975 2865 1279 2929 ὠνείδιζον,
1337 2864 1428 2945 καὶ
1480 2862 1697 2945 ἔλεγον·
1747 2861 1870 2929 Οὐχ
1897 2855 2101 2945 Δοὗτός

429 2941 605 3009 ἐστιν
646 2955 678 3007 6
707 2951 816 3006 τοῦ
844 2950 1123 3013 τέκτονος
1159 2945 1311 3012 υίὸς,
1337 2941 1407 3001 οὗ
1440 2944 1612 3013 ἡμεῖς
1642 2944 1819 3012 ἴσμεν
1845 2942 1955 2996 τὸν
1985 2957 2099 2995 πα·

429 3038 570 3108 τέρα
607 3037 707 3091 καί
746 3034 863 3103 τὴν
900 3032 1164 3102 μητέρα;
1209 3029 1306 3083 καί
1347 3030 1402 3082 οἱ
1442 3027 1690 3097 ἀδελφοὶ
1740 3025 1924 3082 αὐτοῦ
1965 3026 2103 3108 οὐχί

431 3107 569 3192 παρ’
602 3120 746 3191 ἡμῖν
773 3123 929 3181 sim;
958 3117 1056 3188 τὴν
1089 3115 1364 3168 εὐτέλειαν
1399 3112 1715 3184 βουλόμενοι
1744 3110 1844 3181 τὴν
1872 3110 1982 3163 ἀπὸ
2007 3107 2102 3162 τοῦ

432 3208 624 3277 γένους
653 3203 1077 3277 ἀποκρούεσθαι,
1106 3201 1199 3253 ἐπὶ
1230 3198 1329 3269 τὴν
1351 3197 1460 3251 τῶν
1507 3196 1748 3267 σημείων
1781 3194 1942 3247 αὑτὸν
1976 3193 2105 3247 ἐκά-

433 3288 559 3348 nm
598 3290 883 3357 ἐπίδειξιν.
923 3287 1023 3340 Διά
1063 3284 1223 3338 τοῦτο
1271 3282 1466 3344 αὐτοὺς
1502 3278 1867 3351 διακρούεται,
1904 3280 1966 3331 τὸ
2002 3278 2106 3332 πά·

435 3376 528 3439 θος
568 3373 746 3429 αὐτῶν
789 3371 1111 3443 βουλόμενος
1160 3366 1411 3421 ἰάσασθαι
1434 3382 1449 3396 ·
1496 3364 1572 3427 ὼς
1620 3364 1735 3431 εῖγε
1767 3361 2106 3433 ἀρνήσασθαι

433 3457 595 3530 ἡθελε
629 3456 729 3528 τὴν
762 3453 992 3527 μητέρα,
1019 3452 1110 3506 ὅτε
1139 3453 1338 3504 ἐκεῖνοι
1365 3448 1660 3514 ὠνείδιζον,
1691 3446 1815 3500 τότε
1844 3446 1911 3500 ἂν
1941 3446 2108 3517 ἠρνή-

437 3560 592 3598 σατο.
616 3541 732 3596 Νῦν
756 3540 813 3594 δέ
844 3537 1091 3609 φαίνεται
1121 3533 1389 3605 τοσαύτην
1420 3532 1593 3605 αὐτῆς
1626 3531 1947 3602 ποιούμενος
1982 3529 2108 3603 πρό·

435 3642 607 3694 νοιαν,
649 3624 726 3689 ὡς
768 3626 864 3678 καὶ
901 3622 1036 3693 πρὸς
1072 3618 1222 3689 αὐτῷ
1253 3618 1331 3688 τῷ
1370 3617 1589 3688 σταυρῴ
1620 3615 1698 3685 τῷ
1732 3619 1948 3670 πάντων
2000 3617 2106 3686 μά-

434 3710 596 3764 λιστα
648 3706 971 3778 ποθουμένῳ
1007 3705 1226 3773 μαθητῇ
1272 3699 1761 3773 παρακαταθέσθαι
1789 3699 1980 3769 αὐτὴν,
2015 3696 2109 3752 καί

437 3795 609 3848 πολλά
663 3793 805 3862 ὺπέρ
851 3790 1020 3860 αὐτῆς
1075 3786 1397 3856 ἐπισκῆψαι.
1444 3783 1586 3837 Ἀλλ’
1627 3784 1750 3855 οὐχὶ
1806 3783 1902 3838 νῦν
1951 3782 2110 3836 τοῦτο

437 3878 605 3940 ποιεῖ,
637 3875 933 3945 κηδόμενος
964 3869 1135 3939 αὐτῆς
1165 3870 1261 3923 καί
1290 3869 1407 3923 τῶν,
1439 3865 1702 3935 ἀδελφῶν.
1742 3865 1960 3936 Ἐπειδὴ
2001 3865 2110 3937 γὰρ

436 3960 513 4024 ὡς
535 3956 807 4028 ἀνθρώπῳ
831 3956 1117 4026 προσεῖχον
1136 3950 1295 4023 ψιλῷ,
1318 3951 1413 4005 καὶ
1435 3948 1792 4013 ἐκενοδόξουν,
1817 3949 1877 4001 τὸ
1899 3949 2110 4020 νόσημα

438 4040 713 4104 ἐκϐάλλει,
738 4039 837 4109 ούχ
861 4036 1117 4108 ὑϐρίζων,
1145 4035 1281 4090 ἀλλά
1304 4034 1514 4106 διορθού
1523 4050 1703 4105 μενος.
1728 4034 1799 4086 Σὺ
1826 4032 1882 4088 δέ
1913 4049 2003 4103 μοι
2034 4034 2110 4106 μή

437 4127 507 4180 τά
553 4124 774 4196 ῥήματα
811 4120 1033 4186 ἐξέταζε
1090 4118 1250 4189 μόνον
1279 4119 1348 4171 τά
1386 4118 1703 4188 ἐπιτίμησιν
1735 4116 1929 4187 ἔχοντα
1969 4115 2110 4186 σύμ-

441 4225 663 4283 μετρον,
689 4205 826 4261 ἀλλά
853 4203 947 4257 καὶ
975 4202 1072 4274 τήν
1100 4201 1329 4256 ἀτοπίαν
1353 4202 1446 4255 καί
1471 4202 1566 4272 τὴν
1595 4200 1799 4283 τόλμην
1825 4198 1933 4252 τῶν
1959 4199 2111 4252 ἁδελ-

439 4281 578 4365 ιρῶν,
603 4292 670 4364 ἢν
694 4289 1022 4361 ἐτόλμησαν,
1053 4288 1145 4340 καὶ
1169 4286 1260 4339 τὸν
1286 4286 1622 4357 ἐπιτιμῶντα
1645 4285 1730 4348 τίς
1757 4281 1825 4356 ἦν
1844 4301 1858 4316 ·
1885 4285 1967 4338 ὅτι
1990 4285 2113 4355 οὐχὶ

437 4378 591 4450 ψιλδς
624 4375 931 4449 ἄνθρωπος,
975 4371 1091 4426 ἀλλ’
1119 4373 1147 4425 6
1195 4370 1486 4442 μονογενὴς
1515 4369 1641 4432 Υἱὸς
1681 4368 1776 4422 τοῦ
1813 4368 1948 4422 Θεοῦ
1967 4383 1983 4399 ·
2016 4367 2113 4421 καὶ

438 4462 492 4515 τί
532 4459 854 4531 βουλόμενος
887 4455 1124 4526 ἐπετίμα
1148 4471 1162 4484 ·
1195 4453 1314 4507 οὐδὲ
1360 4452 1471 4523 7&9
1521 4452 1860 4523 ἐξαπορῆσαι
1918 4452 2110 4517 θέλων,

440 4544 556 4598 ἀλλ’
600 4539 908 4605 ἀπαλλάξαι
939 4538 1033 4592 τοῦ
1062 4539 1533 4608 τυραννικωτάτω
1567 4535 1808 4601 πάθους,
1847 4536 1940 4589 καί
1971 4536 2113 4589 κατά

444 4625 641 4699 μικρὸν
684 4625 975 4691 ἐναγαγεῖν
1002 4622 1083 4685 εἰς
1112 4622 1211 4690 τὴν
1241 4621 1624 4691 προσήκουσαν
1661 4622 1789 4688 περί
1828 4616 1995 4671 αὑτοῦ
2029 4617 2115 4671 έν-

442 4727 613 4774 νοιαν,
644 4707 739 4762 καί⁵
774 4709 956 4759 πεῖσαι
989 4705 1071 4758 ὄτι
1103 4705 1224 4775 οὑχί
1250 4703 1362 4766 υἱὸς
1390 4702 1559 4771 αὐτῆς
1591 4702 1749 4773 μόνον
1776 4702 1946 4764 ἐστὶν,
1976 4700 2112 4754 ἀλλά

445 4794 542 4848 καὶ
586 4789 890 4859 Δεσπότης·
930 4788 1023 4840 καὶ
1069 4786 1189 4856 ὕψει
1228 4786 1430 4857 σφόδρα
1481 4788 1796 4859 πρέπουσαν
1841 4788 1933 4841 καὶ
1965 4786 2113 4859 αύτῷ

441 4878 542 4950 τὴν
566 4873 905 4944 ἐπιτίμησιν,
933 4868 1160 4940 κάκείνῃ
1188 4867 1590 4935 λυσιτελοῦσαν,
1621 4870 1713 4923 καὶ
1741 4869 1879 4939 μετά
1907 4869 2113 4923 τούτων

442 4962 579 5016 πολὺ
609 4957 704 5012 καὶ
729 4955 789 5009 τὸ
811 4956 1019 5027 ἥμερον
1056 4952 1302 5021 ἔχουσαν.
1347 4952 1480 5005 Οὐδὲ
1512 4952 1620 5023 γάρ
1651 4949 1824 5017 εἶπεν,
1852 4953 2110 5017 Ἀπελθε,

439 5046 562 5101 εἰπὲ
590 5046 659 5115 τῇ
698 5040 894 5113 μητρὶ,
923 5039 1006 5091 δτι
1041 5039 1154 5090 Οὐκ
1197 5032 1248 5089 εἴ
1280 5054 1382 5107 μου
1430 5037 1632 5107 μήτηρ,
1665 5035 1803 5090 ἀλλά
1841 5037 1976 5107 πρὸς
2021 5037 2113 5092 τὸν

439 5129 662 5183 εἰπόντα
701 5125 1047 5179 ἀποτείνεται
1078 5122 1286 5190 λέγων·
1322 5122 1420 5186 Τίς
1460 5121 1630 5175 ἐστιν
1660 5122 1700 5189 ἡ
1730 5120 1928 5191 μήτηρ
1954 5137 2113 5192 pou;

445 5213 586 5282 μετά
635 5208 746 5263 τῶν
806 5207 1114 5277 εἰρημένων
1167 5206 1262 5258 καὶ
1317 5203 1504 5274 ἕτερόν
1548 5221 1604 5257 τι
1660 5207 2109 5270 κατασκευάζων.

442 5294 604 5348 Ποῖον
630 5293 695 5363 δὴ
719 5291 905 5356 τοῦτο;
937 5289 980 5342 Τ
981 5289 1010 5342 ὸ
1039 5290 1175 5360 μήτε
1203 5287 1466 5352 ἐκείνους,
1503 5289 1639 5359 μήτε
1670 5288 1863 5353 ἀλλους
1889 5291 1957 5352 ⁸⁸,
1989 5307 2114 5358 συγ-

441 5376 628 5448 γενείᾳ
656 5374 1012 5446 θαρροῦντας,
1045 5371 1247 5444 ἀρετῆς
1275 5370 1518 5442 ἀμελεῖν.
1554 5372 1619 5424 Εἰ
1656 5371 1764 5443 γάρ
1791 5372 1997 5443 ταύτην
2022 5374 2114 5426 ού-

441 5463 532 5517 δὲν
557 5460 755 5527 ὠφελεῖ
791 5457 854 5510 τὸ
897 5456 1109 5528 μητέρα
1137 5451 1296 5518 εἰναι,
1326 5456 1377 5508 εἰ
1411 5454 1485 5525 μὴ
1515 5454 1691 5508 ἐκείνο
1719 5454 1829 5525 εἴη,
1862 5455 2023 5526 σχολῇ
2057 5457 2111 5524 γ’

441 5544 510 5601 ἂν
528 5544 576 5577 ⁸⁸
594 5543 778 5612 ἐτερός
802 5556 884 5604 τις
908 5539 1016 5594 ἀπὸ
1032 5539 1349 5608 συγγενείας
1372 5538 1816 5596 σωθισεται.Μία
1832 5539 1940 5611 γάρ
1961 5541 2110 5593 ἐστιν

1193 264 1248 320 ς.
1282 258 1567 319 JOANNIS
1603 253 2090 315 CHRYSOSTOMI
2128 251 2447 310 ARCHIEP.
2489 246 3039 309 CONSTANTINOP.

3740 244 3829 301 ‘66

2195 373 2442 441 εὐγένεια
2477 372 2636 443 μόνη,
2668 370 2728 423 τὸ
2752 370 2798 401 ⁸³
2827 370 2888 422 τὸ
2916 368 3127 441 θέλημα
3161 369 3252 424 τοῦ
3290 371 3424 427 Θεοῦ
3458 374 3651 427 ποιεῖν.
3683 367 3829 436 Οὗτος

2194 455 2291 524 τῆς
2313 453 2638 523 εύγενείαςθδ
2653 454 2683 506 6
2696 454 2897 525 τρόπος
2915 451 3139 522 βελτίων
3158 455 3367 508 ἐκείνου
3390 458 3478 509 καί⁸
3496 456 3825 528 κυριώτερος.

2270 544 2333 611 β’.
2354 541 2517 594 Ταῦτ’
2540 536 2632 595 οῦν
2654 541 2878 605 εἰδότες,
2906 544 3042 612 μήτε
3064 545 3157 597 ἐπὶ
3176 545 3363 596 παισὶν
3382 545 3687 616 εὐδοκίμοις
3709 546 3829 615 μέγα

2195 624 2505 697 φρονῶμεν,
2527 624 2593 677 ἂν
2621 623 2695 695 μὴ
2734 623 2833 695 τὴν
2882 625 3085 696 ἀρετὴν
3112 627 3290 680 αὐτῶν
3319 629 3529 699 ἔχωμεν
3557 644 3572 657 ·
3604 632 3732 699 μήτε
3754 631 3829 683 ἐπὶ

2199 710 2438 780 πατράσι
2460 708 2747 777 γενναίοις,
2772 708 2867 762 ἐὰν
2895 709 2970 780 μὴ
2992 703 3142 781 ὦμεν
3162 712 3343 776 αὐτοῖς
3363 715 3674 785 όμότροποι.
3698 715 3828 769 Ἐστι

2195 793 2307 864 γάρ
2346 792 2440 846 καὶ
2469 793 2562 846 τὸν
2604 792 2941 863 γεννήσαντα
2974 792 3049 865 μὴ
3078 791 3215 848 εἰναι
3255 798 3487 867 πατέρα,
3533 798 3628 850 καὶ
3660 799 3743 851 τὸν
3769 800 3828 868 μή

2197 877 2533 947 γεννήσαντα
2573 871 2733 930 εἶναι.
2763 874 2862 928 Διά
2903 875 2966 946 δή
2998 877 3156 930 τοῦτο
3189 878 3284 931 καὶ
3325 878 3561 949 ἀλλαχοῦ
3607 881 3829 948 γυναικός

2196 974 2339 1020 τινος
2368 957 2628 1027 εἰπούσης
2652 974 2667 990 ·
2705 960 2979 1026 Μακαρία
3010 961 3049 1028 ἠ
3083 960 3315 1030 γαστὴρ
3339 963 3383 993 ⁸⁸
3418 963 3457 1031 ἡ
3483 962 3830 1026 ,ϐαστάσασά

2198 1058 2291 1106 σε,
2324 1041 2426 1098 καί
2451 1042 2672 1111 μαστοί
2710 1041 2819 1109 οὓς
2857 1042 3003 1115 [469]
3028 1042 3369 1113 ἐθήλασας·
3406 1047 3509 1100 οὐκ
3540 1042 3707 1110 εἶπεν,
3737 1048 3830 1100 Οὐκ

2199 1125 2469 1179 ἐϐάστασε
2504 1143 2570 1197 με
2617 1126 2814 1186 κοιλία,
2841 1126 2961 1179 οὐδὲ
2993 1117 3249 1191 Μαεττοὺς
3280 1130 3378 1181 οὐκ
3421 1128 3692 1200 ἐθήλασα·
3715 1116 3831 1185 ὦλὰ

2199 1207 2359 1262 τοῦτο
2378 1226 2391 1239 ·
2423 1209 2729 1279 Μενοῦνγε
2750 1207 3030 1279 μακάριοι
3051 1210 3096 1240 ⁸⁸
3120 1213 3173 1263 οι
3199 1210 3515 1278 ποιοῦντες
3543 1212 3607 1264 τὸ
3634 1211 3829 1281 θέλημα

2200 1291 2306 1346 τοῦ
2339 1294 2569 1361 Πατρός
2609 1310 2749 1362 μου.
2794 1292 2957 1363 Ὁρᾷς
3008 1291 3125 1356 πῶς
3160 1292 3271 1346 ἄνω
3312 1294 3406 1346 καὶ
3449 1294 3600 1347 κάτω
3630 1294 3724 1347 οὐκ
3750 1296 3831 1365 ἀρ-

2200 1377 2370 1428 νεῖται
2397 1379 2497 1445 τήν
2524 1376 2664 1428 κατά
2695 1374 2857 1442 φύσιν
2887 1375 3224 1444 συγγένειαν,
3254 1374 3389 1429 ἀλλά
3417 1376 3731 1448 προστίθησι
3752 1379 3830 1450 τήν

2201 1457 2321 1510 κατ’
2358 1458 2592 1529 ἀρετήν;
2628 1458 2740 1510 Καὶ
2774 1460 2802 1511 6
2832 1458 3136 1529 πρόδρομος
3170 1458 3226 1511 δὲ
3266 1459 3465 1527 λέγων,
3511 1460 3832 1529 Γεννήματα

2199 1539 2476 1610 ἐχιδνῶν,
2523 1540 2609 1610 μὴ
2658 1540 2875 1607 δόξητε
2936 1542 3154 1612 λέγειν,
3202 1543 3435 1612 Πατέρα
3492 1544 3707 1615 ἔχομεν
3748 1547 3832 1599 τὸν

2216 1624 2498 1693 Ἀϐραὰμ,
2547 1624 2607 1677 ού
2659 1624 2818 1677 τοῦτο
2867 1624 3158 1690 δείκνυσιν,
3207 1628 3289 1680 ὅτι
3332 1629 3432 1682 οὐκ
3482 1625 3624 1701 ἦσαν
3670 1630 3730 1682 ἐκ
3759 1628 3831 1681 τοῦ

2215 1706 2466 1778 ’Δϐραάμ
2505 1707 2644 1760 κατά
2676 1706 2855 1775 φύσιν,
2889 1707 3001 1761 ἀλλ’
3028 1709 3111 1762 ὅτι
3142 1709 3294 1763 οὐδὲν
3337 1710 3536 1775 αὐτοὺς
3573 1711 3759 1781 ὠψελεῖ
3786 1714 3831 1765 τὸ

2203 1785 2342 1842 εἰναι
2371 1791 2436 1842 ἐκ
2482 1788 2575 1842 τοῦ
2611 1789 2890 1860 Ἀϐραὰμ,
2938 1791 2988 1843 εἰ
3037 1791 3111 1862 μὴ
3156 1792 3257 1863 τήν
3301 1793 3409 1847 ἀπὸ
3444 1793 3619 1846 τῶνπ
3650 1795 3831 1865 τρόπων

2206 1874 2525 1941 συγγένειαν
2564 1872 2767 1943 ἔχοιεν·
2795 1873 2824 1927 ὃ
2857 1875 2948 1928 καί
2991 1875 3020 1927 6
3060 1876 3296 1947 Χριστὸς
3328 1876 3505 1947 δηλῶν
3546 1877 3751 1947 ἔλεγεν·
3781 1881 3833 1932 Ei

2203 1955 2385 2009 τέκνα
2402 1954 2508 2009 τοῦ
2536 1956 2780 2026 Ἀϐραὰμ
2798 1951 2921 2026 ἦτε.
2939 1958 3012 2011 τὰ
3025 1958 3170 2027 ἔργα
3187 1959 3293 2013 τοῦ
3320 1959 3569 2033 Ἀϐραὰμ
3587 1961 3828 2014 ἐποιεῖτε·

2203 2041 2266 2092 ού
2306 2038 2407 2108 τῆς
2441 2039 2757 2107 συγγενείας
2784 2040 2981 2104 αὐτοὺς
3008 2043 3326 2114 ἀποστερῶν
3354 2047 3455 2113 τῆς
3495 2044 3638 2098 κατά
3667 2046 3831 2114 σάρκα,

2205 2122 2341 2175 ἀλλὰ
2396 2120 2663 2176 παιδεύων
2711 2124 2808 2193 τήν
2862 2121 3086 2194 μείζονα
3134 2125 3337 2197 ταύτης
3385 2128 3481 2181 καὶ
3528 2128 3833 2198 κυριωτέραν

2206 2204 2504 2274 ἐπιζητεῖν.
2548 2203 2718 2257 Τοῦτο
2761 2205 2824 2275 δή
2874 2206 2968 2258 καὶ
3020 2205 3251 2261 ἐνταῦθα
3288 2208 3713 2271 κατασκευάζει,
3744 2207 3833 2259 ἀλλ’

2204 2286 2671 2358 ἀνεπαχθέστερον
2700 2288 2793 2341 καὶ
2831 2288 3262 2360 ἐμμελέστερον·
3294 2290 3387 2345 καί
3433 2292 3546 2363 7&9
3589 2290 3719 2361 πρὸς
3753 2308 3835 2361 μη-

2205 2371 2338 2442 τέρα
2369 2366 2436 2442 ἦν
2464 2371 2493 2424 6
2537 2370 2693 2438 λόγος
2735 2370 2904 2441 αὐτῷ.
2934 2371 3066 2425 Οῦδέ
3102 2372 3212 2444 γὰρ
3241 2367 3415 2438 εἶπεν,
3454 2374 3571 2428 Οὐκ
3611 2374 3717 2427 ἐστι
3754 2389 3833 2442 μου

2209 2456 2413 2527 μήτηρ,
2459 2454 2579 2508 οὐδὲ
2612 2454 2832 2525 ἀδελφοὶ
2861 2457 3077 2522 ἐκεῖνοι,
3116 2458 3303 2529 ἐπειδὴ
3337 2458 3399 2511 οὐ
3435 2458 3649 2513 ποιοῦσι
3680 2459 3734 2512 τὸ
3765 2457 3833 2510 θέ-

2205 2538 2357 2610 λημά
2391 2556 2491 2610 μου
2513 2556 2525 2569 ·
2557 2537 2679 2592 ούδέ
2721 2538 3035 2610 ἀπεφήνατο
3071 2540 3165 2593 καὶ
3207 2540 3596 2595 κατεδίκασεν·
3640 2541 3745 2595 ἀλλ’
3774 2542 3833 2594 ἔτι

2208 2620 2431 2692 κυρίους
2468 2621 2663 2684 αὐτοὺς
2692 2622 2865 2674 ἐποίει
2901 2620 2994 2675 τοῦ
3031 2621 3346 2692 βούλεσθαι,
3394 2625 3538 2694 μετά
3575 2624 3674 2695 τῆς
3715 2624 3834 2693 αὐτῷ

2207 2703 2525 2775 πρεπούσης
2589 2704 2888 2768 ἐπιεικείας
2942 2704 3327 2776 φθεγγόμενος.
3388 2707 3443 2759 '0
3498 2710 3608 2778 7&9
3659 2705 3831 2769 ποιῶν,

2208 2790 2364 2860 φησί,
2394 2786 2460 2841 τὸ
2493 2785 2723 2857 θέλημα
2762 2787 2868 2842 τοῦ
2897 2790 3127 2856 Πατρός
3168 2807 3308 2859 μου,
3342 2786 3526 2857 οὗτός
3553 2808 3668 2862 μου
3694 2791 3833 2845 ἀδελ-

2206 2872 2321 2941 φός
2350 2870 2449 2924 καὶ
2478 2868 2712 2939 ἁδελφὴ
2751 2870 2849 2924 καὶ
2874 2869 3073 2940 μήτηρ
3098 2872 3291 2927 ἐστίν.
3318 2873 3483 2927 ’Ὥστε
3510 2878 3558 2927 εἰ
3595 2873 3833 2945 βούλονται

2208 2948 2369 3018 εἶναι,
2399 2952 2603 3024 ταύτην
2637 2953 2983 3024 ἐρχέσθωσαν
3006 2954 3104 3027 τὴν
3130 2955 3266 3009 ὁδόν.
3294 2958 3404 3011 Καὶ
3432 2959 3602 3029 ήνίκα
3629 2959 3682 3012 δέ
3711 2958 3832 3025 5661;-

2209 3052 2299 3089 σεν
2324 3037 2357 3106 ή
2383 3036 2519 3107 γυνὴ
2546 3036 2796 3106 λέγουσα,
2833 3039 3104 3109 Μακαρία
3138 3040 3176 3107 ἠ
3209 3040 3403 3093 κοιλία
3435 3042 3475 3109 ἡ
3505 3037 3832 3106 βαστάσασά

2206 3132 2302 3181 σε,
2329 3119 2429 3172 ούκ
2467 3115 2644 3184 εἶπεν,
2672 3120 2784 3173 Οὐκ
2812 3119 2927 3174 ἔστι
2967 3138 3069 3192 μου
3105 3125 3319 3194 μήτηρ,
3362 3123 3501 3188 ἀλλ’,
3532 3125 3596 3178 Εἰ
3627 3124 3831 3195 βούλεται

2210 3202 2455 3273 μακαρία
2489 3197 2650 3266 εἶναι,
2678 3203 2739 3256 τὸ
2768 3203 2978 3275 θέλημα
3012 3205 3234 3261 ποιείτω
3277 3204 3371 3259 τοῦ
3403 3207 3619 3278 Πατρός
3649 3225 3757 3278 μου.
3791 3206 3832 3256 ’0

2207 3286 2316 3357 7&9
2349 3286 2610 3354 τοιοῦτος,
2639 3288 2736 3342 καί
2765 3287 2993 3358 ἀδελφὸς
3023 3288 3119 3342 καὶ
3147 3289 3348 3360 ἀδελφή
3383 3291 3478 3344 καὶ
3512 3293 3691 3363 μήτηρ
3725 3289 3831 3342 ἐστί.

2210 3370 2384 3424 Βαϐαἰ
2423 3370 2526 3441 τῆς
2555 3372 2749 3443 τιμῆςί
2795 3370 2957 3442 βαϐαὶ
2984 3372 3082 3443 τῆς
3121 3374 3353 3444 ἀρετῆςί
3390 3376 3473 3439 εἰς
3509 3376 3642 3445 ὅσην
3680 3375 3829 3441 ἀνάγει

2208 3458 2451 3530 κορυφὴν
2478 3458 2570 3512 τὸν
2606 3459 2858 3530 μετιόντα
2888 3461 3078 3531 αὑτήν.
3109 3461 3278 3515 Πόσαι
3316 3465 3572 3531 γυναῖκες
3605 3461 3836 3533 ἐμακάρι-

2211 3559 2308 3595 σαν
2335 3543 2432 3613 τὴν
2464 3542 2623 3610 ἀγίαν
2653 3543 2928 3614 Παρθένον
2955 3546 3169 3615 ἐκείνην
3197 3545 3290 3598 καὶ
3311 3545 3411 3615 τὴν
3439 3546 3623 3615 νηδὺν,
3652 3548 3738 3599 καὶ
3764 3542 3837 3611 ηύο

2210 3626 2370 3691 ξαντο
2399 3624 2646 3681 τοιαῦτα
2673 3625 2925 3694 γενέσθαι
2968 3627 3222 3699 μητέρες,
3259 3631 3351 3682 καὶ
3383 3629 3561 3682 πάντα
3592 3627 3835 3701 προέσθαι.

2209 3710 2274 3764 Τί
2310 3710 2497 3764 τοίνυν
2529 3709 2593 3763 τὸ
2632 3708 2871 3777 κωλύον;
2908 3710 3037 3764 Ἰδοὺ
3080 3711 3189 3780 7&9
3238 3712 3454 3783 εὐρεῖαν
3508 3712 3694 3783 ἔτεμεν
3732 3713 3838 3780 ἡμῖν

2208 3794 2347 3857 ὁδὸν,
2378 3795 2472 3848 καί
2510 3792 2718 3860 ἔξεστιν
2756 3793 2816 3846 ού
2859 3792 3077 3862 γυναιξὶ
3118 3795 3298 3866 μόνον,
3331 3794 3468 3848 ἀλλά
3498 3798 3593 3849 καὶ
3622 3794 3838 3864 ἀνδράσιν

2210 3877 2302 3930 ἐπὶ
2326 3878 2425 3947 τῆς
2452 3875 2708 3947 τοιαύτης
2744 3877 2995 3945 γενέσθαι
3030 3874 3262 3941 τάξεως·
3296 3875 3497 3947 μᾶλλον
3530 3878 3588 3932 δέ
3615 3879 3702 3931 καί
3723 3873 3838 3929 ἔτιΜ

2211 3960 2393 4032 πολλῷ
2429 3960 2691 4032 μείζονος.
2718 3961 2886 4015 Τοῦτο
2910 3960 3016 4032 γάρ
3045 3959 3221 4031 πολλῷ
3249 3960 3449 4030 μᾶλλον
3478 3960 3685 4031 μητέρα
3706 3961 3836 4014 ποιεῖ.

2211 4046 2244 4117 ἢ
2274 4047 2328 4099 αἰ
2364 4045 2550 4109 ὠδῖνες
2587 4046 2811 4099 ἐκεῖναι.
2840 4045 3004 4100 Ὥστε
3026 4046 3074 4099 εἰ
3104 4045 3438 4116 μακαριστὸν
3466 4048 3663 4109 ἐκεῖνο,
3693 4042 3838 4111 πολλῷ

2215 4126 2417 4197 μᾶλλον
2453 4126 2632 4191 τοῦτο,
2668 4126 2778 4198 ὅσῳ
2816 4126 2913 4180 καὶ
2964 4127 3315 4198 κυριώτερον.
3353 4127 3444 4199 Μὴ
3480 4127 3655 4183 τοίνυν
3686 4126 3838 4188 ἁπλῶς

2213 4210 2468 4281 ἐπιθύμει
2489 4226 2504 4242 ·
2533 4210 2668 4264 ἀλλά
2697 4212 2793 4264 καὶ
2828 4210 2927 4282 τὴν
2967 4211 3083 4265 ὁδὸν
3120 4212 3219 4282 τὴν
3260 4211 3532 4281 φέρουσαν
3561 4228 3620 4266 σε
3656 4214 3738 4265 ἐτιί
3762 4210 3838 4280 τὴν

2210 4293 2505 4365 ἐπιθυμίαν
2557 4294 2738 4364 βάδιζε
2792 4291 2930 4367 μετα
2992 4295 3192 4367 πολλῆς
3237 4297 3338 4366 τῆς
3390 4297 3646 4369 σπουδῆς.
3689 4294 3838 4350 Ταῦτα

2209 4376 2391 4430 τοίνυν
2439 4376 2609 4430 εἰπὼν
2660 4377 2884 4449 ἐξῆλθεν
2935 4380 3001 4432 ἐκ
3045 4378 3147 4448 τῆς
3175 4380 3369 4444 οἰκίας.
3413 4377 3571 4445 Εἶδες
3619 4379 3728 4443 πῶς
3765 4376 3838 4432 καί

2211 4460 2508 4530 ἐπέπληξε,
2539 4462 2635 4516 καὶ
2664 4462 2918 4532 ἐποίησεν
2945 4464 3083 4533 ὅπερ
3126 4463 3390 4529 ἐπόθουν;
3439 4467 3506 4518 Ὃ
3543 4466 3607 4536 δὴ
3648 4464 3733 4518 καὶ
3768 4459 3837 4514 ἐπὶ

2210 4543 2321 4596 τῶν
2361 4545 2557 4614 γάμων
2582 4546 2627 4578 ⁸⁸
2664 4548 2825 4598 ποιεῖ.
2866 4546 2978 4599 Καὶ
3031 4546 3143 4617 γὰρ
3182 4548 3300 4600 ἐκεῖ
3341 4547 3437 4601 καί
3455 4549 3503 4582 ⁸⁸
3548 4549 3837 4617 ἐπετίμησεν

2213 4626 2461 4699 ἀκαίρως
2501 4627 2748 4700 αἰτούσῃ,
2782 4629 2875 4683 καί
2904 4630 3054 4699 ὅμως
3090 4631 3193 4683 οὐκ
3219 4631 3470 4685 ἀντεῖπε·
3505 4632 3583 4702 τῷ
3618 4631 3709 4702 μὲν
3734 4643 3837 4698 προ-

2212 4708 2355 4781 τέρῳ
2395 4710 2774 4782 διορθούμενος
2818 4713 2916 4782 τὴν
2949 4711 3254 4780 ἀσθένειαν,
3301 4714 3380 4784 τῷ
3405 4713 3461 4767 δὲ
3502 4714 3728 4785 δευτέρῳ
3762 4710 3836 4778 τὴν

2200 4791 2343 4864 ’περὶ
2388 4793 2486 4865 τὴν
2523 4795 2733 4865 μητέρα
2765 4793 2979 4848 εὔνοιαν
3018 4794 3474 4867 ἐπιδεικνύμενος.
3508 4795 3659 4850 οὕτω
3685 4794 3740 4864 δὴ
3764 4790 3836 4845 καὶ

2213 4874 2447 4929 ἐνταῦθα
2484 4877 2583 4946 τῆς
2618 4894 2677 4930 τε
2708 4878 3012 4942 κενοδοξίας
3055 4879 3115 4932 τὸ
3143 4880 3354 4949 νόσημα
3405 4878 3611 4939 ἰάσατο.
3641 4878 3724 4931 καί
3760 4874 3836 4939 τὴν

2214 4958 2527 5029 πρέπουσαν
2552 4960 2720 5032 τιμὴν
2753 4963 2817 5031 τῇ
2852 4961 3019 5032 μητρὶ
3048 4961 3316 5024 ἀπέδωκε,
3348 4961 3524 5014 καίτοι
3554 4961 3646 5015 καὶ
3670 4959 3835 5025 ἄκαιρα

2213 5042 2458 5114 αἰτούσῃ.
2503 5044 2599 5095 Ἐν
2631 5045 2739 5115 7&9
2780 5041 2855 5112 τῇ
2901 5042 3110 5113 ἡμέρᾳ,
3152 5043 3337 5114 φησὶν.
3374 5044 3577 5112 ἐκείνῃ
3614 5034 3835 5105 ἐξελθὼν

2214 5126 2247 5178 ὀ
2282 5124 2506 5193 Ἰησοῦς
2545 5125 2612 5178 ὲκ
2649 5125 2754 5193 τῆς
2796 5126 3006 5192 οἰκίας,
3036 5124 3287 5191 ἐκάθητο
3323 5126 3481 5195 παρὰ
3512 5125 3626 5192 τὴν
3651 5121 3834 5176 θάλασ-

2214 5223 2352 5261 σαν.
2395 5208 2459 5261 Εἰ
2491 5208 2598 5279 7&9
2631 5207 2907 5278 βούλεσθε,
2948 5209 3134 5279 φησὶν,
3183 5209 3311 5262 ἰδεῖν
3355 5210 3446 5261 καὶ
3484 5208 3724 5265 ἀκοῦσαι,
3749 5198 3831 5254 ἰδοὺ

2213 5289 2505 5361 ἐξέρχομαι
2555 5291 2648 5344 καὶ
2692 5290 3031 5362 διαλέγομαι.
3073 5291 3287 5361 Ἐπειδὴ
3316 5290 3424 5362 7&9
3463 5293 3661 5361 σημεῖα
3698 5281 3833 5340 πολλὰ

2213 5374 2460 5445 ἐποίησε,
2490 5374 2653 5429 πάλιν
2688 5374 2788 5446 τὴν
2829 5378 2896 5429 ἐκ
2937 5376 3037 5445 τῆς
3064 5375 3413 5439 διδασκαλίας
3440 5374 3700 5444 ὠφέλειαν
3725 5381 3831 5437 παρ·

2215 5459 2350 5527 έκει-
2397 5459 2509 5511 Καὶ
2559 5458 2799 5530 κάθηται
2841 5460 2995 5531 παρά
3033 5457 3131 5529 τὴν
3180 5458 3476 5526 θάλασσαν,
3522 5457 3739 5513 ἁλιεύων
3763 5449 3834 5505 καὶ

2219 5541 2536 5613 σαγηνεύων
2568 5546 2697 5608 τοὺς
2737 5545 2795 5599 ἐν
2821 5545 2887 5615 τῇ
2914 5546 3007 5615 γῇ.
3040 5540 3189 5615 [470]
3234 5543 3481 5599 Ἐκάθισε
3514 5543 3569 5599 δὲ
3600 5538 3737 5611 παρὰ
3759 5533 3833 5601 τὴν

508 5714 555 5748 ⁷⁸
594 5708 992 5791 ἐνδεικνύμενοι
1160 5705 1205 5738 ⁷⁹
1233 5706 1472 5791 δείκνυσι
1600 5704 1912 5791 η”ῃαύτόςῖ
1942 5706 2054 5758 αύτ‹

2284 5706 2574 5791 amem!-
2605 5708 2744 5791 Mor:
2771 5707 2932 5791 βθιιε.
3048 5708 3263 5791 ἐλλους]
3311 5711 3437 5791 θείειν
3476 5706 3670 5791 εηδέγ·
3706 5692 3830 5791 9:5-

439 5783 677 5868 ’ἱσκολῦ
707 5784 781 5883 τὲ
809 5772 1566 5883 ἀη.σιτ;ὶί,ιίξτε,ἱηξξ;ηεερι.εξ·
1598 5772 1985 5883 Wet-5:32:

2282 5775 2340 5830 E.
2417 5781 2464 5810 '“
2495 5780 2558 5839 τό
2600 5781 2752 5835 deest
2772 5780 2825 5831 in
2857 5777 2992 5833 Edd.
3058 5780 3105 5811 ⁸⁸
3145 5772 3549 5854 συγγενείαςῬξ
3586 5774 3677 5830 Ge.
3707 5772 3828 5824 Arm.

2282 5846 2416 5883 4mm.
2452 5848 2482 5883 Δ
2554 5849 2595 5883 l‘,
2671 5848 2711 5883 n
2768 5847 2807 5883 '4‘.
2871 5848 2986 5883 Μην
3022 5850 3305 5883 ηιλφίηυιρ.
3355 5853 3584 5883 Ιιιηηινιιιίι
3629 5843 3826 5883 Ιηιρτηυ.

442 5845 829 5928 τῆξοιίῖίΕ.-
879 5845 941 5928 ³1
963 5845 1406 5928 γαστήρλκοιλία
1430 5846 1567 5928 Eadd:

1671 5846 1720 5924 ξ’
1747 5845 1904 5924 τοῦτο
1933 5846 2121 5924 μόνρν·
2142 5846 2509 5924 ΜακάριοιΛ.
2535 5849 2619 5924 _C.
2658 5848 2730 5924 ΔΙ).
2765 5847 2838 5924 Ei
2863 5848 3212 5924 61013190160

2279 5846 2509 5924 ἀριοιΑ.
2535 5849 2619 5924 _C.
2658 5848 2730 5924 ΔΙ).
2765 5847 2838 5924 Ei
2863 5843 3310 5924 61017190160110:
3354 5843 3590 5924 lcgérriunl
3629 5843 3825 5909 Ιηιετρρ·

446 5915 637 5983 στ’ἰτῶν
664 5941 774 5985 om.
801 5923 869 5979 Δ.
901 5915 1065 5977 (2.1).
1126 5915 1281 5971 ἐίέτι
1304 5932 1416 5975 om.
1446 5916 1508 5971 D.
1538 5915 1643 5988 ἔτι]
1676 5916 1767 5969 ἐπί
1805 5915 1946 5972 δαν(

2039 5916 2165 5970 ’τὸν
2194 5915 2462 5993 γάμονβ.
2494 5919 2570 5991 τῷ
2605 5918 2767 5991 γάμῳ
2799 5917 2935 5975 Edd.
2996 5920 3043 5955 ”
3063 5915 3164 5974 ’καί
3197 5915 3348 5981 déesl
3376 5915 3432 5979 ἰιῖ
3458 5923 3585 5976 Ειιιι.
