3908 6198
244 274 353 332 εδδ

238 397 444 443 vocant
465 403 585 443 eum
616 389 667 443 in
688 398 981 458 conspectu
1007 388 1266 452 omnium,
1287 387 1713 457 superfluamque
1736 403 1829 442 ex-

239 479 431 535 hibent
460 480 842 544 ambitionem,
874 491 928 534 ut
953 480 1258 545 ostendant,
1296 495 1355 535 se
1385 480 1457 533 illi
1491 495 1675 549 magna
1705 496 1825 534 cum

239 582 516 641 potestate
562 573 848 642 imperare.
895 573 1047 639 Quod
1097 574 1255 627 ctiam
1304 574 1627 640 evangelista
1678 574 1827 627 incu-

233 663 409 717 sando
436 664 711 727 declarat;
746 663 846 717 hoc
884 663 1055 731 ipsum
1086 664 1229 717 enim
1278 663 1620 717 subindicans
1646 662 1777 717 dixit
1809 680 1822 716 :

234 755 421 808 Adhuc
464 770 521 807 eo
564 755 793 822 loquente
838 755 906 808 ad
938 756 1148 819 turbas;
1191 769 1253 808 ac
1292 755 1336 808 si
1364 754 1603 809 diceret:
1632 757 1823 809 Annon

234 848 388 902 aliud
421 856 630 918 tempus
653 850 808 902 erat?
836 862 1014 901 annon
1042 856 1286 915 poterant
1320 849 1548 902 seorsim
1579 848 1824 917 alloqui?

230 940 373 1007 Quid
404 957 564 1011 porro
607 940 749 1011 loqui
793 940 1087 995 volebant?
1115 939 1247 993 Nam
1283 940 1326 993 si
1357 939 1425 994 de
1454 939 1678 993 veritate
1720 938 1821 993 do-

178 1096 190 1117 .
230 1035 426 1088 ctrina;
472 1034 663 1088 dicturi
714 1043 901 1098 erant,
930 1034 1044 1088 haec
1072 1035 1243 1103 palam
1274 1043 1325 1087 et
1368 1049 1547 1088 coram
1577 1033 1822 1089 omnibus

232 1125 483 1194 proferre
507 1126 780 1195 oportuit,
812 1125 878 1179 ad
919 1126 1145 1179 aliorum
1188 1140 1399 1195 quoque
1424 1126 1703 1181 utilitatem
1730 1142 1745 1190 ;
1772 1128 1817 1181 si

228 1217 299 1271 de
321 1218 441 1271 aliis
466 1219 530 1272 ad
563 1234 650 1273 res
678 1234 802 1272 suas
832 1219 1219 1285 spectantibus,
1250 1234 1354 1273 non
1387 1219 1465 1274 sic
1496 1221 1697 1275 instare
1726 1236 1820 1291 par

228 1317 369 1361 erat.
399 1308 527 1361 Nam
554 1309 598 1362 si
628 1309 700 1362 illi
731 1318 934 1378 patrem
967 1312 1197 1379 sepelire
1227 1326 1331 1365 non
1376 1314 1617 1380 permisit
1642 1330 1708 1368 ne
1733 1330 1819 1369 se-

227 1397 321 1466 qui
352 1412 413 1452 se
444 1399 818 1454 intermitteret
849 1419 864 1453 :
896 1402 1063 1455 inulto
1094 1404 1266 1456 minus
1310 1404 1620 1459 concionem
1672 1423 1817 1460 rum-

229 1503 360 1557 pere
385 1488 572 1543 debuit
594 1504 689 1559 pro
716 1490 876 1545 rebus
915 1492 1111 1546 nullius
1138 1495 1414 1547 momenti.
1435 1494 1610 1561 Quare
1643 1498 1813 1565 palam

224 1599 331 1653 est,
365 1604 458 1643 eos
486 1588 658 1642 solum
685 1605 751 1643 ex
779 1605 911 1644 vana
951 1590 1116 1659 gloria
1149 1591 1273 1645 illud
1320 1593 1532 1661 egisse;
1564 1594 1704 1661 quod
1736 1595 1811 1647 si-

222 1682 486 1751 gnificans
528 1683 759 1737 Joannes
792 1684 1003 1738 dicebat
1037 1700 1051 1737 :
1102 1682 1277 1748 Neque
1303 1689 1483 1754 fratres
1507 1687 1614 1758 ejus
1643 1687 1814 1739 crede-

224 1777 346 1828 bant
367 1777 419 1829 in
448 1792 560 1829 eum
590 1778 608 1847 (
632 1775 787 1830 Joan.
819 1778 870 1829 7.
897 1776 996 1846 5);
1030 1778 1345 1847 illorumqne
1370 1778 1509 1833 dicta
1539 1778 1812 1834 refcrtad-

221 1867 442 1921 modum
493 1866 698 1933 insana,
730 1868 919 1922 dicens
950 1868 1095 1938 ipsos
1139 1870 1365 1923 traxisse
1410 1870 1554 1923 illum
1598 1869 1811 1924 Jcroso-

220 1958 446 2028 lymam,
476 1974 582 2012 non
615 1960 683 2012 ob
704 1958 861 2012 aliam
883 1973 1119 2023 causam,
1150 1975 1307 2028 quam
1337 1969 1391 2013 ut
1411 1976 1473 2013 ex
1504 1962 1618 2027 ejus
1645 1961 1809 2030 signis

216 2052 447 2118 gloriam
496 2059 777 2119 captarent
820 2067 833 2102 :
879 2065 1000 2104 nam
1057 2050 1343 2120 inquiunt,
1406 2052 1465 2105 Si
1514 2052 1620 2104 haec
1658 2052 1805 2123 facis,

216 2142 429 2196 ostende
467 2142 684 2211 teipsum
724 2143 913 2195 mundo
940 2159 959 2196 :
992 2159 1135 2196 nemo
1175 2144 1361 2212 quippe
1384 2142 1437 2196 in
1464 2142 1658 2196 occulto
1686 2145 1809 2213 quid

216 2235 370 2304 facit,
402 2244 448 2287 et
469 2236 647 2303 quwrit
670 2235 778 2304 ipse
805 2235 975 2304 palam
1002 2235 1154 2306 βενε(
1184 2233 1322 2288 Ibid.
1352 2251 1399 2288 υ.
1432 2236 1512 2304 4);
1545 2236 1656 2304 ipse
1679 2252 1807 2291 vero

215 2324 342 2378 illos
382 2325 710 2394 increpavit,
755 2327 1024 2380 carnalem
1058 2326 1266 2380 illorum
1296 2326 1518 2395 culpans
1547 2329 1803 2382 animum.

214 2415 353 2481 Quia
380 2417 520 2470 enim
550 2402 717 2471 Judaei
748 2417 1142 2485 exprobrantes
1173 2418 1272 2487 ipsi
1298 2418 1545 2472 dicebant
1571 2437 1583 2473 :
1621 2417 1807 2473 Nonne

215 2508 299 2560 hic
319 2516 390 2560 est
416 2506 547 2576 fabri
573 2508 729 2575 ﬁlius,
750 2509 895 2577 cujus
926 2523 1018 2561 nos
1044 2509 1231 2561 scimus
1257 2519 1453 2577 patrem
1480 2518 1527 2562 et
1554 2512 1805 2565 matrem?

212 2612 262 2656 ct
292 2602 477 2671 fratres
503 2603 612 2672 ejus
638 2584 827 2655 'nonne
865 2602 1003 2669 apud
1035 2619 1128 2655 nos
1155 2612 1270 2656 sunt
1300 2603 1319 2671 (
1362 2601 1550 2658 Matth.
1599 2604 1684 2657 15.
1711 2604 1799 2659 55.

214 2695 323 2753 56;
364 2693 528 2749 Marc.
558 2694 611 2749 6.
641 2694 696 2764 '5)
716 2695 739 2747 ?
763 2694 1152 2763 ignobilitatem
1180 2695 1392 2764 generis
1418 2695 1800 2763 vituperantes,

213 2795 499 2858 pr0pterea
543 2788 713 2856 ipsum
757 2786 822 2840 ad
866 2787 1140 2856 signorum
1188 2787 1603 2841 ostentationem
1634 2801 1796 2841 voca-

211 2881 344 2934 bant
373 2896 386 2932 :
421 2879 541 2933 ideo
573 2880 715 2948 ipsos
752 2878 990 2948 depellit,
1012 2880 1197 2933 volens
1220 2878 1287 2931 ab
1317 2878 1418 2948 hac
1450 2879 1613 2932 animi
1642 2880 1802 2948 aegri-

213 2893 344 2934 bant
373 2896 386 2932 :
421 2893 541 2933 meo
574 2894 715 2948 ipsos
752 2893 990 2948 uepetnt,
1012 2893 1197 2933 v0tens
1220 2893 1287 2931 an
1317 2893 1381 2931 na
1450 2894 1613 2932 anum
1642 2894 1799 2948 zeng-

213 2974 396 3027 tudine
421 2973 647 3027 liberare
677 2990 689 3025 :
715 2972 803 3042 qui
834 2972 876 3025 si
898 2980 1119 3025 matrem
1150 2985 1344 3039 negare
1370 2893 1644 3029 éilttisset,
1674 2979 1799 3025 tunc

213 3075 479 3135 negasset,
503 3080 623 3118 cum
651 3064 702 3118 id
723 3064 817 3133 ipsi
834 3062 1003 3118 Judaei
1031 3063 1316 3132 opprobrio
1339 3072 1621 3119 verterent.
1649 3064 1801 3121 Nunc

210 3168 394 3213 autem
424 3167 622 3212 tantam
658 3158 775 3226 ejus
814 3173 996 3212 curam
1042 3157 1277 3221 exhibet,
1308 3160 1370 3212 ut
1403 3174 1520 3213 eam
1554 3160 1603 3214 in
1636 3175 1797 3215 cruce

211 3250 500 3319 discipulo,
533 3265 689 3318 quem
715 3250 945 3303 maxime
972 3250 1209 3302 omnium
1239 3250 1507 3320 diligebat,
1527 3265 1799 3306 commen~

208 3342 383 3401 daret.
416 3356 768 3410 magnamque
788 3340 905 3409 ejus
943 3340 1356 3393 sollicitudinem
1397 3341 1694 3395 exhiberet.
1728 3342 1799 3395 At

209 3447 356 3485 nunc
383 3446 488 3485 non
521 3431 768 3485 similiter
799 3430 941 3495 facit,
969 3440 1023 3483 ut
1056 3430 1131 3484 illi
1152 3440 1205 3484 et
1233 3430 1486 3485 fratribus
1515 3433 1624 3485 suis
1650 3441 1797 3487 recte

204 3525 541 3579 consuleret.
566 3523 697 3591 Quia
721 3523 864 3577 enim
898 3523 1042 3576 illum
1073 3523 1274 3577 nudum
1307 3522 1576 3577 hominem
1606 3539 1799 3579 cense-

206 3616 359 3678 bant,
404 3626 564 3685 atque
600 3616 744 3669 inani
786 3615 952 3685 gloria
1003 3615 1317 3685 agebantur,
1349 3616 1597 3669 morbum
1646 3616 1795 3671 illum

204 3711 451 3781 depellit,
481 3726 587 3763 non
616 3710 681 3764 ad
700 3709 1100 3775 contumeliam,
1130 3709 1224 3764 sed
1242 3709 1307 3763 ad
1338 3710 1791 3765 emendationem.

205 3803 285 3856 'l‘u
315 3816 446 3856 vero
477 3815 541 3854 ne
567 3802 727 3855 verba
761 3801 849 3854 illa
882 3809 1082 3854 tantum
1114 3800 1432 3870 perpendas,
1461 3817 1580 3869 qtltB
1615 3802 1799 3855 mode-

208 3902 383 3948 ratam
405 3892 682 3947 contiuent
708 3891 1125 3960 increpationem
1147 3934 1161 3956 ,
1196 3892 1289 3945 sed
1317 3893 1477 3946 etiam
1530 3894 1794 3961 importu-

204 3985 432 4037 nitatem
463 3983 846 4053 audaciamque
877 3981 1120 4048 fratrum,
1146 3998 1208 4037 ac
1239 3984 1357 4048 quis
1384 3984 1453 4037 sit
1488 3983 1576 4037 ille
1599 3985 1686 4053 qni
1716 3984 1795 4037 in-

204 4085 393 4143 crepat
424 4092 436 4127 :
464 4092 566 4128 non
593 4056 734 4129 enim
781 4075 955 4129 nudus
997 4075 1176 4138 homo,
1215 4075 1307 4129 sed
1346 4077 1649 4146 unigenitus
1701 4078 1793 4132 Dei

206 4166 407 4231 Filius;
437 4175 491 4221 et
531 4166 657 4235 quid
682 4166 869 4221 volens
909 4167 1265 4236 increpaverit
1297 4184 1309 4220 :
1343 4184 1448 4222 non
1478 4168 1619 4223 enim
1650 4177 1704 4222 ut
1734 4169 1796 4223 il-

205 4260 314 4314 lam
348 4260 401 4313 in
438 4259 655 4314 dubium
682 4259 972 4328 conjiceret
998 4300 1014 4323 ,
1041 4259 1133 4313 sed
1164 4268 1220 4313 ut
1247 4274 1273 4313 a
1304 4262 1579 4331 tyrannico
1607 4262 1795 4315 morbo

208 4351 491 4415 liberaret,
538 4366 601 4405 ac
630 4352 883 4420 paulatim
919 4351 1190 4405 induceret
1223 4351 1288 4405 ad
1316 4363 1699 4420 congruentem
1728 4353 1795 4407 de

206 4457 267 4497 se
296 4443 630 4511 Opinionem,
661 4442 1018 4511 suaderetqne
1051 4443 1172 4512 ipsi,
1202 4458 1261 4497 se
1289 4458 1393 4497 non
1433 4444 1593 4498 modo
1629 4444 1792 4498 filium

204 4535 375 4604 ipsius
402 4550 557 4600 esse,
604 4535 698 4590 sed
745 4534 903 4589 etiam
935 4535 1249 4599 Dominum;
1279 4535 1588 4605 videbisque
1618 4537 1795 4590 incre-

204 4627 478 4694 pationem
509 4626 795 4680 admodum
838 4637 891 4681 et
932 4626 1029 4680 sibi
1061 4636 1473 4695 congruentem,
1543 4637 1595 4682 et
1640 4628 1793 4682 matri

204 4720 393 4774 utilem
425 4760 439 4781 ,
494 4720 756 4789 simulque
802 4720 956 4773 valde
1012 4730 1371 4776 mansuetam.
1421 4720 1604 4789 Neque
1652 4722 1793 4778 enim

203 4812 360 4875 dixit,
391 4811 510 4874 Abi,
530 4811 615 4865 dic
644 4811 821 4875 matri,
856 4811 998 4864 illam
1030 4827 1200 4865 meam
1235 4826 1339 4865 non
1364 4826 1485 4866 esse
1521 4820 1745 4866 matrem
1775 4827 1789 4875 ;

203 4903 301 4957 sed
332 4903 573 4972 loquenti
618 4903 906 4972 respondet
949 4903 1031 4957 bis
1078 4903 1257 4957 verbis
1298 4921 1310 4957 :
1356 4902 1486 4968 Qua:
1529 4915 1601 4957 est
1639 4915 1798 4958 mater

203 4994 369 5047 mea?
416 5008 537 5047 cum
566 5008 725 5061 supra
756 4994 913 5048 dictis
951 4994 1093 5048 aliud
1142 4997 1301 5049 etiam
1348 4994 1607 5049 efficiens.
1639 4996 1796 5063 Quid-

207 5101 333 5139 nam
385 5085 559 5139 illud?
600 5084 669 5141 Ut
698 5101 870 5154 neque
917 5086 1011 5148 illi,
1045 5101 1217 5154 neque
1244 5087 1331 5140 alii
1362 5130 1375 5152 ,
1403 5088 1703 5157 cognationi
1733 5088 1794 5142 fi-

205 5177 418 5241 dentes,
446 5177 697 5231 virtutem
750 5177 1095 5247 negligerent.
1131 5177 1263 5231 Nam
1293 5178 1337 5231 si
1369 5178 1509 5231 illam
1543 5178 1671 5231 nihil
1697 5178 1786 5249 ju-

207 5270 368 5324 vabat
392 5268 533 5339 quod
560 5280 731 5325 mater
755 5278 917 5335 esset,
947 5270 1048 5324 nisi
1080 5278 1223 5324 esset
1250 5270 1428 5324 virtuti
1459 5269 1794 5337 addicta,vix

206 5374 273 5414 ac
314 5376 383 5414 ne
411 5361 496 5414 vix
522 5360 739 5430 quidem
769 5361 903 5415 alius
934 5362 1141 5416 ratione
1186 5362 1520 5430 cognationis
1567 5363 1793 5417 salutem

207 5463 587 5525 consequetur.
633 5454 755 5510 Sola
805 5455 1002 5524 quippe
1045 5454 1297 5508 nobilitas
1343 5464 1427 5509 est
1471 5456 1795 5510 voluntatem

213 5548 310 5603 Dei
338 5547 535 5603 facere.
564 5547 658 5602 ilic
703 5548 993 5602 nobilitatis
1031 5547 1219 5601 modus
1246 5548 1431 5601 melior
1456 5557 1508 5603 et
1540 5560 1796 5618 pra-stan-

210 5641 318 5693 tior
346 5648 430 5694 est
465 5641 575 5693 illo.

279 5731 332 5788 2,
393 5730 636 5804 Cogitatio
689 5734 928 5804 spiritalis
969 5751 1067 5805 qua
1120 5736 1300 5789 virtute
1351 5734 1574 5806 prwditis
1625 5735 1794 5805 affines

1246 275 1311 331 IN
1350 274 1755 330 MATTHASUM
1797 275 2022 332 HOMIL.
2067 277 2247 333 XLIV.
2290 282 2360 335 al.
2402 280 2560 337 XLV.

3411 288 3517 343 M36

1939 407 2131 456 sumus,
2161 394 2269 445 sola
2300 394 2440 448 nobis
2480 397 2700 455 prodest.
2749 396 2912 451 Maria
2930 401 3051 467 jure
3093 401 3235 454 beata
3265 402 3511 471 prwdica-

1937 491 2039 535 tur.
2084 513 2154 529 -ρ
2200 484 2325 539 limo
2353 501 2484 557 ergo
2506 503 2628 541 cum
2657 490 2891 544 sciamus
2913 530 2926 553 ,
2953 506 3052 545 nec
3076 493 3143 547 de
3166 492 3289 547 ﬁliis
3314 495 3509 549 virtute

1933 575 2092 629 claris
2133 576 2301 631 altum
2354 578 2624 647 snpiamus
2650 620 2663 642 ,
2699 581 2796 634 nisi
2837 581 3023 635 eadem
3074 598 3173 652 qua
3211 584 3284 637 illi
3319 585 3511 640 virtute

1934 669 2137 736 praediti
2177 672 2380 736 simus;
2415 688 2589 741 neque
2618 674 2684 728 de
2708 676 2986 744 generosis
3028 677 3313 746 probisque
3343 676 3507 746 patri-

1931 760 2049 824 bus,
2085 764 2183 816 nisi
2228 765 2434 819 similes
2476 766 2579 819 illis
2608 768 2885 821 fuerimus.
2919 768 3099 822 Potest
3134 769 3275 824 enim
3320 770 3432 823 fieri
3456 778 3509 822 ut

1929 853 2017 921 qui
2064 854 2280 922 genuit,
2317 868 2466 924 pater
2505 873 2610 911 non
2660 860 2748 924 sit,
2778 868 2832 912 et
2859 860 2945 929 qui
2990 874 3095 914 non
3127 861 3329 931 genuit,
3359 870 3510 930 pater

1928 943 2018 997 sit.
2060 944 2397 1016 Quapropter
2437 948 2561 1002 alibi
2609 964 2728 1003 cum
2777 951 2971 1004 mulier
2990 952 3233 1020 quaedam
3266 952 3505 1006 diceret:

1927 1033 2112 1089 Beatus
2133 1047 2298 1091 venter
2323 1040 2409 1106 qui
2435 1050 2481 1092 te
2508 1042 2741 1107 portavit,
2771 1050 2818 1094 et
2844 1042 2995 1095 ubera
3016 1058 3129 1111 quae
3156 1043 3336 1097 suxisti
3355 1041 3505 1113 (Luc.

1927 1130 2015 1184 Η.
2042 1129 2110 1183 27
2129 1130 2183 1200 );
2214 1147 2319 1185 non
2351 1132 2627 1202 respondit
2658 1134 2766 1198 ille,
2790 1133 2978 1187 Nullus
3006 1150 3091 1189 me
3116 1143 3301 1189 venter
3323 1142 3505 1203 porta-

1928 1221 2043 1289 vit,
2079 1222 2219 1276 nulla
2250 1224 2367 1277 suxi
2408 1224 2567 1279 ubera
2594 1242 2608 1289 ;
2640 1226 2754 1291 sed,
2784 1226 3075 1290 Quinimmo
3095 1268 3108 1288 ,
3141 1227 3269 1278 beati
3296 1225 3382 1294 qui
3421 1227 3505 1295 fa-

1924 1313 2062 1365 ciunt
2102 1314 2407 1368 voluntatem
2435 1314 2601 1370 Patris
2623 1318 2717 1370 mei
2740 1315 2900 1383 (Ibid.
2936 1332 2981 1369 υ.
3011 1317 3137 1386 28).
3167 1315 3505 1383 Viden‘quo-

1920 1405 2083 1459 modo
2100 1420 2205 1460 non
2231 1408 2432 1475 uSpiam
2457 1417 2611 1477 neget
2633 1410 2925 1463 naturalem
2951 1410 3085 1463 hanc
3107 1411 3499 1480 cognationem;

1920 1496 2013 1551 sed
2047 1497 2205 1551 addat
2236 1499 2378 1552 illam
2420 1499 2731 1553 affinitatem
2754 1542 2767 1566 ,
2794 1517 2911 1569 qua:
2942 1500 3229 1555 secundmn
3249 1502 3498 1555 virtutem

1919 1589 2034 1642 est?
2077 1588 2384 1643 Prmcursor
2409 1606 2617 1659 quoque
2646 1607 2764 1645 cum
2811 1592 2970 1656 dicit,
3006 1592 3268 1647 Genimina
3298 1592 3498 1661 vipera-

1918 1697 2029 1731 rum
2054 1721 2069 1745 ,
2118 1697 2181 1733 ne
2212 1682 2477 1734 videamini
2504 1682 2697 1747 dicere,
2730 1682 2937 1737 Patrem
2976 1684 3215 1737 habemus
3244 1682 3498 1736 Abraham

1922 1771 2132 1840 (Matth.
2162 1776 2213 1829 5.
2235 1776 2384 1843 7.9),
2416 1790 2520 1829 non
2543 1777 2773 1830 declarat
2804 1792 2896 1831 eos
2927 1795 3031 1831 non
3060 1793 3178 1833 esse
3206 1775 3497 1831 secundum

1917 1875 2161 1919 naturam
2193 1883 2257 1921 ex
2289 1867 2592 1921 Abrahamo
2622 1878 2792 1933 ortos,
2818 1869 2911 1923 sed
2943 1870 3075 1923 nihil
3103 1870 3209 1923 illis
3240 1867 3498 1938 prodesse

1915 1957 2054 2025 quod
2087 1974 2150 2012 ex
2185 1958 2490 2013 Abrahamo
2528 1961 2635 2013 sint
2661 1961 2797 2025 orti,
2833 1961 2933 2015 nisi
2967 1962 3125 2016 etiam
3170 1976 3380 2015 morum
3406 1974 3499 2015 co—

1914 2052 2220 2115 gnationem
2264 2051 2519 2105 baberent
2565 2067 2577 2103 :
2624 2051 2763 2121 quod
2806 2052 2965 2106 etiam
2997 2051 3239 2106 Christus
3265 2050 3498 2104 declarat

1916 2141 1998 2194 bis
2030 2141 2204 2196 verbis
2229 2160 2243 2196 :
2291 2142 2352 2196 Si
2379 2143 2473 2209 lilii
2502 2142 2719 2199 Abrahae
2747 2144 2935 2206 essetis,
2968 2159 3119 2212 Opera
3148 2142 3316 2210 utique
3337 2142 3498 2194 Abra-

1914 2233 1994 2286 hae
2033 2236 2263 2304 faceretis
2316 2235 2333 2305 (
2376 2232 2535 2289 Joan.
2583 2236 2633 2289 8.
2693 2235 2762 2289 39
2823 2238 2839 2301 )
2877 2252 2890 2286 :
2931 2250 3033 2287 non
3079 2249 3172 2287 eos
3212 2248 3241 2286 a
3296 2230 3497 2287 carnali

1911 2329 2227 2394 cognatione
2256 2341 2555 2388 removens.
2589 2327 2681 2381 sed
2705 2326 2901 2381 docens
2930 2327 3087 2380 aliam
3113 2326 3211 2381 bac
3240 2326 3494 2396 majorem

1912 2433 1974 2472 ac
2016 2419 2278 2472 veriorem
2310 2433 2430 2474 esse
2473 2420 2838 2484 qurerendam.
2883 2419 2995 2474 Hoc
3036 2420 3194 2474 etiam
3236 2419 3322 2473 hic
3348 2418 3491 2479 facit.

1911 2509 2005 2562 sed
2035 2509 2363 2563 moderatius
2393 2520 2446 2564 et
2484 2510 2658 2564 lenius
2684 2524 2698 2563 :
2729 2526 2851 2563 nam
2885 2510 2952 2564 de
2982 2519 3156 2564 matre
3182 2526 3276 2564 sua
3316 2526 3494 2564 sermo

1912 2599 2221 2653 habebatur.
2247 2599 2426 2669 Neque
2454 2601 2596 2654 enim
2627 2601 2777 2663 dixit,
2800 2600 2913 2655 Non
2936 2611 3017 2655 est
3044 2611 3212 2655 mater
3238 2616 3374 2665 mea,
3400 2615 3493 2654 ne-

1908 2705 2011 2759 que
2064 2691 2135 2745 illi
2188 2691 2379 2745 fratres
2422 2701 2586 2755 sunt,
2620 2694 2741 2761 quia
2775 2708 2877 2747 nou
2922 2692 3124 2745 faciunt
3166 2693 3490 2745 voluntatem

1908 2796 2117 2844 meam;
2144 2797 2317 2852 neque
2338 2783 2655 2837 sententiam
2686 2782 2803 2836 tulit
2827 2782 2912 2836 vel
2936 2782 3314 2837 condemnavit
3346 2797 3359 2833 :
3395 2782 3488 2837 sed

1906 2872 1959 2926 in
1981 2872 2201 2928 arbitrio
2229 2873 2464 2941 ipsorum
2491 2874 2707 2942 reliquit
2727 2883 2785 2927 ut
2812 2873 2862 2927 id
2894 2872 3110 2936 vellent,
3130 2873 3352 2941 loquens
3370 2887 3489 2926 cum

1906 2964 2313 3018 mansuetudine
2356 2964 2455 3018 sibi
2502 2964 2813 3033 congruenti
2860 2964 2989 3019 :50.
3031 2963 3128 3028 Qui
3166 2964 3297 3017 enim
3326 2964 3487 3035 facit,

1906 3056 2407 3128 inquit,voluntatem
2432 3056 2601 3112 Patris
2627 3059 2842 3125 mei,illc
2871 3074 3008 3111 meus
3034 3060 3191 3128 frater
3216 3069 3262 3111 et
3281 3076 3426 3113 soror
3443 3068 3492 3112 et

1905 3158 2063 3203 mater
2090 3159 2181 3204 est.
2212 3150 2386 3217 Quare
2412 3150 2454 3203 si
2487 3149 2565 3204 sic
2612 3150 2769 3205 etiam
2794 3165 2912 3205 esse
2930 3150 3133 3214 volunt,
3158 3149 3293 3204 hanc
3313 3153 3491 3204 ineant

1904 3246 2061 3297 viam.
2110 3244 2323 3298 Etcum
2365 3245 2612 3298 clamavit
2650 3245 2841 3298 mulier
2869 3244 3073 3309 dicens,
3114 3242 3300 3298 Beatus
3326 3254 3493 3299 venter

1903 3335 1991 3402 qui
2034 3344 2080 3387 te
2120 3337 2357 3404 portavit,
2400 3351 2505 3388 non
2537 3335 2691 3397 dixit,
2723 3335 2837 3388 Non
2869 3345 2950 3389 est
2983 3347 3156 3390 mater
3184 3351 3335 3400 mea;
3366 3336 3485 3401 sed,

1902 3426 1955 3480 Si
1986 3424 2101 3479 vult
2127 3441 2245 3479 esse
2272 3426 2447 3492 beata,
2477 3428 2804 3481 voluntatem
2830 3427 3003 3481 Patris
3024 3430 3125 3482 mei
3150 3428 3323 3483 faciat.
3357 3429 3487 3483 Nam

1903 3517 1994 3587 qui
2024 3518 2145 3573 talis
2176 3532 2275 3579 ρετ,
2308 3528 2363 3570 et
2402 3518 2563 3571 frater
2584 3559 2597 3581 ,
2622 3528 2675 3573 et
2701 3533 2876 3585 soror,
2908 3527 2962 3573 et
2987 3529 3157 3573 mater
3180 3528 3280 3573 est.
3308 3519 3486 3588 Papze,

1902 3618 2156 3679 quantum
2180 3608 2400 3663 honoris
2430 3609 2443 3663 l
2478 3625 2652 3679 papm,
2681 3620 2874 3680 quanta
2902 3620 2981 3665 est
3009 3612 3199 3666 virtus!
3230 3612 3295 3665 ad
3317 3627 3487 3681 quan-

1904 3709 2013 3755 tutn
2042 3701 2251 3755 culmen
2291 3717 2351 3756 se
2380 3702 2662 3757 adeuntem
2694 3704 2883 3771 erigit!
2923 3715 3051 3774 quot
3083 3705 3337 3759 mulieres
3362 3706 3489 3760 bea-

1905 3802 2010 3847 tam
2038 3794 2294 3848 dixerunt
2319 3805 2559 3850 sanctam
2599 3796 2742 3849 illam
2781 3796 3045 3865 Virginem
3070 3838 3082 3860 ,
3113 3798 3336 3866 ejusque
3376 3808 3489 3852 ute-

1903 3904 2041 3953 rum,
2070 3897 2121 3941 et
2152 3896 2401 3955 optarunt
2428 3889 2560 3941 tales
2594 3901 2715 3942 esse
2744 3898 2941 3942 matres
2969 3930 2984 3953 ,
3015 3897 3314 3958 caeteraque
3352 3889 3487 3959 abji-

1901 3996 2025 4036 cere
2054 3984 2067 4035 !
2100 3981 2236 4047 Quid
2273 3996 2401 4050 ergo
2436 3980 2735 4050 prohibet?
2792 3980 2929 4035 Ecce
2977 3982 3136 4034 latam
3169 3981 3306 4035 viam
3336 3981 3489 4034 nobis

1902 4076 2171 4145 aperit,et
2196 4076 2321 4129 licet
2359 4090 2463 4128 non
2496 4076 2807 4129 mulieribus
2833 4076 3015 4140 modo,
3047 4076 3141 4130 sed
3171 4076 3330 4129 etiam
3363 4076 3489 4129 viris

1904 4168 1956 4221 in
1988 4167 2077 4221 tali
2100 4167 2261 4221 locari
2286 4166 2510 4232 ordine;
2540 4167 2646 4220 imo
2677 4176 2731 4221 et
2762 4167 2813 4220 in
2843 4167 2996 4236 longe
3024 4167 3233 4233 majori.
3270 4166 3320 4219 Id
3343 4167 3485 4221 enim

1906 4260 2065 4329 longe
2099 4260 2268 4325 magis
2308 4268 2533 4312 matrem
2584 4257 2742 4322 facit,
2788 4273 2947 4326 quam
2995 4268 3193 4326 partus.
3235 4258 3413 4327 Itaque
3442 4259 3486 4313 si

1906 4351 2116 4403 beatum
2145 4359 2229 4404 est
2257 4350 2404 4413 illud,
2435 4350 2604 4403 multo
2633 4350 2804 4418 majus
2849 4358 2904 4403 et
2932 4350 3110 4402 verius
3156 4348 3275 4413 hoc,
3304 4359 3488 4418 utpote

1903 4444 2212 4512 Optabilius.
2254 4442 2331 4497 Ne
2375 4444 2541 4512 igitur
2583 4444 2756 4496 solum
2785 4443 3082 4506 desideres,
3110 4441 3204 4496 sed
3235 4451 3289 4497 et
3316 4443 3483 4503 viam,

1903 4552 2021 4605 qum
2044 4545 2095 4588 te
2124 4535 2189 4588 ad
2214 4550 2325 4589 rem
2346 4535 2701 4590 desideratam
2722 4535 3122 4603 tlucit,capeSse
3148 4549 3266 4588 eum
3295 4549 3488 4603 magno

1911 4628 2107 4681 studio.
2138 4627 2261 4681 "(eo
2286 4643 2414 4697 ergo
2439 4644 2557 4681 cum
2593 4627 2815 4681 dixisset
2835 4627 2996 4681 exivit
3029 4625 3097 4679 de
3123 4626 3301 4679 domo.
3333 4626 3485 4680 Vidi-

1903 4723 2025 4775 stin’
2047 4722 2316 4792 quomodo
2343 4733 2395 4777 et
2426 4722 2737 4791 increpavit,
2772 4730 2824 4773 et
2856 4720 2982 4773 feeit
3007 4720 3057 4774 id
3097 4721 3235 4789 quod
3276 4720 3486 4775 deside-

1904 4815 2135 4869 rabant?
2168 4814 2321 4880 Quod
2350 4813 2510 4868 etiam
2543 4813 2594 4866 in
2625 4814 2819 4882 nuptiis
2846 4812 2971 4866 fecit
2992 4811 3181 4881 (Joan.
3209 4811 3263 4864 2.
3298 4813 3351 4865 3.
3380 4811 3414 4863 4
3445 4813 3484 4879 ).

1904 4906 2033 4960 Nam
2058 4917 2111 4960 et
2134 4906 2243 4960 illic
2272 4906 2564 4973 increpavit
2595 4904 2971 4972 intempestive
3000 4912 3292 4972 petentem,
3315 4918 3486 4971 neque

1906 5008 2080 5053 tamen
2115 4998 2438 5068 postulatum
2463 4999 2711 5067 negavit;
2746 5007 2853 5050 tum
2897 5006 2953 5050 ut
2983 4995 3339 5051 imbecillitati
3368 5011 3485 5049 me.~

1904 5092 2153 5148 deretur.
2184 5101 2291 5145 tum
2325 5100 2379 5143 ut
2416 5107 2565 5145 suam
2611 5107 2736 5160 erga
2789 5100 3009 5144 matrem
3058 5088 3483 5143 benevolentiam

1904 5186 2202 5239 exhiberet.
2246 5185 2334 5239 Sic
2364 5194 2418 5239 et
2446 5185 2544 5238 hoc
2568 5184 2685 5238 loco
2709 5184 2879 5237 inanis
2904 5182 3088 5252 gloriae
3117 5181 3360 5234 morbum
3395 5196 3480 5235 sa-

1911 5280 2094 5343 navit,
2124 5289 2178 5332 et
2207 5277 2442 5331 debitum
2473 5277 2629 5330 matri
2661 5276 2917 5328 honorem
2951 5274 3212 5343 praestitit,
3242 5274 3367 5328 licet
3395 5274 3483 5329 illa

1906 5371 2256 5437 inopportuna
2280 5377 2501 5437 peteret.
2536 5368 2552 5437 (
2583 5366 2709 5435 Cap.
2741 5367 2854 5421 Xlll
2886 5365 2905 5438 )
2936 5368 2984 5421 l.
3014 5365 3080 5419 In
3110 5367 3199 5420 illo
3220 5366 3303 5419 die
3325 5408 3338 5430 ,
3373 5368 3484 5432 ait,

1905 5463 2070 5515 exiens
2094 5459 2131 5512 Ι
2134 5477 2246 5514 esus
2271 5476 2297 5513 e
2320 5460 2489 5524 domo,
2515 5458 2714 5512 sedebat
2738 5475 2878 5511 secus
2904 5474 3059 5512 mare.
3083 5456 3213 5511 Nam
3244 5457 3287 5511 si
3306 5457 3485 5522 vultis,

1907 5552 2098 5620 inquit,
2131 5550 2314 5604 videre
2333 5558 2386 5603 et
2412 5550 2619 5610 audire,
2651 5548 2759 5618 jam
2785 5564 2920 5603 exeo
2944 5557 3002 5601 ut
3035 5548 3318 5602 disseram.
3352 5546 3483 5612 Quia

1904 5645 2045 5698 enim
2082 5643 2229 5712 signa
2277 5642 2440 5695 multa
2472 5640 2730 5706 faciebat,
2760 5654 2944 5693 rursus
2971 5656 3033 5694 ex
3084 5638 3320 5693 doctrina
3364 5652 3483 5706 pro-

1907 5734 2049 5792 dest.
2080 5735 2147 5791 Et
2180 5734 2375 5791 sedens
2396 5747 2554 5790 secus
2576 5747 2744 5801 mare,
2778 5740 3022 5789 terrenos
3047 5730 3289 5786 homines
3316 5730 3487 5799 pisca-
