3908 6198
460 282 563 338 467

461 402 636 454 batur.
660 394 814 453 Sedit
843 409 974 451 vero
1000 406 1158 451 secus
1185 406 1354 456 mare,
1384 405 1491 446 non
1516 389 1634 445 sine
1660 401 1840 444 causa.
1864 387 2040 455 Atque

456 491 563 546 hoc
599 490 770 559 ipsum
803 486 1149 543 subindicans
1193 483 1370 554 posuit
1401 480 1747 552 evangelista.
1792 477 1862 534 Ut
1899 476 2042 533 enim

455 578 862 644 ostenderel,se
879 585 1127 633 accurate
1156 575 1292 631 velle
1324 575 1592 628 theatrum
1614 582 1963 640 congregare,
1980 580 2041 623 se

454 671 560 728 hoc
602 672 707 726 situ
755 671 974 740 posuit,
1005 678 1066 724 ut
1100 669 1371 725 neminem
1415 681 1447 720 a
1475 665 1639 720 dorso
1677 663 1923 728 haberet,
1945 659 2041 716 sed

452 779 646 820 omnes
667 763 732 819 ad
748 778 809 819 se
836 776 1154 818 conversos.
1182 761 1237 815 2.
1260 759 1324 813 Et
1345 764 1663 829 congregata:
1686 762 1824 818 sunt,
1849 751 2037 822 inquit,

452 856 522 909 ad
567 872 681 909 eum
727 855 887 909 turba:
928 854 1144 918 mutue;
1189 852 1261 905 ita
1290 859 1345 903 ut
1373 850 1425 903 in
1453 848 1740 902 nauiculam
1767 845 2041 899 ascendens

453 947 678 1011 sederet;
701 956 747 1000 et
776 945 939 1000 omnis
961 945 1105 998 turba
1128 944 1181 997 in
1203 942 1347 996 litore
1374 939 1556 993 stabat.
1585 937 1659 994 lbi
1672 952 1800 994 vero
1823 936 2038 1001 sedens,

455 1053 553 1107 per
576 1037 860 1106 parabolas
885 1036 1139 1106 loquitur.
1170 1035 1223 1089 5.
1249 1031 1320 1086 Et
1342 1032 1580 1101 loquutus
1600 1037 1670 1084 est
1703 1029 1776 1082 eis
1799 1069 1814 1093 ,
1846 1027 2037 1097 inquit,

452 1130 613 1184 multa
634 1131 688 1184 in
705 1127 1159 1199 parabolis.Atqui
1189 1126 1239 1180 in
1270 1134 1454 1181 monte
1482 1139 1586 1177 non
1606 1123 1677 1176 ita
1695 1120 1839 1187 fecit,
1869 1135 2041 1190 neque

453 1235 550 1289 per
582 1229 659 1275 tot
685 1220 967 1290 parabolas
1010 1232 1317 1273 sermonem
1367 1214 1680 1271 contexuit:
1713 1222 1835 1267 tunc
1871 1210 2040 1265 turbae

450 1313 626 1368 solum
672 1320 845 1376 erant,
872 1322 925 1367 et
958 1310 1108 1380 plebs
1141 1308 1322 1372 rudis;
1372 1307 1458 1361 hic
1502 1320 1630 1360 vero
1661 1312 1719 1358 et
1757 1300 1947 1358 scriba:
1985 1308 2040 1355 et

451 1403 734 1461 Pharisaei.
762 1403 841 1457 Tu
869 1417 996 1457 vero
1036 1400 1167 1454 mihi
1197 1397 1565 1454 animadverte
1612 1410 1772 1466 quam
1812 1393 2037 1464 primam

454 1505 619 1565 ponat
647 1495 979 1561 parabolam,
1010 1503 1066 1548 et
1090 1492 1361 1563 quomodo
1387 1491 1510 1545 illas
1532 1489 1814 1543 Matthzens
1835 1502 1930 1557 per
1949 1501 2039 1541 or-

447 1588 628 1642 dinem
672 1597 854 1659 ponat.
903 1586 1075 1653 Quam
1104 1600 1233 1656 ergo
1255 1584 1481 1654 primam
1512 1581 1683 1636 dicit?
1709 1580 1879 1645 Quam
1920 1594 2038 1633 ma-

447 1683 592 1737 xime
623 1684 847 1751 primam
876 1680 1055 1737 dicere
1076 1677 1385 1749 Oportebat,
1431 1691 1549 1746 qua:
1578 1674 1877 1730 auditorem
1924 1671 2038 1728 red-

447 1773 540 1827 dat
559 1773 929 1827 attentiorem.
972 1771 1105 1825 Nam
1127 1771 1249 1840 quia
1278 1767 1619 1839 aznigmatice
1649 1764 2038 1835 praedicaturus

455 1875 592 1929 erat,
620 1866 923 1921 auditorum
947 1866 1184 1920 animum
1218 1862 1389 1933 primo
1418 1876 1515 1931 per
1553 1858 1862 1929 parabolam
1888 1856 2038 1912 exci—

448 1968 544 2015 tat.
576 1960 701 2015 ldeo
738 1959 874 2013 alter
909 1957 1237 2027 evangelista
1282 1954 1395 2020 ait,
1428 1953 1510 2009 sic
1542 1952 1851 2022 increpasse
1878 1949 1999 2004 illos
2019 1990 2043 2023 ,η

452 2050 599 2122 quod
631 2065 737 2105 non
782 2048 1145 2118 intelligerent
1172 2062 1186 2099 :
1220 2045 1487 2114 Quomodo
1514 2060 1617 2098 non
1644 2043 1800 2097 nostis
1828 2040 2039 2112 parabo-

449 2143 555 2196 lam
587 2142 606 2213 (
635 2141 803 2197 Marc.
826 2141 879 2195 4.
906 2142 973 2195 l5
1006 2140 1065 2209 )?
1093 2138 1202 2193 Nec
1227 2137 1348 2193 ideo
1373 2137 1547 2191 solum
1575 2136 1628 2191 in
1659 2134 1927 2204 parabolis
1952 2133 2035 2189 lo-

448 2234 654 2303 quitur,
688 2232 781 2288 sed
810 2241 866 2287 ut
893 2232 1096 2301 majore
1125 2245 1245 2285 cum
1277 2228 1519 2299 emphasi
1547 2229 1708 2284 verba
1737 2228 1955 2294 faceret,
1982 2235 2036 2281 et

449 2325 620 2395 magis
648 2324 922 2380 memoria:
940 2323 1294 2393 imprimeret,
1316 2335 1508 2392 resque
1532 2321 1632 2376 sub
1651 2328 1923 2390 aspectum
1943 2334 2035 2390 po-

445 2427 618 2474 neret.
650 2417 743 2473 Sic
764 2425 818 2472 et
844 2417 1115 2487 prophetae
1145 2413 1368 2469 faciunt.

513 2510 567 2565 ὅ.
596 2507 825 2563 Christus
846 2507 1097 2576 quomodo
1113 2506 1329 2560 exiit.—
1350 2504 1478 2572 Qua:
1497 2512 1579 2559 est
1598 2519 1726 2574 ergo
1741 2503 1992 2574 parobola
2011 2503 2033 2557 ?

442 2599 576 2655 Ecce
598 2600 719 2654 exiit
760 2599 845 2670 qui
868 2599 1079 2653 seminat
1104 2597 1373 2651 seminare.
1400 2595 1549 2651 Unde
1572 2598 1701 2650 estit
1725 2596 1815 2665 qui
1838 2596 2033 2666 ubique

442 2704 683 2761 praisens
712 2701 812 2754 est,
836 2689 927 2760 qui
957 2690 1136 2744 omnia
1166 2688 1387 2759 implet?
1414 2687 1683 2756 quomodo
1715 2688 1886 2743 exiit?
1914 2687 2028 2742 Non

442 2784 583 2851 loco,
610 2784 704 2839 sed
731 2784 916 2839 habitu
945 2791 1001 2838 et
1027 2781 1428 2852 dispensatione
1463 2795 1565 2850 qua
1596 2791 1775 2835 nostra
1804 2782 2027 2845 curavit,

442 2879 663 2950 propior
699 2878 855 2933 nobis
893 2876 1062 2932 factus
1089 2878 1160 2932 ob
1211 2876 1463 2930 amictum
1493 2875 1690 2929 carnis.
1718 2875 1847 2941 Quia
1886 2873 2028 2929 enim

441 2987 539 3027 nos
567 2971 770 3042 ingredi
803 2986 908 3025 non
932 2979 1275 3040 poteramus,
1303 2968 1442 3039 quod
1475 2976 1687 3037 peccata
1719 2976 1898 3022 nostra
1927 2983 2029 3021 no-

439 3064 523 3119 bis
545 3063 748 3119 aditum
787 3061 1223 3126 intercluderent,
1249 3060 1364 3130 ipse
1390 3060 1455 3114 ad
1498 3074 1597 3114 nos
1635 3058 1923 3129 egreditur.
1961 3058 2029 3113 Et

438 3172 533 3211 cur
559 3170 809 3226 egressus
833 3155 958 3210 est?
989 3164 1047 3209 ut
1072 3154 1324 3224 perderet
1346 3162 1541 3209 terram
1564 3153 1746 3223 spinis
1776 3154 2028 3223 plenam?

438 3249 506 3304 ad
532 3248 828 3319 puniendos
867 3249 1171 3319 agricolas?
1213 3247 1590 3319 Nequaquam;
1634 3248 1727 3303 sed
1768 3247 1835 3303 ad
1861 3263 2027 3304 esco-

436 3340 648 3407 lendam
676 3339 1071 3410 curandumque
1101 3349 1321 3405 terram,
1347 3348 1402 3394 et
1419 3338 1484 3393 ad
1515 3339 1882 3419 seminandum
1915 3341 2028 3409 pie-

434 3431 558 3486 tatis
584 3442 911 3486 sermonem.
959 3429 1155 3493 Semen
1193 3429 1389 3501 quippe
1418 3429 1507 3484 hic
1533 3429 1828 3485 doctrinam
1859 3430 2021 3495 dicit;

434 3536 619 3576 arvum
635 3536 782 3588 vero,
808 3520 1080 3577 hominum
1098 3521 1325 3584 animas;
1346 3521 1743 3587 seminatorem,
1764 3521 2019 3592 seipsum.

433 3612 570 3679 Quid
612 3613 770 3683 igitur
795 3611 856 3668 fit
892 3612 961 3668 de
986 3612 1089 3667 hoc
1126 3612 1369 3668 semine?
1390 3612 1526 3668 Tres
1554 3624 1779 3682 pereunt
1820 3622 2018 3685 partes,

433 3717 538 3759 una
565 3712 828 3758 servatur.
851 3703 904 3758 4.
935 3695 1003 3756 Et
1031 3703 1153 3756 dum
1182 3704 1469 3769 seminaret,
1492 3704 1618 3769 alia,
1658 3705 1848 3773 inquit,
1888 3707 2022 3759 ceci-

432 3795 553 3849 dere
578 3811 718 3849 secus
747 3795 896 3855 uiam,
928 3802 975 3847 et
998 3804 1233 3848 venerunt
1254 3795 1481 3848 uolucres
1509 3795 1642 3861 cceli,
1692 3806 1737 3849 et
1786 3797 2023 3851 comede-

432 3897 551 3941 runt
571 3903 650 3941 ea.
670 3885 852 3956 Neque
872 3886 1031 3952 dixit,
1061 3901 1122 3941 se
1143 3886 1358 3956 jecisse,
1378 3887 1476 3942 sed
1522 3887 1782 3942 cecidisse
1809 3904 2017 3944 semen.

433 3977 489 4033 5.
517 3977 762 4045 Qucedam
782 3994 897 4031 vero
920 3994 1073 4048 super
1097 3987 1316 4048 petrosa,
1340 3979 1423 4033 ubi
1449 3995 1550 4033 non
1573 3978 1818 4034 habebant
1836 3990 2023 4038 terrant

434 4070 647 4123 multant
669 4084 693 4133 ;
718 4078 767 4124 et
785 4070 1023 4124 continuo
1042 4081 1217 4125 exorta
1245 4080 1383 4138 sunt,
1410 4072 1527 4142 quia
1547 4088 1648 4126 non
1675 4071 1921 4128 habebant
1941 4074 2023 4129 al-

434 4160 695 4215 titudinem
717 4170 881 4215 term.
906 4160 959 4216 6.
984 4160 1109 4216 Sole
1127 4172 1294 4219 autem
1314 4172 1425 4217 orto
1448 4173 1808 4230 testuaverunt,
1836 4174 1881 4219 et
1901 4166 2022 4236 quia

434 4268 535 4306 non
564 4250 807 4307 habebant
830 4252 1071 4318 radicem,
1102 4262 1360 4308 aruerunt.
1385 4255 1439 4309 7.
1465 4255 1713 4322 Quantam
1740 4265 1908 4311 autent
1936 4274 2021 4313 ce-

432 4344 663 4398 ciderunt
687 4344 818 4399 inter
837 4346 1043 4412 spinas;
1074 4355 1120 4400 et
1153 4356 1410 4401 creverunt
1437 4348 1624 4418 spirate,
1666 4358 1713 4402 et
1743 4347 2024 4415 su/focaue-

434 4445 551 4490 runt
580 4452 661 4492 ea.
688 4435 741 4493 8.
772 4436 1020 4504 Quazdam
1067 4454 1181 4493 vero
1209 4440 1263 4493 in
1293 4449 1478 4494 terram
1503 4441 1723 4507 bonum;
1753 4451 1799 4496 et
1832 4443 2023 4497 dabant

435 4529 657 4597 fructum
677 4568 693 4596 ,
725 4530 867 4583 aliud
891 4532 1216 4585 centesimum
1236 4573 1251 4596 ,
1278 4533 1423 4587 aliud
1450 4535 1851 4605 sexagesimum,
1881 4536 2025 4590 aliud

433 4620 767 4691 trigesimum.
785 4620 839 4676 9.
866 4621 967 4689 Qui
987 4623 1135 4677 habet
1155 4640 1303 4677 aures
1319 4625 1580 4691 audiendi,
1606 4627 1802 4681 audiat.
1826 4627 2023 4694 Quarta

435 4725 561 4783 pars
591 4722 803 4768 servata
827 4720 941 4779 est;
973 4730 1148 4784 neque
1178 4715 1266 4768 illa
1294 4716 1591 4786 aequaliter,
1629 4718 1723 4774 sed
1751 4719 1910 4774 etiam
1938 4719 2025 4775 hic

435 4816 688 4872 magnum
720 4801 1004 4859 discrimen
1033 4813 1135 4859 est.
1159 4804 1252 4860 His
1276 4806 1559 4876 signiﬁcat,
1582 4823 1642 4863 se
1672 4808 1873 4864 affatim
1906 4825 2023 4866 om-

435 4893 594 4950 nibus
620 4893 781 4963 loqui.
808 4893 955 4949 Sicut
984 4893 1126 4950 enim
1154 4895 1200 4950 is
1221 4896 1311 4965 qui
1353 4897 1583 4952 seminat
1612 4915 1715 4953 non
1749 4899 2024 4972 distinguit

432 5000 662 5051 arvum,
706 4985 801 5042 sed
849 4987 1160 5056 simpliciter
1209 4996 1263 5043 et
1310 4988 1768 5046 indiscriminatim
1819 4993 2022 5048 semina

434 5078 599 5132 mittit
624 5094 641 5131 :
665 5076 745 5133 sic
769 5084 824 5133 et
849 5077 936 5134 ille
958 5094 1066 5134 non
1095 5077 1345 5145 divitem,
1384 5095 1489 5134 non
1520 5096 1807 5150 pauperem
1837 5083 2024 5139 distin-

433 5169 566 5237 guit,
608 5183 715 5223 non
741 5168 1057 5238 sapientem,
1098 5183 1202 5224 non
1236 5170 1597 5239 insipientem,
1649 5188 1755 5227 non
1783 5188 2020 5244 segnem,

436 5273 543 5313 non
572 5260 893 5326 studiosum,
913 5276 1020 5317 non
1051 5270 1347 5326 strenuum,
1368 5276 1473 5317 non
1505 5261 1769 5331 timidum,
1787 5265 1881 5319 sed
1910 5280 2024 5320 om-

437 5350 596 5405 nibus
648 5351 998 5421 loquebatur,
1038 5369 1157 5423 qua:
1187 5368 1281 5408 sua
1306 5363 1460 5409 erant
1501 5354 1765 5423 implens,
1814 5356 2025 5411 etiamsi

434 5442 615 5497 futura
652 5446 960 5513 prresciret:
996 5454 1054 5499 ut
1090 5445 1270 5501 dicere
1298 5455 1518 5515 posset:
1553 5446 1688 5511 Quid
1713 5464 1791 5502 me
1805 5450 2025 5518 oportuit

438 5538 605 5606 facere
629 5574 645 5599 ,
676 5544 724 5588 et
758 5551 859 5589 non
898 5537 994 5607 feci
1018 5534 1170 5608 (Isai.
1198 5538 1252 5592 5.
1287 5537 1378 5607 4)?
1405 5538 1472 5593 Et
1497 5538 1771 5608 propheta:
1810 5540 2022 5609 quidem

437 5623 509 5679 de
535 5623 732 5694 populo
755 5626 904 5695 quasi
933 5627 1001 5682 de
1044 5628 1197 5682 vinea
1227 5628 1513 5700 loquuntur
1540 5649 1553 5684 :
1595 5631 1753 5687 Vinea
1781 5634 1924 5688 enim
1945 5636 2024 5703 fa-

441 5727 524 5774 cta
551 5725 626 5774 cst
666 5714 850 5775 dilecto
877 5716 1063 5791 (Ibid.)
1086 5760 1101 5787 ,
1132 5719 1330 5791 inquit;
1363 5732 1438 5791 et,
1469 5720 1681 5785 Vineam
1700 5724 1764 5779 de
1791 5723 2024 5796 ﬂgypto

1206 272 1263 329 S.
1294 269 1573 329 JOANMS
1612 265 2088 328 CIIRYSOSTOMI
2126 265 2443 323 ARCHIEP.
2483 266 3018 325 CONSTANTINOP.

3639 273 3734 329 468

2152 384 2407 439 transtulit
2438 382 2621 457 (Psal.
2647 384 2737 441 79.
2768 384 2861 457 9);
2889 385 2983 442 ille
3020 400 3150 442 vero
3196 387 3348 458 quasi
3390 387 3461 445 de
3509 390 3733 449 semine.

2149 476 2287 545 Quid
2316 485 2493 533 autem
2517 477 2820 548 significat?
2844 479 3152 550 Promptam
3178 496 3321 537 nunc
3348 482 3462 537 fore
3486 483 3731 539 obedien-

2152 570 2296 635 tiam,
2326 579 2381 626 et
2404 569 2719 639 faciliorem,
2742 580 2797 627 et
2815 571 2923 627 cito
2948 570 3174 628 fructum
3203 573 3468 629 daturam.
3492 574 3628 629 Cum
3649 591 3735 630 au-

2150 670 2256 718 tem
2285 662 2439 717 audis
2470 680 2483 717 :
2516 662 2655 717 Exiit
2683 664 2767 734 qui
2789 664 3001 719 seminat
3024 666 3296 733 seminare,
3336 680 3445 720 non
3473 665 3614 721 idem
3637 667 3734 723 ite-

2148 754 2254 810 rari
2278 762 2452 825 putes.
2483 754 2639 826 Stepe
2660 756 2803 811 enim
2830 755 2921 825 qui
2939 756 3169 813 seminat
3186 756 3461 828 egreditur
3488 756 3555 811 ad
3585 758 3733 812 aliam

2148 862 2285 912 rem,
2319 848 2402 903 vel
2440 856 2499 903 ut
2527 848 2745 903 novales
2765 849 2958 913 sulcet,
2998 848 3082 905 vel
3117 859 3177 904 ut
3202 851 3370 905 malas
3400 850 3611 924 plantas
3653 866 3733 904 re-

2147 948 2313 1004 secet,
2344 938 2425 994 vel
2475 947 2533 993 nt
2575 940 2756 1009 spinas
2801 939 3017 1005 evellet,
3071 942 3156 996 vel
3208 940 3349 995 aliud
3389 940 3515 1010 quid
3569 941 3734 997 simile

2147 1029 2347 1085 efﬁciat
2374 1048 2389 1083 :
2419 1030 2535 1099 ipse
2571 1045 2704 1086 vero
2728 1030 2793 1086 ad
2820 1031 3188 1086 seminandum
3221 1045 3471 1101 egressus
3496 1041 3599 1086 est.

2217 1123 2400 1177 Semen
2417 1122 2547 1192 perit
2564 1131 2755 1187 nostra,
2777 1138 2878 1177 non
2897 1124 3190 1177 seminantis
3212 1124 3570 1194 culpa.Quarc
3594 1123 3733 1178 Chri-

2143 1224 2250 1269 stus
2291 1216 2560 1286 allegorice
2600 1217 2735 1270 male
2758 1215 3032 1285 dispositas
3060 1218 3256 1270 animas
3294 1215 3734 1286 designauit.—

2148 1304 2445 1373 Undenam,
2477 1320 2659 1375 quieso
2681 1348 2696 1373 ,
2736 1306 2930 1361 factum
2952 1315 3055 1373 est,
3086 1317 3145 1360 ut
3170 1307 3401 1361 maxima
3430 1321 3555 1377 pars
3575 1309 3733 1362 semi-

2147 1398 2230 1452 nis
2272 1398 2510 1467 periret?
2538 1398 2651 1455 Non
2681 1414 2745 1453 ex
2773 1400 3072 1455 scminante
3105 1399 3158 1454 id
3179 1410 3353 1455 ortum
3384 1408 3501 1465 est,
3528 1400 3624 1455 sed
3668 1417 3732 1455 ex

2145 1498 2282 1544 terra
2308 1504 2493 1545 semen
2519 1489 2848 1561 excipiente;
2882 1490 2934 1545 id
2961 1501 3062 1558 est,
3083 1505 3149 1546 ex
3175 1491 3351 1547 anima
3377 1508 3483 1547 non
3510 1494 3730 1549 audien-

2145 1589 2216 1634 te.
2246 1581 2312 1635 Et
2336 1597 2437 1652 qua
2458 1582 2526 1637 de
2553 1597 2711 1638 causa
2742 1597 2846 1637 non
2869 1583 3017 1649 dicit,
3038 1584 3238 1641 inertes
3266 1585 3366 1640 alia
3394 1589 3600 1642 semina
3617 1604 3734 1643 sus-

2142 1673 2386 1741 cepisse,
2421 1688 2592 1743 eaque
2630 1674 2962 1745 perdidisse;
2990 1676 3094 1730 alia
3136 1676 3351 1740 divites,
3382 1687 3437 1733 et
3463 1693 3526 1733 ea
3571 1679 3731 1736 sudo—

2142 1781 2327 1832 casse;
2355 1767 2460 1822 alia
2502 1768 2716 1834 molles,
2761 1784 2931 1839 eaque
2958 1769 3291 1840 prodidisse?
3318 1771 3435 1826 Non
3483 1773 3599 1828 vult
3638 1789 3731 1830 eos

2143 1857 2512 1915 vehementius
2536 1860 2803 1926 insectari,
2836 1876 2905 1915 ne
2933 1861 2988 1915 in
3014 1861 3439 1932 desperationem
3460 1866 3727 1936 conjiciat,

2142 1949 2234 2007 sed
2262 1951 2390 2006 illud
2408 1952 2738 2023 arguendutn
2760 1950 3063 2008 auditorum
3090 1956 3434 2011 conscientiae
3459 1957 3727 2029 relinquit.

2140 2042 2254 2097 Non
2285 2052 2464 2097 autem
2488 2058 2672 2099 semen
2701 2053 2906 2100 tantum
2936 2044 3039 2101 hoc
3068 2060 3282 2115 passum
3308 2058 3411 2114 est,
3432 2048 3529 2103 sed
3570 2050 3727 2104 etiam

2140 2152 2357 2207 sagcna.
2383 2136 2513 2193 Nam
2536 2146 2590 2192 et
2633 2138 2720 2192 illa
2752 2138 2954 2193 inutilia
3000 2139 3167 2194 multa
3205 2140 3339 2195 tulit.
3373 2140 3522 2195 Hanc
3571 2157 3729 2212 porro

2140 2228 2451 2298 parabolam
2472 2227 2633 2295 dixit,
2666 2238 2722 2283 ttt
2747 2229 3039 2300 discipulos
3063 2240 3341 2287 exerceret
3370 2232 3691 2303 doceretque
3709 2276 3724 2297 ,

2140 2328 2198 2374 ut
2224 2321 2267 2373 si
2298 2320 2435 2375 inter
2465 2335 2560 2376 eos
2603 2321 2692 2391 qui
2722 2337 2904 2378 semen
2950 2323 3268 2392 reciperent,
3300 2324 3481 2394 plures
3505 2335 3725 2390 essent,

2136 2413 2224 2481 qui
2249 2412 2378 2466 illud
2428 2412 2731 2481 perderent,
2762 2429 2830 2469 ne
2877 2414 3057 2469 animo
3093 2415 3458 2472 conciderent.
3511 2416 3645 2471 Nam
3674 2427 3729 2473 et

2137 2505 2363 2559 Domino
2390 2505 2439 2560 id
2469 2506 2698 2571 accidit;
2743 2516 2800 2564 et
2825 2508 2914 2575 qui
2967 2508 3124 2578 plane
3152 2519 3394 2578 noverat,
3442 2511 3556 2567 haec
3605 2527 3727 2568 esse

2136 2596 2329 2664 futura,
2353 2598 2617 2653 seminare
2648 2614 2753 2655 non
2803 2598 3028 2656 destitit.
3062 2602 3128 2656 Et
3160 2618 3260 2673 qua
3303 2603 3371 2658 de
3408 2619 3591 2669 causa,
3639 2606 3723 2660 itt-

2135 2687 2308 2758 quies,
2349 2689 2401 2743 in
2430 2690 2599 2759 spinis
2627 2691 2895 2748 seminare
2918 2733 2933 2756 ,
2966 2707 3125 2762 supra
3159 2705 3383 2763 petram,
3428 2697 3482 2750 in
3511 2698 3637 2751 via?
3667 2697 3722 2753 In

2134 2780 2450 2847 seminibus,
2484 2791 2539 2837 et
2569 2780 2620 2837 in
2669 2792 2834 2849 terra,
2876 2785 3015 2838 nulla
3044 2795 3189 2842 esset
3218 2787 3354 2841 ratio
3386 2805 3399 2840 :
3433 2788 3487 2842 in
3516 2790 3726 2845 anima-

2133 2872 2233 2927 bus
2260 2881 2438 2927 autem
2465 2883 2521 2928 et
2547 2874 2597 2928 in
2627 2873 2864 2931 doctrina
2881 2917 2896 2942 ,
2926 2877 2977 2932 id
3004 2893 3345 2948 summopere
3373 2880 3719 2939 laudandum.

2132 2963 2376 3033 Agricola
2405 2960 2549 3019 enﬁh
2575 2965 2697 3034 jure
2721 2968 3027 3037 culparetur
3052 2969 3096 3024 si
3146 2968 3199 3025 id
3229 2969 3465 3027 faceret:
3492 2989 3598 3028 non
3628 2990 3722 3044 po-

2136 3061 2238 3109 test
2261 3054 2403 3108 enim
2432 3064 2579 3124 petra
2613 3056 2728 3111 fieri
2767 3066 2931 3125 terra,
2961 3074 3134 3129 neque
3173 3062 3255 3116 via
3309 3077 3413 3117 non
3445 3079 3567 3119 esse
3594 3066 3678 3120 via
3701 3108 3719 3135 ,

2132 3160 2306 3215 neque
2334 3156 2556 3216 possunt
2586 3147 2754 3217 spinae
2778 3163 2884 3203 non
2905 3163 3024 3205 esse
3042 3152 3210 3220 Spinae
3239 3169 3252 3205 :
3284 3153 3334 3206 in
3370 3154 3721 3214 rationalibus

2131 3248 2309 3294 autem
2357 3253 2463 3295 non
2498 3241 2576 3296 sic
2608 3258 2621 3294 :
2656 3251 2834 3311 potest
2856 3244 2997 3298 enim
3030 3255 3179 3314 petra
3202 3248 3394 3301 mutari
3418 3248 3719 3307 infertilem

2132 3340 2350 3397 terram,
2381 3334 2570 3403 viaque
2599 3349 2704 3388 non
2728 3335 2863 3389 ultra
2887 3336 3190 3392 conculcari
3213 3338 3281 3394 ab
3307 3342 3558 3397 omnibus
3579 3359 3718 3412 prte-

2132 3423 2484 3489 tereuntibus,
2515 3440 2739 3496 esseque
2765 3428 2976 3497 pinguis
3004 3444 3167 3500 ager;
3191 3432 3467 3502 spinaeque
3497 3445 3721 3504 possunt

2128 3517 2283 3573 evelli
2309 3558 2324 3583 ,
2352 3519 2421 3573 ita
2452 3529 2509 3573 ut
2523 3521 2725 3575 semina
2754 3521 2819 3575 iis
2842 3521 3059 3578 liberata
3082 3521 3421 3581 fructiﬁceut.
3437 3526 3553 3583 Nisi
3575 3530 3717 3584 enim

2128 3608 2180 3663 id
2208 3619 2388 3680 posset
2414 3609 2552 3677 fieri,
2585 3626 2688 3665 non
2714 3613 3033 3669 setninasset
3060 3614 3170 3670 ille.
3203 3615 3354 3686 Quod
3388 3620 3431 3674 si
3461 3618 3579 3675 ικεο
3603 3637 3722 3678 mu-

2128 3702 2258 3757 tatio
2301 3702 2353 3757 in
2399 3702 2648 3758 omnibus
2676 3703 2808 3759 facta
2848 3720 2953 3761 non
2979 3706 3069 3773 sit,
3100 3706 3153 3762 id
3183 3724 3287 3763 non
3312 3724 3380 3764 ex
3407 3712 3718 3768 sentinaute

2130 3793 2409 3861 provenit,
2438 3792 2534 3848 sed
2553 3810 2620 3849 es
2648 3794 2714 3849 iis
2740 3795 2828 3865 qui
2861 3798 3051 3852 mutari
3101 3799 3406 3857 noluerunt.
3460 3802 3595 3858 Nam
3627 3805 3718 3860 ille

2126 3881 2343 3951 quidem
2367 3898 2488 3953 quae
2534 3884 2701 3953 ipsius
2727 3895 2880 3940 erant
2905 3886 3083 3943 eﬂ'ecit
3108 3907 3122 3942 :
3151 3890 3195 3945 si
3219 3906 3349 3946 vero
3381 3892 3456 3947 illi
3482 3910 3602 3963 qua:
3625 3910 3716 3951 ac-

2127 3982 2384 4042 ceperant
2429 3974 2496 4029 ab
2537 3990 2603 4031 eo
2648 3977 3027 4046 prodiderunt,
3057 3981 3172 4037 sine
3197 3982 3349 4052 culpa
3393 3985 3484 4039 ille
3506 3997 3592 4042 est
3626 3989 3717 4058 qui

2130 4072 2331 4119 tantam
2377 4064 2754 4136 benignitatem
2802 4069 3065 4125 exhibuit.
3119 4069 3362 4129 Tu'vero
3401 4077 3531 4133 illud
3582 4081 3715 4135 mihi

2128 4155 2418 4225 perpende,
2446 4173 2551 4213 non
2574 4174 2733 4212 unam
2749 4175 2870 4215 esse
2893 4164 3150 4233 perniciei
3174 4166 3333 4229 viam,
3354 4169 3448 4223 sed
3476 4170 3717 4229 diversas

2128 4261 2249 4302 esse
2278 4247 2515 4319 aliasque
2544 4251 2611 4304 ab
2637 4250 2757 4305 aliis
2779 4251 3013 4307 dissitas.
3042 4255 3145 4309 Alii
3174 4274 3402 4329 namque
3438 4262 3537 4317 via:
3571 4265 3717 4321 simi-

2128 4343 2208 4395 les
2226 4349 2371 4406 sunt,
2405 4351 2462 4395 ut
2486 4342 2747 4409 forenses,
2789 4358 2982 4414 segnes
3010 4359 3065 4403 et
3093 4350 3452 4421 negligentes;
3495 4354 3585 4409 alii

2130 4439 2265 4486 Iram
2294 4430 2609 4498 referentes,
2652 4434 2976 4492 infirmiores
3000 4449 3145 4492 sunt.
3183 4438 3273 4494 2L
3308 4440 3458 4506 Quod
3495 4445 3549 4498 in
3578 4456 3719 4515 petra

2127 4522 2402 4577 seminatur
2428 4539 2617 4589 semen,
2644 4525 2832 4596 inquit,
2865 4528 3015 4596 refert
3036 4528 3182 4584 illum
3203 4530 3289 4601 qui
3316 4533 3518 4587 verbum
3552 4538 3715 4601 audit,

2128 4626 2173 4670 et
2197 4617 2366 4669 statim
2387 4632 2500 4669 cum
2526 4617 2712 4686 gaudio
2736 4620 2947 4689 accipit;
2977 4620 3067 4678 2|.
3090 4624 3179 4676 sed
3198 4639 3298 4679 non
3325 4626 3469 4681 habet
3494 4631 3721 4685 radicem

2128 4707 2183 4785 in
2206 4707 2389 4778 seipse,
2416 4716 2461 4759 et
2490 4707 2560 4759 ad
2580 4718 2776 4779 tempus
2803 4720 2998 4765 tantum
3015 4714 3240 4769 consistit
3265 4732 3283 4770 :
3312 4717 3402 4771 sed
3424 4719 3722 4774 adveniente

2130 4806 2335 4867 propter
2358 4797 2561 4852 verbum
2580 4800 2887 4870 calamitate,
2915 4802 2993 4857 vel
3020 4809 3419 4877 perscquutione,
3441 4813 3616 4867 statim
3640 4819 3725 4886 of-

2136 4885 2421 4953 fendit.l9.
2442 4890 2572 4945 Cum
2590 4908 2707 4945 vero
2719 4894 2836 4962 quis
2855 4896 3005 4949 audit
3021 4899 3230 4954 verbum
3246 4902 3484 4955 ueritatis
3506 4905 3599 4966 ‘,et
3616 4922 3721 4957 non

2128 4978 2399 5050 intelligit,
2443 4981 2575 5034 venit
2605 4981 2880 5052 malignus,
2922 4986 3125 5055 etrapit
3160 4986 3214 5039 id
3255 4990 3391 5056 quod
3417 4992 3724 5047 seminatunt

2130 5079 2236 5124 erat
2270 5072 2326 5124 in
2349 5072 2503 5126 corde
2528 5072 2705 5143 ipsius.
2740 5073 2853 5128 Hoc
2875 5084 2947 5130 est
2967 5093 3134 5132 semen
3157 5081 3313 5150 juxta
3334 5083 3466 5137 viam
3496 5087 3722 5155 jactum.

2128 5163 2244 5218 Non
2287 5174 2370 5219 est
2396 5175 2573 5220 autem
2604 5168 2828 5236 aequale,
2869 5170 3084 5226 nemine
3135 5184 3379 5242 vexante,
3418 5178 3507 5232 vel
3556 5183 3723 5236 mole»

2129 5255 2286 5310 stiant
2314 5254 2594 5320 inlerente,
2624 5256 2920 5314 doctrinam
2942 5262 3224 5329 exsiccari,
3252 5276 3306 5320 et
3336 5267 3574 5325 instante
3605 5282 3723 5326 ten-

2132 5347 2333 5403 tatione
2364 5347 2592 5417 idipsum
2640 5347 2756 5410 fieri
2787 5365 2801 5402 :
2836 5352 2924 5420 qui
2952 5367 3080 5408 vero
3109 5355 3278 5425 spinis
3307 5357 3511 5414 similes
3556 5373 3684 5417 sinit
3705 5405 3722 5429 ,

2133 5440 2313 5494 minus
2343 5439 2425 5495 his
2446 5448 2571 5495 sunt
2598 5441 2754 5497 venia
2775 5441 2943 5514 digni.

2194 5535 2248 5588 4.
2290 5533 2369 5589 Ne
2386 5533 2543 5605 igitur
2563 5549 2748 5590 eorum
2770 5536 3038 5609 quidpiam
3062 5540 3345 5612 patiamur,
3381 5543 3495 5601 luce
3516 5546 3722 5603 sentina

2200 5737 2217 5767 ί
2253 5734 2360 5797 Alii,
2385 5735 2579 5795 verbum
2606 5740 2773 5811 regni,
