3908 6198
205 277 302 334 £69

206 390 567 460 magnitudine
592 389 754 444 animi
781 398 836 444 et
863 389 1109 444 diuturna
1151 386 1408 441 memoria
1447 385 1777 454 obtegamus.

208 483 428 537 Etiamsi
457 482 598 536 enim
622 482 792 552 rapiat
816 481 1092 545 diabolus,
1110 480 1163 534 in
1190 479 1344 534 nobis
1369 489 1452 532 est
1480 492 1549 532 ne
1577 477 1786 546 rapian-

210 585 293 629 tur
322 593 333 627 :
367 574 510 644 quod
553 575 598 629 si
625 575 830 630 semina
856 575 1140 638 siccentur,
1197 585 1306 627 non
1335 571 1387 626 id
1413 571 1480 626 ab
1505 580 1639 624 aastu
1671 566 1786 623 effl-

207 667 363 720 citur.
414 666 529 720 Non
575 667 720 720 enim
761 665 928 731 dixit,
975 665 1100 719 Haec
1130 671 1348 733 propter
1381 670 1568 718 aestum
1610 661 1787 716 exsic-

208 769 326 813 cata
363 766 510 823 sunt,
528 757 643 823 sed,
689 758 841 825 Quod
870 757 1090 811 radicem
1113 772 1214 810 non
1240 754 1506 810 habebant.
1538 754 1606 809 Et.
1627 755 1670 806 si
1698 753 1786 808 illa

209 851 596 919 priefocantur,
628 864 736 904 non
777 865 808 904 a
833 850 1034 920 spinis,
1083 850 1176 905 sed
1226 849 1295 903 ab
1325 848 1389 903 iis
1419 848 1509 917 qui
1557 847 1653 901 has
1673 861 1792 901 ere-

209 962 360 1003 scere
400 948 656 1002 siverunt.
685 946 835 1000 Licet
880 946 1020 1000 enim
1042 984 1058 1010 ,
1104 945 1146 1000 si
1186 943 1435 1008 volueris,
1466 944 1564 997 hoc
1592 941 1788 996 malum

209 1052 428 1107 germen
456 1037 733 1107 impedire,
759 1050 822 1091 ac
846 1035 1065 1099 divitiis,
1106 1043 1164 1090 ut
1205 1035 1378 1100 decet,
1407 1036 1502 1089 uti.
1538 1035 1662 1088 Ideo
1685 1049 1789 1087 non

209 1132 362 1196 dixit,
395 1130 682 1193 Surculum,
714 1129 830 1195 sed,
857 1129 1162 1183 Sollicitudo
1185 1129 1396 1192 swculi;
1424 1143 1616 1196 neque,
1651 1127 1795 1180 Divi-

211 1222 320 1283 tiai,
349 1220 468 1285 sed,
494 1219 726 1274 Fallacia
750 1220 1038 1273 divitiarum
1063 1219 1380 1287 (Name-15.
1398 1218 1513 1290 22).
1537 1217 1612 1272 Ne
1637 1218 1795 1286 igitur

214 1327 301 1366 res
323 1315 472 1381 ipsas
487 1311 783 1381 culpamus,
816 1311 910 1367 sed
930 1321 1236 1382 corruptam
1264 1312 1614 1366 voluntatem.
1647 1309 1796 1364 Licet

212 1405 354 1459 enim
389 1405 606 1458 divitem
639 1418 778 1467 esse,
803 1411 857 1458 et
883 1417 988 1459 non
1020 1403 1194 1473 decipi
1225 1419 1237 1456 :
1272 1405 1325 1458 in
1353 1402 1456 1458 hoc
1479 1416 1597 1458 esse
1621 1416 1792 1457 smcu—

213 1497 284 1559 lo,
319 1504 373 1549 et
402 1495 853 1550 sollicitudinibus
875 1510 979 1550 non
1026 1495 1320 1565 praefocari.
1351 1495 1465 1549 Duo
1493 1495 1686 1565 quippe
1713 1495 1794 1547 vi-

215 1589 281 1639 tia
314 1587 454 1640 inter
476 1602 534 1642 se
565 1588 807 1657 opposita
838 1588 890 1641 in
909 1587 1110 1642 divitiis
1131 1595 1288 1653 sunt;
1311 1587 1473 1652 aliud,
1504 1587 1641 1657 quod
1671 1597 1795 1641 crus

215 1679 321 1732 eiat
351 1688 406 1732 et
430 1678 674 1743 oll'uscat,
703 1687 786 1734 est
814 1677 1142 1744 sollicitudo;
1172 1679 1334 1746 aliud,
1363 1679 1502 1750 quod
1529 1680 1798 1734 molliores

217 1768 412 1831 reddit,
443 1779 567 1824 sunt
591 1769 814 1824 deliciae.
845 1770 1010 1825 Recte
1039 1780 1214 1824 autem
1237 1760 1388 1838 dixit,
1413 1769 1645 1824 Fallacia
1673 1771 1798 1824 divi-

217 1860 422 1913 tiarum.
447 1859 637 1914 Omnia
659 1860 920 1929 quippein
945 1861 1140 1915 divitiis
1169 1862 1366 1916 fallacia
1397 1870 1553 1916 sunt:
1586 1862 1797 1916 nomina

216 1953 416 2022 quippe
457 1959 626 2018 sunt,
677 1967 782 2007 non
831 1953 883 2008 in
914 1952 1072 2010 rebus
1117 1956 1238 2010 sita.
1283 1956 1492 2010 Etenim
1537 1958 1796 2026 voluptas,

218 2044 406 2111 gloria,
432 2043 839 2112 pulchritudinis
856 2044 1109 2106 studium,
1135 2046 1431 2116 similiaque
1452 2048 1649 2110 omnia,
1680 2061 1800 2114 spc-

221 2136 330 2189 cies
357 2134 598 2204 quzcdam
626 2145 681 2190 ct
713 2136 986 2203 phantasia
1034 2147 1178 2200 stitit,
1228 2154 1333 2192 non
1372 2155 1548 2192 rerum
1579 2140 1797 2194 veritas.

219 2227 355 2280 Cum
401 2241 528 2296 ergo
576 2228 830 2294 perniciei
876 2228 1063 2282 modos
1091 2229 1346 2294 dixisset,
1394 2230 1609 2285 demum
1655 2231 1801 2300 ponit

223 2328 422 2372 terram
452 2317 662 2383 bonam,
691 2334 799 2372 non
828 2319 1114 2386 desperare
1140 2321 1340 2384 sinens,
1371 2321 1463 2374 sed
1492 2335 1639 2389 spem
1671 2321 1804 2375 (laus

222 2409 572 2477 pmnitentiai,
596 2408 990 2478 ostendensque
1007 2425 1165 2478 posse
1182 2426 1210 2464 a
1233 2410 1550 2479 supradictis
1574 2411 1639 2464 ad
1663 2411 1801 2465 illam

222 2501 505 2555 transitum
539 2501 671 2556 fieri.
709 2487 882 2571 'Atqui
927 2501 972 2556 si
1005 2515 1143 2555 terra
1197 2501 1333 2556 bona
1373 2512 1532 2557 estet
1575 2504 1804 2571 agricola

225 2609 386 2657 unus,
415 2593 724 2662 seminaque
757 2592 966 2657 eadem,
991 2609 1085 2647 cur
1105 2593 1247 2648 aliud
1269 2603 1505 2657 centum,
1533 2594 1675 2647 aliud
1716 2609 1802 2649 se~

228 2687 443 2756 xaginta
467 2728 480 2749 ,
510 2685 652 2740 aliud
685 2686 895 2756 triginta
927 2686 1083 2740 tulit?
1110 2686 1204 2741 llic
1229 2702 1414 2741 rursus
1435 2703 1498 2742 ex
1530 2696 1685 2742 terra:
1715 2704 1805 2741 na-

226 2788 345 2831 tura
376 2777 660 2831 discrimen
691 2794 702 2828 :
735 2793 854 2830 nam
900 2777 986 2831 ubi
1016 2778 1154 2832 bona
1199 2787 1336 2832 terra
1365 2787 1447 2832 est
1468 2819 1481 2841 ,
1529 2779 1692 2832 multa
1738 2779 1804 2832 ibi

223 2868 546 2922 differentia.
576 2867 737 2922 Vides
768 2884 871 2922 non
902 2868 1187 2938 agricolam
1217 2884 1334 2923 esse
1364 2884 1608 2934 causam,
1639 2884 1808 2936 neque

225 2961 432 3015 semina
460 3001 472 3024 ,
503 2959 598 3012 scd
630 2968 824 3014 terram
855 2960 1240 3029 excipientem,
1289 2976 1459 3027 neque
1488 2976 1551 3012 ex
1598 2969 1806 3020 natura,

228 3051 323 3105 sed
364 3066 426 3104 ex
460 3052 729 3105 voluntate
749 3051 1035 3106 discrimen
1066 3053 1292 3106 censeri.
1326 3052 1419 3106 llic
1445 3063 1622 3106 autem
1651 3053 1809 3104 multa

232 3144 327 3196 [)ci
353 3143 652 3213 benignitas
695 3143 1141 3212 deprehenditur,
1181 3143 1270 3213 qui
1312 3161 1414 3198 non
1443 3160 1601 3198 unam
1651 3145 1813 3214 exigit

229 3238 442 3291 virtutis
463 3252 803 3299 mensuram;
837 3237 931 3290 sed
976 3237 1178 3306 primos
1208 3237 1434 3292 libenter
1471 3238 1695 3306 recipit,
1725 3254 1811 3292 sc-

228 3331 434 3385 eundus
461 3345 564 3384 non
591 3329 752 3398 ejicit,
789 3329 958 3384 tertiis
985 3329 1074 3383 dat
1098 3330 1294 3383 locum.
1322 3329 1444 3383 Ιιωρ
1476 3346 1634 3399 porro
1665 3329 1812 3396 dicit,

230 3438 300 3475 ne
341 3428 526 3489 putent
567 3421 599 3473 ii
644 3421 733 3489 qui
767 3421 936 3490 ipsum
967 3429 1281 3489 sequuntur,
1312 3421 1491 3475 auditu
1525 3417 1815 3490 'exceptam

230 3512 530 3567 doctrinam
556 3510 621 3565 ad
643 3511 864 3566 salutem
894 3527 1013 3566 esse
1036 3513 1183 3566 satis.
1214 3511 1319 3568 Sed
1346 3528 1462 3578 cur,
1493 3514 1682 3583 inquit,
1714 3531 1817 3568 non

231 3615 427 3659 caetera
459 3603 606 3672 ponit
629 3603 776 3669 vitia,
801 3612 858 3657 ut
878 3619 1159 3674 corporum
1188 3606 1696 3674 concupiscentiam,
1730 3623 1821 3660 va-

233 3712 360 3751 nam
406 3695 669 3765 gloriam?
695 3695 824 3750 Cum
853 3695 1047 3750 dixerit
1089 3697 1500 3754 sollicitudinem
1534 3697 1690 3769 hujus
1716 3716 1816 3754 sa:-

233 3788 379 3851 culi,
411 3798 467 3842 et
493 3787 752 3842 fallaciam
778 3787 1099 3854 divitiarum,
1145 3789 1322 3843 omnia
1365 3792 1557 3859 posuit.
1607 3790 1736 3844 Nam
1770 3801 1822 3847 et

235 3897 372 3934 vana
396 3881 560 3950 gloria
590 3891 644 3934 et
687 3890 878 3934 carlcra
907 3881 1085 3935 omnia
1113 3890 1164 3936 et
1192 3881 1348 3950 hujus
1373 3882 1554 3936 smcnli
1584 3892 1740 3950 sunt,
1769 3893 1825 3938 et

235 3975 300 4027 ad
329 3973 632 4027 divitiarum
652 3973 911 4027 fallaciam
934 3972 1109 4028 reduci
1139 3982 1377 4042 possunt;
1396 3975 1621 4044 exempli
1639 3990 1820 4043 causa,

237 4065 505 4133 voluptas,
526 4064 668 4133 gula,
698 4063 914 4128 invidia,
947 4079 1079 4118 vana
1105 4066 1292 4134 gloria,
1317 4076 1370 4120 et
1399 4066 1591 4121 similia
1621 4068 1822 4123 omnia.

238 4156 456 4210 Addidit
506 4164 684 4210 autem
715 4166 768 4210 ct
796 4158 935 4209 viam
975 4167 1027 4210 et
1061 4169 1261 4226 petram
1283 4199 1296 4221 ,
1331 4167 1388 4213 ut
1433 4159 1680 4214 ostendat
1717 4176 1821 4214 non

237 4249 370 4300 satis
407 4264 527 4301 esse
555 4249 597 4300 si
626 4264 653 4300 a
683 4247 1026 4316 pecuniarum
1061 4265 1242 4304 amore
1286 4258 1484 4304 tantum
1531 4266 1628 4306 nos
1666 4267 1825 4321 expe-

235 4340 482 4402 tliatttus;
512 4340 604 4393 sed
633 4350 855 4394 caeteras
875 4357 1084 4410 quoque
1104 4342 1322 4396 virtutes
1338 4343 1664 4399 exercendas
1681 4359 1821 4399 esse.

241 4430 382 4497 Quid
413 4430 555 4484 enim
586 4430 834 4499 prodest,
883 4431 924 4485 si
956 4431 1153 4486 divitiis
1184 4448 1286 4487 non
1314 4435 1515 4500 servis,
1547 4450 1712 4505 esque
1745 4444 1823 4489 ta-

236 4539 366 4577 men
393 4524 612 4592 ignavus
641 4531 694 4578 et
733 4524 948 4578 mollis?
969 4525 1114 4594 quid,
1147 4526 1192 4580 si
1233 4527 1450 4597 ignavus
1481 4544 1584 4582 non
1609 4530 1680 4582 sis
1709 4530 1826 4598 qui-

235 4616 400 4679 dem,
446 4615 541 4669 sed
583 4616 762 4684 segnis
792 4617 857 4670 ad
895 4616 1191 4672 doctrinam
1240 4619 1597 4686 audiendam?
1645 4621 1827 4690 Neque

236 4707 385 4760 enim
411 4706 622 4760 illorum
656 4723 819 4762 unum
847 4709 974 4763 satis
995 4720 1076 4763 est
1096 4710 1160 4762 ad
1186 4710 1444 4775 salutem;
1473 4712 1566 4765 sed
1596 4727 1727 4780 epus
1749 4720 1830 4766 est

241 4799 419 4866 primo
450 4797 700 4852 audiendi
728 4797 1034 4865 sedulitate,
1056 4799 1248 4855 deinde
1269 4801 1378 4871 jugi
1399 4803 1677 4869 memoria,
1707 4803 1828 4858 hinc

238 4891 364 4943 torti
395 4892 594 4955 animo,
625 4889 929 4946 divitiarum
973 4907 1179 4947 necnon
1213 4894 1550 4949 s:ecularium
1591 4897 1825 4950 omnium

243 4993 579 5052 contemptu.
607 4982 729 5039 Ideo
758 4984 898 5040 enim
927 4984 1171 5040 audiendi
1201 4986 1432 5040 studium
1463 4988 1634 5055 primo
1662 4989 1826 5056 ponit,

235 5073 541 5142 deindeque
571 5083 785 5141 cartera,
805 5076 925 5144 quia
949 5075 1049 5130 hoc
1079 5077 1248 5145 primo
1275 5087 1356 5132 est
1377 5092 1508 5146 opus
1539 5079 1828 5151 (Quomodo

239 5169 374 5220 cnim
396 5167 617 5230 credent,
649 5167 748 5220 uisi
773 5169 985 5221 audiant
1021 5167 1194 5240 [Ιῖοιη.
1227 5169 1311 5223 10.
1343 5169 1469 5241 H]?
1497 5180 1554 5225 ut
1582 5185 1680 5226 nos
1700 5187 1830 5241 qun-

240 5277 346 5329 que
398 5259 498 5313 nisi
530 5258 686 5314 dictis
717 5259 1053 5315 attendamus
1081 5302 1093 5324 ,
1144 5276 1247 5315 non
1281 5263 1572 5335 poterimus
1612 5278 1672 5317 ea
1713 5279 1830 5333 qua:

242 5351 451 5421 agenda
504 5360 629 5405 sunt
681 5351 960 5422 ediscere)
995 5369 1008 5406 :
1038 5351 1233 5408 deinde
1277 5354 1435 5408 animi
1469 5354 1828 5410 fortitudinem

243 5444 392 5511 ponit
417 5452 473 5497 et
501 5459 676 5496 rerum
707 5444 1051 5513 praisentium
1076 5455 1460 5515 contemptum.
1485 5446 1610 5500 [ltro
1654 5446 1830 5516 itaque

246 5535 545 5602 audientes,
565 5550 662 5588 nos
679 5535 910 5605 undique
932 5537 1232 5591 muniamus
1255 5555 1266 5588 :
1298 5538 1451 5592 dictis
1472 5539 1827 5604 attendentes,

244 5631 429 5682 fn‘mas
459 5627 730 5684 mittentes
748 5629 974 5696 radices,
1001 5631 1447 5699 saecularibusque
1465 5631 1714 5686 omnibus
1735 5649 1832 5685 nos

246 5720 612 5790 expedientes.
640 5719 694 5776 Si
726 5730 900 5777 autem
926 5721 1024 5776 alia
1050 5721 1260 5791 quidem
1294 5720 1567 5788 faciamus,
1598 5722 1697 5777 alia
1731 5738 1823 5777 nc-

1150 275 1214 330 IN
1247 271 1655 330 MATTHIEUM
1694 268 1920 327 llOMll..
1964 270 2144 327 XLIV.
2188 274 2258 329 al.
2300 273 2458 329 XLV.

3372 282 3474 335 470

1892 383 2169 452 gligamus,
2221 385 2353 441 nihil
2406 384 2560 442 nobis
2586 387 2846 456 conferet,
2874 402 2936 444 ac
2963 389 3006 443 si
3032 403 3138 445 non
3165 389 3305 457 hoc,
3328 406 3478 450 certe

1890 476 2058 530 altero
2084 478 2242 532 modo
2267 478 2575 547 peribimus.
2593 480 2730 548 Quid
2764 481 2906 536 enim
2954 480 3150 547 refert,
3192 495 3368 538 utrum
3408 486 3479 541 ob

1892 570 2105 626 divitias
2126 615 2138 636 ,
2194 580 2372 628 utrum
2418 573 2488 628 ob
2513 573 2793 643 segnitiem
2814 614 2828 638 ,
2857 582 3035 629 utrum
3087 576 3158 629 ob
3199 577 3478 632 mollitiem

1894 680 2106 734 pessum
2159 668 2377 722 camus?
2431 667 2564 723 Nam
2617 670 2848 740 agricola
2889 684 3041 739 aeque
3070 671 3214 741 luget
3262 673 3306 726 si
3345 671 3476 732 hoc.

1894 769 2048 826 teque
2076 758 2120 811 si
2145 758 2236 812 illo
2265 760 2430 813 modo
2449 775 2632 815 semen
2661 760 2867 831 perdat.
2891 761 2969 815 Ne
2996 755 3174 832 itaque
3203 763 3346 832 quod
3368 779 3474 819 non

1894 862 1992 915 per
2016 863 2204 904 omnes
2228 849 2417 904 modos
2445 863 2656 920 pereas,
2688 851 2812 906 hinc
2838 852 3258 908 consolationem
3283 852 3479 908 admit-

1897 949 1999 1006 tas,
2031 941 2130 996 sed'
2152 956 2488 1012 quocumque
2521 943 2734 998 tandem
2775 943 2936 999 modo
2964 959 3174 1014 pereas,
3203 945 3343 1016 lnge.
3365 944 3483 1016 Spi-

1898 1046 1993 1087 nas
2024 1034 2398 1088 comburamus
2425 1076 2438 1098 ,
2469 1051 2588 1105 qua:
2618 1035 2840 1090 verbum
2871 1035 3152 1092 suffocant.
3187 1036 3243 1091 ld
3287 1045 3485 1091 norunt

1897 1123 2107 1190 divites,
2137 1125 2226 1194 qui
2255 1138 2426 1196 neque
2455 1126 2522 1179 ad
2546 1126 2684 1188 lucc,
2704 1140 2878 1197 neque
2906 1128 2972 1182 ad
2996 1127 3100 1182 alia
3141 1137 3264 1182 sunt
3306 1127 3480 1183 utiles.

1899 1213 2050 1271 Servi
2093 1231 2321 1286 namque
2369 1224 2424 1272 et
2451 1218 2644 1287 captivi
2678 1219 3038 1288 voluptatum,
3094 1233 3163 1274 ne
3207 1219 3273 1274 ad
3310 1219 3484 1274 civilia

1900 1307 2112 1377 quidem
2159 1308 2365 1378 negotia
2395 1319 2516 1364 sunt
2549 1310 2738 1375 utiles;
2785 1311 2828 1366 si
2873 1324 2977 1365 non
3025 1311 3091 1366 ad
3140 1311 3267 1376 illa,
3316 1311 3489 1367 multo

1901 1400 2074 1452 minus
2117 1399 2180 1453 ad
2223 1401 2473 1455 cmlestia.
2508 1401 2714 1471 Duplex
2745 1403 2887 1456 enim
2931 1403 3096 1472 pestis
3134 1402 3484 1472 cogitationes

1901 1507 2087 1546 eorum
2120 1492 2360 1558 invadit,
2389 1493 2700 1550 deliciarum
2745 1496 2948 1551 scilicet
2987 1505 3040 1550 et
3069 1495 3439 1550 sollicitudinis
3471 1514 3483 1549 :

1901 1598 2128 1652 quorum
2167 1585 2372 1654 singula
2415 1596 2638 1654 possunt
2683 1587 2933 1657 scapham
2983 1587 3316 1656 demergere.
3355 1586 3486 1640 Cum

1904 1685 2078 1732 autem
2105 1679 2260 1732 ambo
2286 1688 2632 1744 concurrunt,
2656 1680 2828 1750 cogita
2858 1691 3053 1750 quanta
3081 1682 3151 1735 sit
3179 1689 3484 1750 tempestas.

1975 1769 2026 1823 5.
2062 1769 2296 1823 Ciborum
2315 1769 2511 1824 delicio:
2538 1772 2912 1842 redarguuntur
2931 1813 2946 1838 ,
2976 1781 3149 1842 utpote
3191 1770 3492 1841 corporibus

1905 1869 1952 1912 ιιι
1995 1861 2176 1915 animis
2206 1861 2443 1916 exitiosw.
2468 1862 2660 1917 ——Nec
2705 1861 2918 1917 mireris
2956 1864 3000 1917 si
3039 1862 3260 1917 delicias
3307 1860 3488 1931 spinas

1907 1965 2078 2009 vocet.
2111 1955 2190 2009 Tu
2243 1955 2406 2020 enim,
2436 1957 2554 2024 quia
2589 1955 2689 2009 hoc
2711 1955 2840 2010 vitio
2861 1955 3040 2009 ebrius
3069 1969 3147 2019 es,
3171 1954 3222 2008 id
3254 1954 3486 2024 ignoras:

1905 2049 1995 2118 qui
2037 2063 2166 2102 vero
2217 2048 2333 2102 sani
2385 2057 2529 2112 sunt,
2562 2058 2760 2102 norunt
2800 2063 2892 2102 eas
2933 2046 3302 2102 vehementius
3332 2059 3493 2115 quam

1907 2141 2086 2208 spinas
2111 2154 2376 2209 pungere:
2409 2139 2615 2194 delieim
2639 2139 2754 2209 plus
2778 2154 2937 2208 quam
2957 2137 3347 2193 Sollicitudiues
3366 2137 3485 2190 ani-

1908 2245 2048 2284 mam
2071 2228 2414 2295 labefaciunt,
2442 2229 2818 2299 gravioresque
2850 2239 2903 2282 et
2947 2228 3158 2291 corpori
3204 2235 3259 2282 et
3301 2225 3493 2280 animae

1910 2323 2124 2392 pariunt
2150 2322 2385 2377 dolores.
2414 2321 2598 2391 Neque
2621 2321 2762 2374 enim
2797 2320 2915 2390 quis
2943 2320 3014 2373 ita
3036 2319 3304 2373 sauciatur
3327 2317 3492 2382 curis,

1910 2425 1969 2469 ut
1998 2417 2259 2469 satietate.
2315 2415 2538 2481 Quando
2567 2415 2708 2469 enim
2738 2415 2859 2484 quis
2887 2422 2940 2467 et
2980 2427 3171 2467 somno
3215 2411 3452 2481 privatus
3478 2453 3491 2475 ,

1912 2524 1974 2564 ac
2004 2507 2196 2578 capitis
2227 2517 2634 2577 temporumque
2663 2506 2998 2576 aegritudine,
3031 2515 3086 2561 et
3107 2505 3372 2559 viscerum
3396 2503 3506 2557 do-v

1914 2603 2111 2658 loribus
2131 2601 2392 2656 distentus
2422 2599 2601 2664 fuerit,
2626 2600 2795 2669 cogita
2817 2606 2944 2668 quot
2965 2597 3130 2667 spinis
3159 2597 3273 2650 hinc
3290 2597 3497 2665 gravio-

1913 2708 1970 2746 ra
1998 2692 2123 2745 sint.
2155 2692 2232 2745 Ac
2259 2689 2706 2760 quemadmodum
2735 2688 2903 2757 spinae
2924 2702 3259 2757 quacumque
3286 2701 3353 2740 ex
3382 2701 3497 2755 par-

1921 2792 1973 2837 te
2001 2783 2300 2852 eapiantur,
2331 2795 2520 2835 manus
2547 2789 2827 2835 cruentant
2851 2796 2865 2833 :
2895 2779 2974 2833 sic
2997 2787 3052 2834 et
3076 2776 3284 2834 delicia:
3311 2776 3498 2847 pedes,

1916 2890 2126 2940 manus,
2148 2881 2328 2943 caput,
2357 2873 2564 2940 oculos,
2589 2881 2644 2926 et
2669 2871 2847 2926 omnia
2878 2870 3091 2926 demum
3115 2869 3354 2926 membra
3383 2885 3502 2938 pes-

1917 2965 2184 3032 sumdaut,
2227 2965 2438 3035 illasque
2498 2965 2661 3020 arida:
2712 2964 3166 3034 infructuoszeque
3194 2971 3319 3018 sunt
3361 2962 3498 3017 sicut

1919 3058 2108 3127 spinea,
2139 3067 2193 3112 et
2223 3058 2392 3127 magis
2418 3072 2574 3127 quam
2607 3057 2712 3110 illm
2741 3064 2935 3111 nocent
2961 3056 3012 3110 in
3037 3055 3342 3125 praecipuis.
3367 3053 3500 3108 Nam

1919 3159 1972 3204 et
1991 3157 2316 3204 senectutem
2344 3157 2469 3204 ante
2500 3159 2710 3217 tempus
2740 3147 3013 3211 inducunt,
3048 3160 3241 3202 sensus
3265 3145 3503 3215 sopiunt,

1920 3241 2298 3310 cogitationem
2326 3240 2561 3294 tenebris
2587 3238 2868 3293 offundunt
2893 3279 2907 3301 ,
2949 3246 3182 3293 mentem
3229 3245 3386 3291 acute
3430 3237 3506 3290 vi-

1922 3325 2134 3380 dentem
2165 3331 2457 3391 excareant,
2484 3324 2762 3379 flaceidum
2791 3337 2989 3392 corpus
3009 3321 3288 3388 efficiunt,
3340 3321 3507 3391 majo-

1923 3432 2034 3472 rem
2059 3426 2350 3474 stercorum
2380 3417 2585 3485 copiam
2617 3417 2912 3470 recondunt
2937 3456 2950 3479 ,
3011 3413 3147 3469 mala
3175 3421 3468 3484 congerunt
3493 3455 3506 3478 ,

1924 3514 2096 3584 majus
2121 3528 2257 3568 onus
2278 3520 2331 3566 et
2357 3511 2564 3582 pondus
2594 3510 2826 3565 faciunt:
2875 3509 3001 3564 hinc
3022 3508 3323 3578 frequentes
3353 3521 3510 3563 casus

1925 3615 1977 3660 et
2001 3604 2190 3670 ruinae,
2222 3603 2384 3657 multa
2409 3600 2697 3670 naufragia.
2716 3601 2843 3666 Cur,
2871 3614 3075 3670 quzcso,
3103 3613 3298 3668 corpus
3320 3598 3511 3666 impia.

1926 3712 2056 3768 guas
2075 3697 2098 3749 ’ἓ
2129 3698 2212 3750 An
2237 3705 2285 3750 te
2313 3695 2636 3749 immolaturi
2662 3695 2887 3749 sumus?
2913 3708 2980 3748 an
3009 3693 3061 3748 in
3089 3707 3271 3747 mensa
3302 3691 3512 3761 apposi-

1929 3789 2228 3844 turi'.’Aves
2248 3787 2751 3856 rectcimpinguas;
2802 3786 2910 3840 imo
2974 3800 3041 3840 ne
3079 3800 3210 3839 aves
3259 3783 3512 3854 quidem:

1928 3899 2049 3938 cum
2087 3883 2229 3938 enim
2287 3883 2510 3951 pingues
2563 3888 2721 3946 sunt,
2775 3879 2841 3934 ad
2889 3893 3076 3934 sanum
3119 3876 3310 3933 edendi
3361 3891 3519 3931 usum

1929 3985 2052 4030 sunt
2073 3973 2305 4029 inutiles.
2338 3973 2566 4027 Tantum
2600 3971 2800 4026 malum
2851 3978 2934 4026 est
2985 3969 3226 4026 ciborum
3274 3969 3517 4038 voluptas

1930 4069 2116 4133 nimia,
2147 4076 2204 4121 ut
2224 4067 2382 4121 etiam
2413 4066 2462 4118 in
2491 4065 2662 4121 brutis
2687 4063 2988 4134 perniciosa
3021 4062 3110 4117 sit.
3139 4061 3268 4115 Nam
3297 4053 3402 4114 ‘illa
3430 4076 3517 4113 sa-

1931 4161 2146 4215 turitate
2175 4158 2335 4212 nimia
2375 4166 2427 4210 et
2448 4157 2550 4211 sibi
2579 4165 2633 4212 et
2655 4156 2809 4210 nobis
2855 4154 3057 4209 inutilia
3089 4153 3369 4208 efficimus.
3419 4151 3520 4208 Su-

1932 4251 2258 4322 perfluitates
2307 4251 2501 4318 quippe
2543 4227 2840 4318 indigesta),
2870 4255 2924 4301 et
2946 4246 3159 4301 humida
3183 4244 3406 4315 putredo
3452 4244 3520 4298 ab

1933 4341 2018 4394 illa
2047 4340 2215 4394 oritur
2257 4338 2590 4408 pinguedine.
2631 4338 2762 4404 Quae
2815 4353 2940 4390 vero
2982 4336 3230 4391 animalia
3285 4351 3392 4390 non
3447 4335 3519 4388 ita

1934 4433 2170 4496 aluntur,
2203 4431 2296 4485 sed
2326 4430 2475 4499 quasi
2516 4430 2762 4500 jejunant
2789 4439 2844 4486 et
2874 4429 3135 4495 laborant,
3176 4429 3262 4484 illa
3305 4438 3523 4485 certeet

1933 4524 2031 4578 sibi
2062 4532 2118 4577 et
2143 4522 2260 4575 aliis
2283 4521 2559 4575 utilissima
2588 4530 2731 4586 sunt,
2765 4530 2874 4575 tum
2920 4521 2986 4575 ad
3032 4520 3233 4588 cibum,
3293 4530 3403 4576 tum
3455 4521 3522 4576 ad

1932 4615 2033 4668 alia
2061 4610 2236 4668 omnia
2275 4631 2288 4666 :
2327 4613 2521 4682 quique
2565 4612 2628 4667 iis
2674 4621 2958 4667 vescuntur
2981 4654 2995 4677 ,
3038 4613 3270 4668 firmiore
3295 4613 3526 4683 gaudent

1935 4705 2256 4766 valetudine;
2297 4705 2384 4773 qui
2411 4712 2588 4758 autem
2633 4703 3019 4774 pinguioribus,
3043 4703 3174 4774 ipsis
3205 4705 3410 4760 similes
3439 4705 3516 4759 fa-

1935 4799 2027 4862 cti,
2063 4797 2323 4852 tardiores
2357 4809 2496 4862 sunt,
2533 4798 2746 4863 infirmi,
2800 4799 3040 4870 duroque
3085 4800 3297 4855 vinculo
3352 4801 3516 4870 ligati.

1937 4891 2070 4944 Nihil
2099 4892 2238 4944 enim
2284 4892 2354 4945 ita
2399 4893 2608 4960 corpori
2650 4893 2865 4946 noxium
2899 4900 2956 4946 ut
2985 4893 3222 4947 ciborum
3273 4891 3512 4947 deliciae:

1936 4985 2065 5039 nihil
2097 4985 2166 5038 ita
2219 4984 2417 5053 rumpit
2453 4993 2508 5038 et
2531 4984 2707 5038 obruit
2735 4985 2904 5053 ipsum
2926 5025 2940 5050 ,
2995 4991 3052 5038 ut
3080 4983 3358 5052 ingluvies.
3402 4981 3528 5038 Ideo

1937 5076 2059 5130 hinc
2083 5076 2314 5130 maxime
2355 5075 2569 5130 illorum
2613 5077 2890 5130 stultitiam
2933 5077 3052 5146 quis
3099 5076 3341 5139 miretur,
3384 5077 3523 5145 quod

1937 5184 2041 5223 non
2064 5169 2167 5224 sibi
2199 5177 2417 5238 parcant
2447 5179 2501 5222 ut
2524 5169 2702 5223 exteri
2731 5168 2957 5223 utribus.
2985 5167 3115 5222 Nam
3140 5167 3228 5237 qui
3254 5168 3373 5221 vina
3399 5184 3526 5223 ven-

1941 5260 2091 5324 dunt,
2125 5261 2310 5313 nolunt
2335 5259 2457 5330 plus
2478 5275 2631 5328 teque
2655 5259 3042 5328 utresimplere
3066 5301 3080 5326 ,
3126 5275 3193 5315 ne
3227 5269 3476 5329 rumpant
3511 5279 3522 5314 :

1938 5355 1990 5408 lii
2009 5368 2136 5409 vero
2149 5353 2403 5408 miserum
2427 5361 2690 5418 ventrem,
2719 5367 2786 5406 ne
2813 5351 2910 5405 hac
2935 5351 3147 5420 quidem
3163 5367 3290 5408 cura
3307 5351 3524 5423 dignum

1937 5456 2184 5511 censent;
2214 5446 2304 5501 sed
2333 5455 2612 5515 postquam
2645 5447 2791 5501 illum
2819 5447 3327 5519 impleveri'utatque
3353 5463 3530 5518 rupe-

1939 5543 2066 5606 rint,
2087 5555 2250 5609 usque
2274 5538 2338 5591 ad
2365 5552 2543 5602 aures,
2565 5553 2741 5602 nares,
2769 5539 2944 5596 fauces
2968 5541 3090 5596 vino
3110 5541 3339 5611 replent,
3357 5540 3528 5610 dupli—

1939 5647 2052 5685 cem
2084 5630 2204 5684 hinc
2229 5629 2493 5698 parientes
2512 5631 2829 5698 angustiam,
2851 5640 2904 5686 et
2925 5632 3154 5702 spiritui,
3175 5641 3229 5688 ct
3244 5633 3292 5687 vi
3317 5633 3390 5688 illi
3409 5648 3528 5702 qua:

1949 5722 2144 5777 animal
2177 5731 2342 5777 totum
2369 5721 2698 5778 moderatur.
2727 5724 2804 5780 An
2840 5723 2958 5780 ideo
2994 5723 3088 5780 tibi
3127 5734 3304 5796 guttur
3345 5725 3534 5780 datum
