3908 6198
415 223 513 285 471
1159 243 1214 300 S.
1255 242 1531 300 JOANNIS
1567 240 2037 300 Cl-IRYSOSTOMI
2076 242 2387 300 ARClllEP.
2429 243 2960 305 CONSTANTINOP.
3589 256 3686 311 472

408 372 514 429 cst,
554 376 609 417 ut
637 375 806 432 usque
831 358 898 412 ad
924 372 986 413 os
1033 356 1168 412 illud
1189 357 1314 411 vino
1339 336 1564 427 aliisque
1588 355 1855 426 corruptis
1881 369 1994 410 ma—

416 457 568 514 tcriis
614 453 870 524 repleas?
917 450 1036 506 Non
1088 449 1210 505 ideo
1237 449 1418 504 datum
1463 458 1546 504 est
1570 489 1585 513 ,
1615 463 1648 503 o
1676 448 1838 502 homo
1858 489 1874 512 ,
1903 445 1998 502 sed

414 549 681 622 praecipue
705 556 763 601 ut
785 547 896 601 Deo
915 558 1096 608 canas,
1143 551 1198 598 et
1221 557 1403 597 sacras
1433 555 1622 612 preces
1647 541 1858 596 emittas
1881 580 1895 604 ,
1924 538 2000 593 le-

418 657 513 712 ges
539 641 747 696 divinas
767 639 930 709 legas,
963 635 1291 706 consiiiaque
1310 634 1405 688 des
1430 633 1672 703 proximo
1699 633 1994 702 profutura.

417 736 498 791 Tu
528 749 655 790 vero
687 732 836 802 quasi
883 731 970 785 illa
1000 737 1202 783 tantum
1229 727 1296 782 de
1321 740 1481 780 causa
1508 725 1687 780 datum
1715 733 1896 790 esset,
1929 738 1998 778 ne

416 826 696 882 minimum
742 821 958 894 quidem
1011 818 1146 874 sinis
1201 819 1371 887 ipsum
1395 815 1691 870 ministerio
1709 828 1863 870 sacro
1880 828 1996 869 ser-

415 919 552 986 vire,
585 915 678 972 sed
706 923 869 968 totam
897 913 1057 966 vitam
1090 911 1215 965 huic
1245 909 1492 980 pessima:
1519 907 1763 963 servituti
1809 906 1994 961 tradis.

413 1010 491 1063 Ac
542 1003 989 1077 quemadmodum
1015 1002 1066 1061 si
1112 1002 1231 1070 quis
1259 999 1517 1056 citharam
1562 1012 1783 1054 sumens
1815 997 1996 1052 aureis

413 1099 606 1154 fidibus
651 1103 979 1166 compactam
1006 1137 1022 1162 ,
1061 1107 1125 1148 ac
1168 1092 1388 1162 pulchre
1442 1089 1846 1155 concinnatam,
1889 1104 1995 1143 non

411 1191 477 1245 ad
506 1189 717 1246 dulcem
744 1187 1163 1243 modulationem
1195 1184 1448 1254 pulsaret,
1490 1181 1583 1236 sed
1613 1180 1737 1235 fimo
1766 1179 1995 1249 repleret

410 1297 474 1337 ac
495 1282 608 1336 luto
646 1297 661 1334 :
712 1281 791 1335 sic
819 1289 875 1336 et
913 1277 966 1332 lii
996 1277 1218 1332 faciunt.
1254 1274 1460 1329 Fimum
1491 1287 1625 1327 voco
1650 1288 1757 1326 non
1781 1272 1991 1336 cibum,

411 1375 507 1430 sed
537 1373 792 1439 delicias,
841 1380 896 1427 et
925 1371 1070 1425 illam
1101 1377 1302 1424 tantam
1333 1365 1819 1436 intemperantiam.
1861 1362 1996 1417 Nam

409 1467 550 1538 quod
581 1474 730 1522 extra
758 1465 1130 1520 necessitatem
1153 1470 1256 1526 est,
1286 1474 1388 1513 non
1420 1458 1589 1520 cibus,
1623 1455 1715 1511 sed
1745 1455 1859 1510 lues
1889 1464 1991 1510 est.

412 1563 609 1617 Venter
633 1560 776 1616 enim
801 1559 868 1613 ad
894 1559 1145 1613 alimenta
1174 1556 1344 1610 solum
1370 1550 1678 1622 accipienda
1701 1549 1856 1605 datus
1878 1558 1992 1613 est;

415 1671 479 1711 os
513 1663 568 1710 ct
607 1655 789 1710 fauces
815 1661 868 1708 ct
897 1652 1087 1720 lingua
1113 1661 1162 1705 et
1183 1648 1247 1703 ad
1273 1648 1373 1701 hoc
1400 1657 1454 1702 et
1479 1645 1546 1700 ad
1579 1645 1682 1699 alia
1710 1643 1794 1698 his
1825 1643 1995 1713 magis

407 1747 745 1804 necessaria:
776 1744 1048 1813 multoque
1091 1740 1258 1811 magis
1281 1753 1453 1809 neque
1497 1745 1680 1792 venter
1724 1734 1790 1789 ad
1839 1735 1992 1789 cibos

405 1841 645 1910 quolibet
684 1837 844 1892 modo
864 1835 1241 1905 excipiendos,
1285 1832 1380 1888 sed
1428 1830 1730 1885 moderatos
1761 1837 1986 1884 tantum.

407 1933 571 2004 quue
595 1931 832 1989 ostendit
859 1931 997 2000 ipse,
1029 1928 1154 1983 dum
1187 1926 1332 1980 mille
1360 1924 1533 1979 modis
1559 1923 1791 1987 clamat,
1816 1937 1956 1992 quan
1981 1956 1992 1963 -

406 2025 476 2081 do
513 2024 614 2095 ipsi
669 2038 764 2093 per
809 2021 947 2076 hanc
997 2019 1212 2074 nimiam
1258 2016 1464 2084 c0piam
1493 2028 1779 2078 nocemus;
1821 2028 1991 2083 neque

2109 358 2303 413 clamat
2322 358 2522 427 solum,
2554 361 2651 416 sed
2677 363 2837 417 etiam
2865 363 2916 419 id
2939 364 3090 434 quasi
3107 363 3360 435 injuriam
3394 367 3683 436 ulciscitur,

2101 459 2475 522 extremasque
2523 456 2754 524 reposcit
2805 470 3009 526 poenas.
3043 457 3224 512 Primo
3272 458 3438 529 pedes
3489 463 3683 530 punit,

2102 541 2192 611 qui
2221 557 2319 597 nos
2342 543 2410 598 ad
2458 544 2574 600 illas
2613 547 2875 618 pessimas
2925 547 3212 618 deportant
3248 551 3467 619 epulas:
3496 549 3686 608 deinde

2103 651 2295 691 manus
2319 637 2468 708 ligat,
2492 637 2635 708 quod
2659 648 2733 695 tot
2762 647 2988 696 ettanta
3005 642 3310 698 ministrent
3334 660 3348 696 :
3399 643 3684 698 multorum

2101 729 2261 781 etiam
2289 742 2352 783 os
2377 727 2662 784 distortum
2694 729 2828 795 fuit,
2877 731 3020 786 oculi
3057 742 3113 787 et
3142 741 3303 802 caput
3345 733 3682 790 laborarunt.

2100 819 2180 873 Ac
2207 818 2366 874 veluti
2393 834 2599 887 servus,
2627 837 2748 876 cum
2768 821 2893 892 quid
2915 822 3059 877 vires
3075 822 3340 879 excedens
3364 838 3528 894 agere
3549 839 3686 894 pra:-

2100 908 2314 979 cipitur,
2347 910 2599 966 efferatus
2628 927 3024 982 nonnumquam
3055 913 3334 982 imperanti
3380 915 3682 970 maledicit:

2100 1002 2178 1058 sic
2193 1010 2246 1058 et
2273 1011 2458 1058 venter
2481 1003 2585 1057 vim
2618 1019 2823 1073 passus,
2853 1019 2973 1060 cum
2997 1005 3079 1060 his
3109 1005 3365 1060 membris
3389 1006 3554 1061 etiam
3581 1022 3678 1061 ce-

2101 1091 2316 1146 rebrum
2347 1108 2490 1163 smpe
2520 1093 2812 1150 labefactat
2844 1103 2900 1150 ct
2946 1094 3140 1164 perdit.
3187 1094 3440 1165 Deosque
3483 1096 3687 1166 Optime

2101 1183 2356 1253 providit,
2380 1193 2437 1238 ut
2456 1200 2523 1240 ex
2546 1184 2899 1241 immoderato
2927 1200 3024 1240 usu
3057 1195 3260 1240 tantum
3283 1185 3540 1242 damnum
3592 1203 3685 1242 ac-

2099 1274 2396 1346 cedat,quo
2414 1290 2535 1330 cum
2564 1276 2759 1332 lubens
2789 1275 3153 1347 pliil050phari
3184 1277 3440 1345 nolueris,
3473 1278 3561 1333 vel
3600 1279 3685 1333 in-

2100 1368 2239 1423 vitus
2265 1367 2455 1424 saltem
2485 1383 2554 1424 ex
2577 1378 2720 1424 metu
2751 1377 2912 1424 tantm
2940 1369 3190 1439 perniciei
3225 1368 3500 1425 moderate
3523 1385 3685 1439 agerc

2098 1453 2295 1509 discas.
2327 1452 2452 1508 llmc
2480 1467 2600 1508 cum
2626 1455 2879 1521 sciamus,
2897 1455 3135 1510 ciborum
3154 1453 3373 1509 delicias
3394 1454 3683 1524 fugiamus,

2099 1546 2565 1616 moderationiqne
2590 1545 2920 1613 studeamus,
2949 1555 3008 1601 ut
3035 1555 3091 1602 et
3117 1546 3358 1617 corporis
3380 1545 3685 1601 valetudine

2099 1637 2359 1702 fruamur,
2391 1647 2444 1693 et
2465 1638 2699 1692 animam
2721 1638 3029 1693 infirmitate
3051 1637 3197 1692 omni
3224 1636 3537 1701 liberemus,
3567 1637 3679 1690 sic-

2097 1745 2203 1798 que
2223 1728 2396 1783 futura
2419 1744 2810 1799 consequamur
2837 1729 2975 1784 bona
3000 1769 3015 1795 ,
3065 1729 3232 1800 gratia
3262 1736 3318 1783 et
3355 1728 3685 1797 benignitate

2100 1821 2309 1875 Domini
2362 1820 2533 1876 nostri
2588 1820 2714 1876 Jesu
2757 1821 3002 1888 Christi,
3057 1822 3142 1876 cui
3191 1819 3360 1891 gloria
3409 1827 3464 1874 et
3511 1820 3683 1888 impe-

2097 1913 2270 1980 rium,
2301 1929 2442 1968 nunc
2483 1923 2538 1969 ct
2581 1930 2829 1985 semper,
2883 1923 2938 1971 et
2991 1915 3044 1970 in
3095 1914 3290 1970 saecula
3338 1914 3680 1970 saeculorum.

2099 2010 2292 2062 Anien.

1424 3277 1603 3337 Flle
1640 3277 1808 3338 TOMI
1840 3266 2384 3345 QUINQUAGESIMI
2417 3265 2712 3330 SEPTIMI.
