3908 6198
1355 557 1770 649 SANCTI
1851 549 2276 643 PATRIS
2347 544 2787 640 NOSTRI

560 866 1630 1061 JOANNIS
1787 847 3589 1046 CHRYSOSTOMI

1460 1270 1931 1321 ARCHIEPISCOP!
1974 1261 2708 1318 CONSTANTINOPOLITANI

991 1507 1634 1578 COMMENTARIUS
1695 1506 1776 1567 lN
1839 1506 1901 1567 s.
1966 1499 2460 1564 MATTHIEUM
2522 1493 3174 1559 EVANGELISTAM.

1957 1789 2212 1805 *-

1558 1961 1901 2024 HOMILIA
1946 1956 2140 2019 XLV.
2185 1954 2269 2016 al.
2316 1950 2535 2013 XLVI.

442 2212 575 2268 Car.
611 2210 697 2265 15.
726 2223 783 2262 v.
825 2203 912 2260 10.
955 2200 1023 2256 Et
1065 2197 1353 2253 accedentes
1394 2190 1631 2261 discipuli
1669 2188 1905 2242 dixerunt
1944 2195 2027 2234 et:

522 2303 696 2371 Quare
716 2301 765 2353 in
790 2295 1046 2369 parabolis
1071 2293 1187 2362 loqu
1196 2290 1292 2345 eris
1317 2289 1386 2341 eis
1401 2288 1427 2341 ἵ
1486 2286 1571 2339 Η.
1614 2280 1735 2352 Ipse
1757 2288 1922 2333 autem
1942 2292 2028 2331 re-

513 2391 766 2465 spondens
782 2389 908 2443 dixit
931 2388 1002 2441 eis
1022 2400 1040 2439 :
1063 2384 1197 2449 Quia
1222 2380 1357 2434 vobis
1383 2378 1558 2431 datum
1578 2383 1649 2428 est
1678 2386 1824 2426 nosse
1844 2377 2029 2440 mysteo

513 2487 596 2541 ria
643 2484 783 2555 regni
821 2481 1083 2545 caelorum,
1115 2475 1218 2529 illis
1247 2482 1414 2526 autem
1440 2485 1540 2524 non
1563 2467 1738 2520 datum
1757 2473 1853 2519 est.

517 2579 570 2635 1.
615 2575 995 2644 Discipulorum
1051 2565 1320 2639 prudentia
1352 2571 1395 2617 et
1433 2560 1639 2614 caritas.
1667 2556 1903 2610 Liberum
1939 2568 2028 2606 ar—

447 2671 649 2726 bitrium
677 2684 765 2740 per
783 2664 1000 2737 gratiam
1027 2678 1126 2715 non
1150 2658 1362 2713 tollitur.
1409 2684 1481 2696 —-
1521 2650 1649 2707 Jure
1699 2647 2030 2704 admiremur

445 2762 755 2833 discipulos,
777 2758 916 2829 quod
940 2753 1179 2812 discendi
1208 2748 1405 2820 cupidi,
1438 2746 1610 2803 sciant
1628 2741 1840 2816 quando
1864 2741 2029 2795 inter-

445 2831 739 2928 rogandum
771 2852 864 2906 sit.
905 2850 1021 2903 Non
1044 2847 1191 2901 enim
1214 2841 1463 2899 omnibus
1492 2833 1847 2909 praesentibus
1872 2831 1924 2886 id
1954 2831 2030 2884 la-

446 2925 623 3006 ciunt:
665 2943 810 3017 quod
839 2941 1118 2997 Mattheus
1144 2938 1213 2991 ita
1242 2931 1590 3005 signiﬁcavit:
1629 2928 1692 2983 Et
1715 2925 2025 2981 accedentes.

448 3039 561 3095 Hoc
610 3012 771 3107 porro
800 3047 902 3086 non
939 3046 1001 3085 ex
1045 3026 1345 3097 conjectura
1365 3023 1518 3078 dico:
1569 3019 1774 3074 Marcus
1804 3016 1945 3071 enim
1976 3012 2027 3068 id

448 3132 645 3188 clarius
673 3125 941 3186 indicavit,
968 3137 1090 3177 cum
1118 3119 1194 3173 ait
1238 3117 1381 3189 ipsos
1406 3113 1630 3169 seorsim
1658 3110 1724 3165 ad
1746 3110 1892 3163 illum
1932 3122 2022 3161 ac-

446 3222 674 3279 cessisse
701 3217 893 3286 (Marc.
923 3214 975 3269 ι.
1006 3212 1120 3276 10).
1169 3208 1257 3265 Sic
1284 3215 1336 3262 et
1362 3213 1586 3261 matrem
1614 3212 1668 3257 et
1694 3199 1885 3255 fratres
1911 3197 2029 3267 ejus

446 3311 629 3369 facere
654 3306 875 3363 decebat
896 3345 910 3369 ,
943 3317 1049 3357 non
1080 3313 1270 3355 vocare
1309 3296 1472 3361 foras,
1501 3300 1558 3349 et
1584 3306 1704 3349 sese
1735 3297 2025 3344 ostentare.

448 3401 727 3473 Perpende
746 3408 921 3454 autem
952 3396 1228 3452 caritatem
1259 3391 1522 3461 ipsorum,
1548 3394 1799 3457 quantam
1827 3382 2030 3440 scilicet

445 3499 671 3554 aliorum
698 3507 878 3550 curam
907 3495 1114 3561 gerant,
1142 3500 1205 3541 ac
1227 3483 1374 3555 prius
1391 3496 1510 3553 qua:
1526 3480 1592 3536 ad
1618 3479 1740 3534 illos
1760 3478 2025 3549 pertinent

445 3592 711 3660 qumrant,
741 3580 935 3637 deinde
961 3594 1077 3633 sua.
1111 3575 1233 3642 Cur,
1262 3574 1508 3642 inquiunt
1527 3613 1542 3638 ,
1585 3571 1639 3624 in
1660 3566 1913 3639 parabolis
1942 3565 2023 3618 lo-

445 3659 611 3752 queris
640 3678 707 3731 ad
729 3675 850 3730 eos?
872 3672 988 3729 Non
1013 3671 1282 3736 dixerunt,
1322 3666 1433 3721 Cur
1464 3666 1514 3722 in
1549 3659 1812 3733 parabolis
1841 3659 2023 3727 loque-

445 3771 521 3828 ris
544 3770 697 3826 nobis
715 3771 741 3823 ἲ
779 3767 909 3822 Nam
937 3773 993 3821 et
1017 3763 1143 3818 alibi
1165 3775 1307 3830 saepe
1326 3758 1575 3813 videntur
1606 3755 1745 3810 bono
1776 3766 1896 3807 esse
1923 3766 2014 3805 er-

444 3879 508 3934 ga
530 3875 714 3918 omnes
739 3858 928 3914 all‘ectu
953 3873 969 3922 ;
998 3863 1057 3911 ut
1084 3868 1204 3909 cum
1226 3851 1432 3914 dicunt,
1462 3847 1669 3902 Dimitte
1700 3843 1869 3898 turbas
1896 3857 1915 3905 ;
1943 3850 2021 3904 et,

442 3930 555 4011 scis
574 3950 709 4023 quod
729 3945 1077 4002 scandalizati
1096 3944 1197 3997 sint
1222 3941 1369 4012 (Luc.
1388 3938 1440 3993 9.
1468 3936 1553 3989 12.
1572 3934 1760 3987 Matth.
1792 3932 1877 3986 ts.
1897 3930 2009 3999 ιε).

444 4042 587 4111 Quid
641 4053 771 4111 ergo
816 4036 1101 4094 Christus?
1153 4032 1291 4099 Quia
1337 4030 1475 4085 vobis
1510 4028 1695 4081 datum
1746 4034 1819 4079 est
1866 4038 2014 4076 nosse

451 4133 758 4205 mysterium
789 4130 932 4200 regni
967 4128 1210 4182 caelorum
1233 4141 1251 4179 :
1275 4124 1380 4179 illis
1404 4131 1579 4175 autem
1601 4120 1783 4172 datum
1808 4124 2027 4170 nonest.

444 4222 580 4279 Illud
610 4231 787 4276 autem
808 4217 962 4283 dixit,
989 4230 1097 4270 non
1123 4212 1496 4268 necessitatem
1516 4207 1772 4264 inducens
1795 4246 1810 4268 .
1852 4217 2024 4274 neque

442 4324 645 4371 sortem
674 4309 956 4381 quamdam
986 4316 1190 4362 temere
1215 4312 1270 4360 et
1287 4301 1604 4372 simpliciter
1624 4298 1838 4355 missam
1864 4312 1878 4360 ;
1927 4292 2020 4349 sed

440 4404 732 4462 ostendens
753 4400 897 4471 ipsos
926 4397 1026 4454 sibi
1053 4409 1268 4452 causam
1289 4407 1410 4448 esse
1431 4386 1742 4458 malorum’,
1764 4395 1823 4442 ut
1844 4384 2022 4441 decla-

442 4505 546 4559 ret,
578 4494 778 4549 donum
803 4489 934 4546 illud
960 4503 1119 4553 esse,
1160 4494 1216 4541 et
1258 4485 1483 4555 gratiam
1539 4495 1770 4551 superne
1818 4478 2017 4533 datam.

440 4585 625 4654 Neque
644 4591 821 4636 tamen
841 4578 963 4649 quia
991 4576 1192 4633 donum
1206 4582 1308 4640 est,
1340 4572 1461 4627 ideo
1484 4571 1714 4626 liberum
1740 4566 2018 4623 arbitrium

439 4684 525 4731 est
551 4672 850 4729 sublatum:
881 4668 932 4724 id
950 4666 1090 4738 quod
1110 4682 1175 4721 ex
1192 4664 1537 4734 sequentibus
1560 4660 1895 4717 manifestum
1917 4664 2017 4714 est.

442 4766 581 4823 Vide
609 4764 769 4836 igitur
796 4758 1103 4832 quomodo,
1135 4768 1192 4811 ut
1236 4771 1407 4826 neque
1451 4754 1525 4809 illi
1570 4752 1874 4821 deslterent,
1926 4765 2021 4804 ne-

441 4874 547 4929 que
576 4857 629 4912 hi
658 4854 985 4925 negligenter
1010 4859 1190 4921 agant,
1209 4847 1489 4903 audientes
1520 4845 1645 4900 illud
1670 4844 1852 4899 datum
1875 4856 2017 4905 esse,

439 4964 605 5021 penes
631 4962 729 5001 nos
758 4959 877 5000 esse
902 4941 1111 4998 initium
1140 4939 1301 4994 dicat.
1334 4939 1419 4994 l2.
1454 4936 1765 5007 Quicumque
1780 4936 1911 4989 enim
1928 4934 2021 4987 Ita-

437 5039 538 5106 bet,
567 5037 772 5092 dabitur
793 5034 840 5089 ei
864 5074 879 5098 ,
929 5042 977 5086 et
1022 5029 1334 5085 abundabit:
1376 5028 1672 5098 quicumque
1714 5035 1882 5079 autem
1920 5040 2020 5078 non

440 5132 609 5198 habet,
633 5139 677 5185 et
718 5125 855 5195 quod
896 5124 1096 5179 videtur
1130 5121 1309 5176 habere
1340 5125 1597 5192 auferetur
1624 5118 1686 5172 ab
1724 5134 1801 5173 eo.
1859 5115 2019 5171 Multa

439 5221 767 5277 obscuritate
821 5218 1035 5289 plenum
1066 5223 1150 5271 est
1181 5213 1230 5269 id
1252 5212 1393 5285 quod
1422 5211 1652 5277 dicitur,
1676 5207 2023 5264 inell'ahilem-

442 5328 546 5384 que
564 5312 822 5383 justitiam
854 5307 1109 5365 ostendit.
1138 5306 1255 5362 Hoc
1281 5314 1458 5360 autem
1488 5302 1751 5375 signiﬁcat
1777 5316 1793 5354 :
1845 5300 1907 5355 Ei
1929 5298 2019 5370 qui

503 5491 519 5520 ι
557 5484 864 5558 Aliihabent,
889 5484 974 5536 sed
1269 5481 1396 5545 ipsos
1417 5480 1509 5533 sibi
1530 5479 1645 5545 ipsis
1669 5493 1759 5533 non
1778 5477 2022 5530 attenden-

440 5556 507 5602 :es
525 5548 735 5600 omnium
757 5559 860 5599 esse
882 5559 1078 5597 causam
1098 5546 1353 5596 titulorum.

2144 2180 2412 2235 ucstderto
2431 2188 2480 2234 et
2504 2175 2680 2233 studio
2699 2175 2889 2246 plenus
2914 2185 3014 2241 est,
3038 2177 3306 2234 dabuntur
3326 2195 3355 2234 a
3385 2181 3494 2237 Deo
3509 2184 3728 2239 omnia:

2139 2270 2188 2325 ci
2231 2284 2363 2325 vero
2390 2269 2479 2340 qui
2506 2269 2591 2325 his
2619 2283 2816 2325 vacuus
2845 2278 2965 2334 est,
3018 2284 3118 2325 nec
3167 2286 3230 2325 ea
3276 2288 3395 2342 qua:
3435 2290 3601 2345 penes
3662 2291 3727 2331 se

2140 2368 2265 2416 sunt
2290 2360 2451 2426 facit,
2500 2375 2674 2430 neque
2699 2374 2762 2414 ea
2792 2374 2911 2430 qum
2940 2375 2967 2412 a
3003 2360 3113 2414 Deo
3137 2369 3261 2415 sunt
3308 2362 3575 2419 dabuntur
3620 2366 3724 2420 illi.

2140 2454 2290 2517 Nam,
2339 2453 2409 2507 Et
2444 2452 2578 2523 quod
2604 2452 2797 2507 videtur
2822 2452 3024 2519 habere,
3045 2452 3237 2524 inquit,
3261 2458 3520 2525 auferetur
3539 2458 3602 2511 ab
3624 2473 3689 2512 eo
3707 2476 3728 2512 :

2141 2562 2246 2601 non
2277 2547 2385 2601 Deo
2410 2545 2708 2611 auferente,
2730 2545 2824 2599 sed
2845 2559 2940 2599 sua
2969 2561 3073 2600 non
3092 2547 3382 2616 praebente.
3410 2548 3522 2604 Hoc
3541 2558 3596 2604 et
3618 2565 3728 2606 nos

2139 2638 2392 2693 facimus:
2429 2654 2549 2693 cum
2574 2638 2811 2693 videmus
2833 2636 3115 2708 quemdam
3137 2640 3369 2710 segniter
3392 2642 3729 2708 audientem.

2139 2742 2193 2787 et
2211 2732 2424 2786 monitis
2448 2732 2629 2786 multis
2656 2747 2759 2786 non
2781 2732 3161 2797 attendentem,
3192 2734 3411 2789 silemus
3439 2734 3727 2805 deinceps.

2138 2826 2269 2880 Nam
2295 2825 2338 2878 si
2368 2840 2588 2880 monere
2639 2840 2920 2895 pergamus
2940 2866 2955 2891 ,
2996 2840 3219 2895 augetur
3240 2828 3513 2898 segnities.
3562 2829 3729 2899 Cupi-

2138 2919 2263 2973 dum
2287 2928 2462 2973 autem
2490 2916 2729 2973 discendi
2750 2918 3087 2982 attrahimus.
3116 2920 3390 2989 multaque
3416 2922 3578 2977 verba
3602 2923 3730 2977 l’un-

2141 3013 2337 3068 dimus.
2366 3012 2597 3068 Pulchre
2617 3028 2745 3068 vero
2766 3012 2917 3076 dixit,
2944 3012 3010 3066 Et
3035 3014 3170 3083 quod
3187 3014 3381 3069 videtur
3398 3015 3597 3070 habere.
3614 3015 3731 3070 Nec

2137 3122 2243 3177 que
2263 3107 2402 3161 enim
2428 3106 2530 3161 hoc
2550 3106 2720 3175 ipsum
2744 3105 2924 3161 habet.
2958 3106 3163 3162 Deinde
3189 3106 3304 3163 hare
3321 3108 3549 3163 clariora
3596 3108 3727 3164 efﬁ-

2138 3198 2209 3253 cit
2234 3238 2249 3261 ,
2282 3197 2570 3252 ostendens
2606 3196 2729 3265 quid
2748 3198 2815 3251 sit
2833 3196 2984 3263 illud,
3006 3196 3227 3251 Habenti
3246 3198 3467 3265 dabitur,
3499 3198 3583 3253 his
3602 3214 3729 3254 ver-

2138 3290 2253 3346 bis:
2296 3288 2371 3342 Ab
2396 3305 2454 3342 eo
2481 3298 2648 3342 autem
2668 3289 2755 3358 qui
2776 3305 2875 3343 non
2892 3288 3057 3353 habet,
3082 3298 3129 3345 et
3155 3290 3293 3358 quod
3320 3290 3516 3345 videtur
3537 3291 3731 3346 habere

2136 3387 2393 3453 auferetur
2411 3381 2475 3434 ab
2502 3398 2580 3434 eo.
2614 3381 2698 3435 l3.
2726 3379 2850 3435 Ideo
2869 3422 2884 3444 ,
2915 3380 3082 3451 inquit
3106 3422 3122 3446 ,
3148 3381 3202 3435 in
3237 3380 3495 3451 parabolis
3542 3382 3729 3452 loquor

2135 3473 2261 3542 ipsis
2280 3511 2296 3537 ,
2343 3472 2461 3541 quia
2480 3470 2700 3525 videntes
2723 3487 2824 3525 non
2845 3471 3029 3525 uident.
3063 3470 3223 3541 Atqui
3274 3470 3547 3541 aperiendi
3574 3512 3588 3535 ,
3641 3471 3728 3525 in-

2132 3568 2303 3637 quies,
2338 3566 2572 3636 ipsorum
2600 3563 2739 3619 oculi
2763 3572 2937 3629 erant,
2968 3565 3013 3619 si
3037 3579 3141 3619 non
3158 3564 3393 3619 videant.
3424 3564 3621 3620 Verum
3674 3566 3725 3621 si

2134 3672 2197 3713 ex
2216 3666 2403 3712 natura
2423 3655 2783 3718 czecitaserat,
2830 3655 3039 3724 aperire
3083 3654 3398 3724 oportebat;
3425 3653 3546 3724 quia
3589 3670 3725 3710 vero

2133 3748 2427 3804 voluntaria
2452 3747 2685 3814 caecitas,
2707 3746 2827 3801 ideo
2846 3761 2952 3801 non
2983 3746 3294 3815 simpliciter
3314 3745 3469 3798 dixit.
3494 3744 3610 3799 Non
3639 3746 3725 3799 νὶ-

2134 3839 2280 3906 dent;
2303 3839 2419 3903 sed,
2446 3837 2684 3892 Videntes
2704 3853 2805 3891 non
2825 3836 3015 3900 vident;
3039 3836 3107 3889 ita
3126 3843 3185 3889 ut
3195 3850 3258 3890 ex
3279 3850 3462 3889 eorum
3480 3834 3723 3904 nequitia

2132 3930 2343 3986 caecitas
2365 3931 2454 3986 sit.
2488 3929 2743 3985 Viderunt
2759 3932 2899 3983 enim
2916 3927 3189 3983 daemonas
3208 3940 3476 3997 egressos,
3499 3935 3555 3980 et
3573 3925 3723 3982 dice-

2134 4025 2261 4079 bant
2278 4045 2291 4081 :
2311 4024 2374 4077 ln
2391 4023 2661 4078 Beelzebub
2688 4022 2913 4094 principe
2936 4020 3299 4076 dwmoniorum
3315 4016 3721 4088 ejicitdaamonia

2134 4119 2347 4191 (Matth.
2375 4118 2427 4174 9.
2447 4115 2561 4187 54).
2582 4115 2874 4170 Audierant
2893 4112 3040 4167 illum
3054 4112 3201 4181 ipsos
3213 4111 3324 4166 Deo
3335 4110 3715 4176 adducentem,

2133 4220 2320 4265 etcum
2339 4208 2450 4263 Deo
2465 4219 2711 4277 magnum
2725 4217 3044 4258 consensum
3060 4201 3420 4265 exhibentem,
3437 4210 3492 4255 et
3507 4200 3720 4255 dicunt:

2137 4300 2235 4355 Hic
2253 4316 2354 4354 non
2374 4307 2445 4354 est
2469 4314 2532 4352 ea:
2554 4296 2680 4351 Deo.
2703 4295 2838 4364 Quia
2861 4293 3021 4365 igitur
3038 4293 3301 4348 contraria
3321 4300 3376 4347 et
3390 4291 3517 4346 visis
3543 4300 3600 4345 et
3617 4306 3724 4345 au-

2132 4392 2257 4447 ditis
2283 4383 3041 4455 exhibebant,ldeo,inquit,et
3056 4384 3227 4439 visum
3250 4391 3303 4439 et
3318 4382 3557 4438 auditum
3585 4384 3723 4451 ipsis

2132 4483 2332 4538 aufero.
2362 4478 2503 4534 Nihil
2523 4479 2665 4534 enim
2697 4476 2822 4531 hinc
2861 4475 2966 4529 illis
2992 4472 3109 4544 plus
3124 4473 3348 4537 accedit,
3391 4473 3492 4526 nisi
3541 4474 3723 4540 major

2132 4571 2423 4628 damnatio.
2446 4569 2561 4624 Non
2591 4566 2752 4622 modo
2776 4566 2921 4620 enim
2949 4579 3053 4618 non
3077 4563 3368 4619 credebant
3392 4603 3408 4626 ,
3437 4561 3533 4616 sed
3551 4562 3722 4615 etiam

2133 4664 2496 4734 increpabant,
2520 4659 2875 4722 accusabant,
2909 4655 3130 4711 insidias
3186 4654 3482 4709 struebant.
3516 4653 3723 4707 Verum

2132 4772 2237 4812 non
2268 4755 2371 4811 hoc
2403 4754 2560 4819 dicit;
2600 4766 2708 4807 non
2744 4749 2858 4803 vult
2906 4747 3050 4802 enim
3101 4759 3360 4800 onerosus
3408 4742 3726 4799 accusando

2131 4864 2276 4907 esse.
2303 4846 2456 4923 lnitio
2477 4845 2671 4915 quippe
2708 4856 2814 4896 non
2838 4839 2915 4895 sic
2944 4853 3063 4894 cum
3097 4837 3203 4891 illis
3241 4833 3573 4899 disserebat,
3613 4833 3722 4889 sed

2131 4957 2251 4997 cum
2282 4952 2470 5009 magna
2496 4932 2911 5006 perspicuitate:
2959 4929 3082 4999 quia
3126 4942 3252 4981 vero
3282 4941 3401 4981 sese
3430 4932 3723 4995 perverte-

2131 5033 2279 5096 baut,
2304 5031 2357 5085 in
2384 5025 2650 5099 parabolis
2681 5022 2895 5077 demum
2954 5019 3210 5089 loquitur.
3260 5014 3462 5070 Deinde
3495 5029 3564 5068 ne
3592 5014 3727 5082 quis

2131 5128 2346 5195 putaret
2371 5120 2488 5175 base
2531 5132 2624 5188 per
2648 5114 2971 5170 calumniam
3009 5110 3143 5173 dici,
3190 5124 3288 5165 nec
3312 5107 3552 5163 dicerent
3597 5106 3675 5159 illi
3709 5124 3725 5160 :

2132 5216 2381 5273 Inimicus
2405 5220 2588 5268 noster
2613 5215 2697 5264 est
2724 5207 2768 5262 is
2799 5206 2889 5274 qui
2919 5203 3251 5267 criminatur,
3279 5199 3591 5270 prophetam
3620 5198 3728 5251 ad-

2133 5309 2279 5367 ducit
2297 5307 2485 5365 eadem
2508 5306 2618 5374 ipsa
2650 5300 3033 5371 proferentem.
3082 5296 3169 5349 ll.
3200 5293 3454 5362 Impletur
3480 5291 3615 5346 enim
3661 5292 3725 5342 in

2133 5408 2276 5479 ipsis,
2311 5402 2502 5477 inquit,
2531 5396 2799 5471 prophetia
2823 5393 2847 5446 1
2856 5392 2979 5446 seire
2999 5389 3170 5443 dicens
3194 5403 3210 5440 :
3238 5386 3426 5441 Anditu
3450 5383 3675 5437 audietis
3700 5420 3721 5445 ,

2132 5468 2177 5558 et
2218 5468 2318 5555 non
2364 5468 2690 5563 intelligetis;
2717 5495 2762 5541 et
2788 5485 2898 5540 visu
2942 5479 3257 5551 percipietis.
3291 5488 3461 5531 etnon
3486 5468 3723 5529 uidebitis
