3908 6198
243 337 344 391 475

241 456 259 520 (
289 449 416 503 Issi.
442 446 494 500 6.
514 445 548 501 9
575 445 613 516 ).
643 442 828 498 Viden‘
851 455 1009 512 quam
1035 448 1282 493 accurate
1311 437 1568 507 propheta
1609 443 1828 491 accuset

247 539 412 597 illos?
438 537 622 606 Neque
648 535 788 590 enim
807 533 922 602 ipse
945 531 1100 596 dixit,
1126 529 1243 584 Non
1269 528 1462 584 videtis
1486 546 1500 594 ;
1549 527 1645 583 sed
1667 567 1680 590 ,
1743 524 1834 579 Vi-

243 631 443 695 debitis,
472 639 518 682 et
547 644 646 682 non
674 624 923 680 videbitis‘
951 638 968 688 ;
1016 637 1192 690 neque
1212 621 1349 675 dixit
1367 661 1382 685 ,
1416 619 1534 677 Non
1555 617 1784 674 audietis
1814 632 1830 681 ;

245 723 340 779 sed
366 764 382 790 ,
423 719 668 781 Audietis,
700 727 746 772 et
783 733 886 769 non
919 713 1230 784 intelligetis.
1261 712 1439 780 Quare
1477 710 1576 779 ipsi
1629 709 1834 778 seipsos

248 815 421 884 primo
445 809 809 873 excluserunt,
829 820 985 860 aures
1009 806 1346 867 obturantes,
1372 802 1562 857 oculos
1581 800 1833 862 clauden-

245 915 351 968 tes,
375 917 470 958 cor
495 900 845 955 obdurantes.
877 897 994 952 Non
1025 895 1186 951 modo
1207 894 1349 950 enim
1373 910 1477 948 non
1514 892 1832 954 audiebam,

244 995 338 1049 sed
366 1003 423 1048 et
455 993 543 1047 15.
570 990 800 1045 Graviter
823 987 1133 1050 audiebant;
1189 984 1348 1054 idque
1375 983 1639 1040 faciebant
1656 984 1698 1044 ³,
1751 983 1836 1036 ita-

245 1088 400 1158 qnit,
433 1083 717 1149 A’equando
743 1089 1120 1143 conuertantur,
1167 1087 1213 1132 et
1259 1094 1431 1132 saltem
1481 1092 1604 1149 eos;
1652 1075 1836 1129 inten-

249 1195 373 1234 sam-
393 1179 605 1232 illorum
637 1174 929 1244 nequitiam
960 1171 1241 1237 indicans,
1267 1168 1676 1226 ctavcrsiouem
1724 1176 1836 1222 stu-

250 1273 342 1326 dio
368 1279 634 1340 parata.

275 1413 278 1416 .
318 1361 356 1415 2
420 1360 622 1414 Domini
669 1356 1010 1412 misericordia
1052 1357 1108 1410 in
1153 1354 1388 1410 latiores.
1434 1351 1708 1407 Peccatum
1738 1366 1852 1405 non:

249 1470 312 1506 tu:
333 1461 514 1505 natura
534 1460 626 1514 est,
647 1457 734 1502 aut
761 1464 827 1502 ea:
847 1447 1160 1502 necessitate.
1183 1474 1253 1486 --
1280 1445 1392 1500 Hoc
1407 1453 1584 1500 autem
1601 1441 1752 1502 dicit,
1777 1449 1842 1497 ut

250 1545 372 1599 illos
397 1541 633 1598 attrahat
659 1540 967 1606 incitctque,
995 1547 1048 1592 et
1072 1536 1342 1600 ostendat,
1365 1534 1409 1589 si
1435 1542 1837 1594 convertantur,

250 1652 311 1693 se
351 1637 501 1703 ipsos
525 1640 841 1688 sanaturum
873 1644 994 1684 esse
1024 1645 1038 1682 :
1071 1643 1134 1682 ac
1160 1628 1204 1681 si
1235 1629 1356 1696 quis
1398 1624 1620 1686 diceret,
1663 1621 1842 1676 Noluit

253 1742 340 1780 me
380 1725 669 1788 videam-et
699 1722 922 1791 gratiam
974 1719 1185 1774 habeo:
1217 1732 1340 1772 nam
1389 1717 1432 1771 si
1465 1731 1551 1770 uie
1574 1715 1842 1783 .dignatns

255 1818 465 1879 (xusset,
485 1814 666 1869 statim
692 1811 986 1867 ﬂectendus
1001 1825 1172 1864 eram.
1194 1809 1307 1862 lloc
1332 1822 1493 1877 porro
1509 1806 1637 1862 dicit
1662 1814 1844 1860 osten-

252 1907 392 1962 dens
420 1903 689 1974 queinodo
717 1901 1092 1974 reconciliatus
1131 1898 1338 1955 fuisset.
1369 1896 1458 1953 Sic
1485 1905 1542 1951 et
1576 1896 1682 1949 hoc
1725 1894 1844 1948 loco

254 2002 328 2057 ait
355 2017 371 2054 :
407 1996 701 2066 Nequando
739 2003 1114 2059 convertantur,
1145 2001 1192 2045 et
1213 2007 1386 2050 sortem
1407 2004 1527 2052 eos;
1557 1985 1846 2045 ostendens

259 2105 432 2160 luisse
446 2090 564 2144 illos
588 2088 850 2152 converti,
869 2095 924 2140 et
946 2101 1043 2154 per
1070 2082 1437 2154 paenitendian
1459 2080 1684 2134 salutem
1705 2093 1812 2134 con
1829 2106 1846 2118 -

255 2182 413 2250 sequi
445 2199 459 2234 :
508 2194 676 2248 seque
704 2194 809 2231 non
837 2176 904 2230 ad
931 2175 1154 2247 gloriam
1184 2188 1357 2238 suam,
1385 2171 1480 2227 sed
1523 2170 1589 2226 ad
1635 2171 1846 2224 illorum

259 2272 491 2332 salutem
534 2270 712 2328 omnia
743 2269 936 2324 facere.
988 2266 1042 2321 Si
1085 2265 1228 2322 enim
1261 2263 1518 2318 noluisset
1541 2276 1638 2322 eos
1663 2259 1850 2313 audire

257 2374 316 2418 et
346 2363 575 2425 servari,
610 2361 769 2416 silere
797 2359 1098 2428 oportebat,
1135 2373 1240 2411 non
1286 2356 1339 2410 in
1373 2354 1638 2425 parabolis
1670 2352 1852 2421 loqui:

261 2469 409 2508 nunc
431 2461 606 2506 autem
635 2452 734 2504 hoc
757 2451 871 2519 ipso
894 2449 1077 2503 incitat
1094 2447 1232 2512 illos,
1253 2445 1394 2516 quod
1415 2445 1642 2499 obscure
1669 2444 1849 2510 loqua-

264 2557 375 2599 tur.
403 2544 534 2598 Nam
577 2542 718 2597 Deus
761 2557 864 2594 non
911 2541 1015 2592 vult
1059 2547 1266 2591 mortem
1311 2535 1626 2606 peccatoris;
1663 2533 1751 2586 sed
1797 2541 1854 2585 ut

262 2645 588 2690 rorwertatttr
610 2645 656 2687 ct
681 2635 810 2687 vivat
849 2630 1058 2702 (Ezeclt.
1090 2630 1176 2685 18.
1206 2628 1318 2698 25).
1352 2625 1501 2692 Quod
1529 2637 1703 2679 antctn
1733 2640 1853 2693 pec-

261 2739 445 2784 catum
477 2742 581 2780 non
610 2741 674 2780 ex
706 2734 895 2778 natura
922 2723 992 2776 sit
1016 2729 1108 2776 aut
1131 2736 1198 2776 ex
1227 2717 1546 2774 necessitate
1571 2726 1624 2771 et
1656 2713 1856 2769 violen-

265 2821 365 2883 tia,
394 2818 515 2873 audi
541 2816 666 2888 quid
697 2815 953 2886 apostolis
983 2813 1125 2868 dicat
1154 2830 1167 2867 :
1200 2812 1288 2866 16.
1335 2809 1495 2863 Vestri
1519 2815 1685 2862 autem
1723 2806 1852 2859 beati

267 2909 429 2977 oculi,
455 2909 572 2979 quia
596 2907 786 2975 vident,
808 2915 853 2959 et
875 2921 1042 2967 aures,
1072 2902 1191 2972 quia
1229 2902 1483 2962 audiant;
1514 2914 1616 2952 non
1646 2897 1712 2952 de
1739 2897 1852 2950 visu

267 3000 358 3055 vel
406 2998 586 3052 auditu
626 2997 868 3068 corporis
917 2995 1160 3065 loquens,
1195 2991 1286 3047 sed
1326 2990 1392 3044 de
1431 2990 1544 3044 visu
1583 2998 1634 3042 et
1676 2986 1856 3040 auditu

270 3081 492 3160 mentig.
535 3089 704 3146 Judaei
733 3089 875 3143 enim
903 3088 1065 3142 etiam
1112 3085 1165 3140 hi
1194 3093 1366 3150 erant,
1401 3092 1559 3152 atque
1587 3079 1638 3133 in
1671 3078 1857 3133 iisdem

271 3185 485 3239 educati
515 3201 528 3236 :
558 3183 685 3253 ipsis
713 3193 888 3237 tamen
918 3179 1051 3236 nihil
1083 3179 1265 3233 nocuit
1289 3174 1586 3245 prophetia,
1611 3173 1729 3243 quia
1763 3170 1859 3224 bo-

273 3292 469 3332 nnrnm
515 3274 745 3328 radicem
780 3271 1046 3327 habebant
1075 3279 1218 3324 recte
1259 3267 1492 3332 insitam,
1533 3263 1859 3336 [impositum

275 3382 473 3434 nempe
515 3374 570 3418 et
596 3365 944 3417 voluntatem.
984 3360 1166 3415 Viden’
1197 3357 1344 3418 illud,
1387 3355 1537 3410 Vobis
1567 3355 1741 3406 datum
1769 3363 1861 3418 est,

277 3473 388 3510 non
422 3455 794 3508 necessitatem
846 3453 1066 3506 inditam
1115 3446 1456 3520 signiﬁcare?
1497 3445 1682 3514 Neque
1720 3441 1861 3498 cnim

274 3548 424 3602 beati
457 3545 730 3616 prwdicati
771 3543 1016 3606 fuissent,
1044 3541 1146 3595 nisi
1185 3541 1381 3597 bonum
1408 3536 1533 3592 illud
1558 3552 1694 3605 Opus
1721 3535 1866 3603 ipso-

275 3655 400 3695 rum
426 3638 633 3692 fuisset.
653 3636 730 3691 Ne
750 3635 948 3690 dixeris
977 3637 1143 3698 enim,
1165 3634 1309 3686 illum
1333 3631 1558 3684 obscure
1592 3630 1866 3696 quuutum

276 3729 451 3784 fuisse
479 3745 491 3780 :
527 3737 770 3795 poterant
795 3727 936 3780 enim
979 3724 1052 3777 illi
1086 3734 1138 3776 ct
1163 3721 1418 3776 accedere
1445 3728 1498 3774 et
1520 3720 1867 3786 interrogare,

276 3819 731 3891 quemadmodum
758 3829 813 3873 et
845 3817 1122 3885 discipuli;
1177 3813 1267 3868 sed
1322 3824 1536 3880 torpore
1583 3827 1644 3865 ac
1697 3809 1869 3880 negli-

279 3914 466 3986 gentia
504 3915 735 3980 correpti
784 3913 1086 3965 noluerunt.
1125 3907 1342 3976 Eanid
1376 3906 1517 3971 dico,
1549 3901 1872 3958 noluerunt?

277 4007 494 4062 Etenim
523 4015 706 4057 contra
738 4003 1062 4056 nitebantur.
1096 3999 1209 4054 Non
1247 3999 1418 4053 solum
1446 3998 1587 4052 enim
1617 4014 1720 4050 non
1753 4013 1871 4050 cre-

278 4096 484 4151 debant
507 4110 608 4150 nec
627 4093 931 4157 audiebant,
951 4091 1043 4146 sed
1062 4092 1220 4146 etiam
1241 4088 1639 4158 impugnabant,
1658 4096 1711 4142 et
1735 4103 1876 4158 :rgrc

281 4187 574 4243 admodum
617 4185 760 4238 dicta
791 4184 1098 4248 audiebant,
1135 4181 1274 4251 quod
1320 4181 1634 4250 prophetam
1677 4178 1877 4232 inducit

281 4291 650 4342 accusantem,
673 4289 792 4329 cum
817 4273 966 4338 dicit,
1000 4272 1229 4327 Graviter
1253 4271 1543 4325 audierunt.
1571 4270 1641 4324 At
1668 4286 1772 4323 non
1799 4268 1875 4323 illi

285 4371 429 4423 tales
468 4369 722 4420 fuerunt:
769 4373 1093 4435 quapropter
1115 4363 1300 4416 beatos
1339 4361 1548 4414 dicebat
1591 4376 1706 4414 eos.
1757 4358 1882 4413 Alio

282 4474 506 4530 quoque
533 4457 693 4512 modo
719 4457 1000 4512 Conﬁrmat
1040 4455 1183 4524 ipsos
1211 4454 1293 4508 his
1321 4452 1500 4506 verbis
1533 4469 1546 4504 :
1600 4452 1685 4505 17.
1722 4451 1881 4503 Amen

285 4553 485 4621 quippe
507 4550 620 4604 dico
648 4549 806 4609 vobis,
825 4548 972 4602 multi
999 4547 1256 4617 praplicta:
1279 4555 1326 4598 et
1355 4545 1485 4616 justi
1512 4544 1773 4598 voluerunt
1802 4543 1880 4596 vi-

289 4650 416 4696 dere
426 4651 540 4713 qua:
555 4659 640 4695 vos
657 4641 905 4708 videtis,et
921 4656 1020 4692 non
1036 4639 1338 4703 viderunt,et
1356 4635 1532 4689 audire
1548 4651 1659 4705 qua:
1674 4634 1881 4702 auditis,

287 4743 337 4787 et
370 4750 472 4786 non
498 4731 801 4795 audierunt;
834 4745 1026 4799 nempe
1055 4729 1338 4782 adventum
1382 4742 1579 4792 metun,
1603 4724 1879 4789 miracula,

289 4839 506 4890 vocem,
527 4823 838 4877 doctrinam.
877 4821 974 4875 Hic
1007 4835 1164 4889 porro
1202 4834 1295 4873 eos
1321 4834 1426 4871 non
1455 4817 1614 4871 modo
1663 4815 1885 4886 perditis

292 4920 416 4973 istis
444 4926 497 4972 et
523 4931 747 4985 nequam
780 4912 1105 4978 hominibus,
1135 4910 1227 4965 sed
1273 4912 1431 4965 etiam
1465 4909 1736 4980 praeclaris
1780 4907 1884 4961 illis

293 5009 601 5078 anteponit,
632 5023 752 5060 cum
781 5005 910 5058 dicit
932 5020 1026 5058 cos
1052 5002 1314 5058 beatiores
1345 5003 1450 5056 illis
1475 5016 1594 5055 esse
1614 4999 1636 5052 ?
1659 4999 1761 5053 Cur
1790 5015 1886 5052 au—

298 5099 451 5156 tem?
480 5097 610 5167 Quia
664 5114 768 5151 non
819 5096 978 5167 modo
1008 5112 1125 5164 quae
1165 5094 1334 5150 Judaei
1374 5109 1480 5147 non
1513 5092 1758 5146 viderunt
1787 5091 1884 5158 ipsi

295 5191 572 5256 videbant,
607 5188 700 5244 sed
731 5189 892 5243 etiam
921 5203 982 5241 ea
1013 5202 1132 5256 quae
1161 5185 1319 5255 prisci
1351 5185 1425 5238 illi
1464 5182 1647 5238 videte
1685 5197 1886 5235 concu-

299 5284 574 5359 pierant’.
601 5284 675 5337 Illi
706 5297 934 5351 namque
963 5279 1063 5333 lide
1096 5287 1300 5333 tantum
1324 5276 1604 5340 viderunt;
1633 5274 1685 5327 hi
1713 5283 1888 5327 autem

301 5382 438 5452 ipsis
479 5379 667 5442 oculis,
699 5388 750 5431 ct
781 5377 933 5445 longe
961 5373 1175 5429 clarius.
1201 5370 1399 5426 Viden‘
1448 5366 1716 5439 quomodo
1741 5373 1888 5420 vete-

300 5489 422 5531 rem
453 5471 620 5540 legem
652 5470 842 5522 iterum
881 5482 1001 5520 cum
1028 5479 1161 5518 nova
1194 5461 1428 5532 copulet,
1456 5456 1746 5513 ostendens
1775 5455 1891 5510 illos

373 5609 390 5637 ι
425 5609 566 5653 certe
589 5599 870 5662 legendum,
896 5607 1052 5662 amne
1073 5594 1220 5662 _cm'm
1248 5592 1351 5656 ipse
1365 5590 1522 5662 dicit,
1545 5602 1639 5640 non
1665 5588 1765 5641 risit
1788 5602 1863 5654 per
1877 5613 1903 5624 —

301 5652 530 5731 arietis;
553 5652 698 5731 seduci
715 5659 823 5731 r_is-u.
835 5652 1125 5731 percipiatis,
1151 5662 1197 5706 et
1220 5652 1313 5704 non
1331 5652 1562 5704 videbitis.
1591 5668 1612 5696 »

369 5731 393 5761 ’
429 5719 536 5786 Alii,
560 5723 704 5786 idque
728 5719 948 5786 furiabat.

372 5792 395 5822 ³
695 5779 894 5843 addunt,
916 5789 958 5831 et
984 5793 1074 5832 non
1098 5779 1336 5832 videram.

1217 323 1280 378 IN
1322 320 1728 378 MATTHEUM
1769 319 1997 376 llOlllL.
2041 320 2200 375 XLV.
2243 321 2313 376 al.
2357 322 2539 377 XLVI.

3418 329 3531 384 Ιιῗιῗ

1941 448 2047 490 non
2096 435 2259 491 modo
2305 435 2477 491 futura
2524 437 2741 504 vidisse,
2769 436 2863 492 sed
2893 438 3054 493 etiam
3085 439 3237 494 valde
3257 443 3520 512 concupi-

1936 528 2116 583 visse?
2145 527 2330 598 NeQue
2355 529 2400 582 si
2440 529 2598 583 alieni
2624 528 2732 588 dei.
2759 535 2818 583 et
2859 528 2984 584 huic
3011 531 3264 585 mtrarii
3289 533 3525 588 cichorea

1939 620 2186 688 fuissent,
2214 621 2706 676 iddesiderassent.
2733 622 2821 676 t8.
2848 620 2948 676 Vos
2975 637 3111 688 vei-0,
3138 622 3328 692 inquit,
3345 624 3538 690 quibus

1937 714 1992 767 id
2019 715 2192 768 datam
2216 725 2310 778 est,
2339 715 2512 769 audite
2537 714 2833 784 parabolam
2875 717 3206 780 seminantis;
3251 726 3305 772 et
3342 727 3528 772 narrat

1937 821 2004 862 ea
2031 823 2150 878 qua:
2196 822 2356 877 supra
2403 808 3013 878 diximus.de-segnitie
3058 819 3112 864 et
3137 810 3430 880 diligentia,
3459 810 3540 866 de
3588 821 3600 862 ·.

1938 911 2084 956 metu
2103 911 2163 956 :et
2191 900 2525 964 fortitudine,
2549 901 2618 955 de
2642 900 2843 955 divitiis
2870 911 2926 955 et
2954 909 3267 971 paupertate
3293 921 3306 958 :
3341 912 3527 957 osteu-
3595 882 3604 908 ζ

1939 990 2402 1048 dmsetdamim
2427 991 2551 1046 inde
2567 1001 2620 1045 et
2639 991 2920 1046 utilitatem
2942 991 3067 1047 hinc
3090 1003 3312 1060 partam.
3330 992 3532 1048 Deinde

1939 1081 2120 1137 varios
2157 1080 2361 1136 inducit
2401 1081 2616 1136 virtutis
2653 1081 2860 1136 modos.
2892 1080 3024 1136 Nam
3070 1081 3525 1138 misericors-cum

1941 1172 2033 1237 sit,
2059 1187 2166 1228 non
2209 1188 2368 1228 unam
2414 1173 2626 1241 aperuit
2654 1173 2825 1238 viam,
2856 1187 3030 1241 neque
3071 1171 3228 1240 dixit,
3260 1172 3373 1227 Nisi
3412 1174 3533 1242 quis

1942 1263 2290 1326 centesimum
2341 1263 2570 1318 fructum
2611 1263 2837 1328 fecerit,
2887 1263 2933 1317 is
2983 1262 3216 1327 decidit;
3270 1263 3386 1328 sed,
3432 1263 3534 1330 Qui

1943 1357 2362 1424 sexagesimum,
2412 1355 2522 1408 imo
2563 1355 2656 1424 qui
2708 1354 3038 1423 trigesimum
3088 1353 3314 1420 fecerit,
3354 1354 3535 1410 salvus

1945 1447 2062 1503 erit.
2099 1445 2233 1502 Illud
2255 1456 2436 1501 autem
2467 1448 2545 1500 sic
2569 1446 2850 1517 disposiiit,
2881 1455 2937 1500 ut
2955 1446 3164 1502 facilior
3190 1446 3274 1500 via
3304 1447 3370 1501 ad
3395 1447 3537 1501 salu-

1949 1548 2056 1594 tem
2077 1548 2238 1594 esset.
2261 1539 2327 1593 Et
2354 1549 2406 1592 tu
2430 1554 2559 1608 ergo
2583 1554 2690 1593 non
2723 1546 2876 1608 potes
2905 1539 3261 1608 virginitatem
3284 1539 3536 1602 servare?

1947 1633 2103 1687 (hsta
2136 1633 2463 1687 connubinm
2504 1632 2672 1685 ineas.
2704 1631 2818 1687 Non
2854 1639 3002 1699 potes
3029 1647 3152 1687 esse
3176 1632 3293 1686 sine
3321 1645 3539 1702 posses-

1948 1725 2142 1781 sione?
2197 1726 2276 1780 De
2323 1726 2478 1780 bouis
2530 1725 2633 1778 tuis
2675 1725 2890 1794 largire.
2917 1724 3035 1778 Non
3085 1735 3237 1794 potes
3277 1723 3377 1778 hoc
3404 1739 3538 1776 onus

1951 1817 2129 1872 ferre?
2170 1815 2305 1872 Cum
2332 1815 2543 1871 Christo
2571 1817 2707 1871 bona
2744 1816 2940 1871 divide.
2983 1817 3098 1870 Non
3143 1817 3228 1870 vis
3271 1816 3372 1883 ipsi
3407 1815 3540 1869 dare

1951 1910 2170 1965 ninnia?
2201 1909 2294 1964 Vel
2327 1908 2626 1975 dimidiam,
2657 1909 2739 1963 vel
2767 1909 2980 1963 tertiam
3011 1918 3217 1975 partem
3247 1907 3392 1961 dato.
3411 1905 3540 1960 Ρη-

1953 2011 2034 2058 ter
2062 2010 2184 2056 tuus
2237 2010 2322 2057 est
2359 2009 2413 2056 et
2450 2003 2678 2057 coheres
2714 2009 2836 2052 tuus
2875 2016 2890 2052 :
2933 1998 3018 2053 iac
3053 1997 3205 2051 illum
3243 1995 3332 2050 hic
3375 1999 3541 2051 etiam

1952 2091 2296 2148 coheredem.
2330 2091 2692 2159 Quaecumque
2718 2090 2792 2146 illi
2819 2089 3055 2153 dederis,
3092 2089 3190 2146 tibi
3233 2089 3332 2158 ipsi
3369 2087 3544 2154 dabis.

1953 2183 2068 2238 Non
2110 2182 2264 2238 audis
2289 2182 2416 2250 quid
2460 2181 2593 2236 dicit
2633 2181 2934 2249 propheta?
2981 2181 3306 2250 PrOpinqnas
3339 2177 3555 2233 asininis

1959 2276 2032 2329 uti
2059 2291 2120 2328 ne
2143 2274 2391 2343 despicias
2425 2273 2573 2346 (Isai.
2605 2275 2694 2330 58.
2724 2275 2806 2341 7).
2837 2274 2895 2329 Si
2927 2289 3056 2329 vero
3079 2283 3335 2343 cognatos
3363 2270 3549 2340 despi~

1957 2380 2086 2422 cere
2115 2380 2218 2419 non
2264 2372 2501 2434 oportet,
2529 2365 2698 2418 multo
2743 2365 2918 2418 minus
2963 2363 3382 2432 Dominum,qni
3421 2376 3553 2416 cum

1959 2456 2196 2513 dominio
2215 2455 2375 2519 etiam
2395 2455 2729 2532 cognationis
2753 2455 2843 2523 jus
2865 2465 3040 2510 tecum
3067 2454 3246 2520 habet,
3267 2453 3549 2520 multoque

1962 2551 2114 2620 plura
2137 2549 2258 2602 alia.
2281 2548 2413 2602 Nam
2447 2548 2759 2618 participem
2790 2557 2842 2603 te
2863 2546 2987 2602 fecit
3014 2546 3275 2600 bonorum
3303 2558 3546 2609 suorum,

1961 2657 2083 2696 cum
2115 2640 2244 2694 nihil
2272 2655 2301 2693 a
2334 2647 2385 2694 te
2415 2639 2730 2708 accepisset,
2763 2649 2818 2693 et
2863 2637 2966 2693 hoc
2994 2636 3244 2692 inell‘abili
3290 2635 3549 2690 beneﬁcio

1965 2742 2020 2788 te
2045 2734 2194 2804 prior
2231 2739 2593 2801 provocasset.
2622 2729 2901 2798 Quomodo
2945 2730 3107 2799 igitur
3150 2745 3254 2784 non
3285 2735 3430 2783 esset
3451 2742 3550 2781 ex-

1968 2835 2153 2880 trema:
2180 2823 2463 2878 dementiae
2494 2829 2614 2892 post
2655 2831 2858 2876 tantum
2889 2821 3087 2875 donum
3131 2819 3416 2888 benignum
3444 2832 3552 2874 non

1965 2913 2126 2982 eflici,
2152 2929 2250 2968 nec
2291 2914 2459 2968 vicem
2485 2911 2644 2966 ullam
2673 2925 2771 2981 pro
2807 2918 2950 2965 tanta
2977 2910 3147 2980 gratia
3174 2907 3422 2977 reddere,
3449 2907 3552 2960 mi-

1967 3008 2111 3062 nima
2137 3021 2235 3076 pro
2265 3004 2506 3075 magnis?
2554 3003 2685 3058 Nam
2730 3003 2843 3072 ipse
2869 3012 2924 3057 te
2947 3003 3062 3057 czcli
3089 3000 3359 3056 heredem
3386 2999 3512 3055 fecit
3534 3015 3550 3062 ;

1972 3111 2025 3154 tu
2054 3114 2180 3154 vero
2201 3098 2301 3166 ipsi
2325 3113 2391 3151 ne
2418 3105 2754 3152 terrenarum
2775 3094 2988 3166 quidem
3010 3093 3282 3163 quidpiam
3311 3089 3557 3161 largiris?

1973 3191 2090 3259 ipse
2117 3188 2315 3244 nullius
2358 3197 2412 3242 te
2439 3187 2565 3242 boni
2603 3195 2899 3251 auctorem,
2932 3185 3026 3240 sed
3057 3194 3112 3240 et
3155 3185 3429 3240 inimicum
3453 3183 3556 3236 sibi

1971 3281 2370 3346 reconciliavit;
2401 3287 2456 3333 tu
2485 3293 2616 3334 vero
2644 3293 2745 3334 nec
2768 3278 2941 3332 amico
2967 3292 3068 3332 nec
3095 3275 3422 3333 benefactori
3455 3274 3556 3344 ipsi

1971 3372 2241 3442 quidpiam
2291 3371 2566 3436 retribuis,
2596 3385 2917 3440 quamquam
2963 3380 3017 3423 et
3061 3379 3183 3424 ante
3227 3383 3470 3438 regnum,
3506 3375 3560 3419 et

1974 3473 2099 3518 ante
2124 3472 2318 3518 cmtera
2355 3461 2556 3524 omnia,
2587 3476 2650 3514 ex
2679 3476 2743 3514 eo
2783 3461 2900 3530 ipso
2929 3459 3070 3528 quod
3099 3459 3216 3526 das,
3243 3459 3468 3528 gratiam
3508 3457 3556 3510 ei

1974 3555 2174 3610 referre
2202 3551 2440 3608 debeas?
2469 3551 2677 3606 Etenim
2711 3551 2882 3604 lihcrti
2904 3550 3003 3618 (a),
3032 3550 3120 3618 qui
3152 3550 3310 3604 heros
3334 3563 3461 3603 suos
3491 3546 3561 3600 ad

1975 3645 2278 3700 convivium
2309 3642 2554 3708 invitant,
2586 3657 2691 3695 non
2730 3640 2969 3710 prscbere
2997 3639 3244 3709 gratiam,
3279 3637 3372 3692 sed
3417 3637 3562 3691 acci-

1979 3751 2105 3802 pere
2132 3742 2354 3790 censent
2379 3774 2395 3801 ,
2441 3733 2526 3788 hic
2554 3748 2681 3788 vero
2703 3743 2912 3787 contra.
2945 3731 3056 3786 Non
3084 3733 3225 3786 enim
3253 3746 3446 3785 servus
3467 3730 3565 3785 do—

1981 3827 2205 3891 minum,
2240 3825 2332 3880 sed
2375 3824 2622 3879 dominus
2645 3839 2856 3877 servum
2901 3822 3044 3892 prior
3076 3821 3290 3875 vocavit
3316 3819 3382 3874 ad
3411 3835 3566 3874 mcu-

1979 3933 2129 3982 sam;
2163 3927 2220 3969 tu
2245 3930 2371 3969 vero
2414 3931 2482 3968 ne
2528 3894 3130 3983 postca-quidetn'illuni
3159 3911 3366 3966 vocas?
3415 3910 3569 3965 Prius

1984 4017 2036 4062 te
2064 4007 2165 4061 sub
2195 4015 2389 4060 tectum
2417 4019 2574 4060 suum
2617 4003 2944 4070 introduxit;
2997 4014 3049 4056 tu
3095 4016 3349 4060 veroncc
3373 4016 3572 4056 secun-

1981 4097 2084 4153 dus
2109 4097 2158 4151 id
2189 4095 2345 4165 agis?
2387 4095 2465 4150 'l‘e
2508 4095 2706 4149 nudum
2737 4093 2940 4158 induit;
2991 4101 3044 4147 tu
3089 4109 3217 4148 vero
3268 4094 3442 4161 ipsum
3473 4106 3573 4146 nec

1987 4187 2322 4260 peregrinum
2348 4187 2583 4257 excipis?
2610 4186 2821 4240 Primus
2849 4186 2938 4239 tibi
2968 4200 3032 4238 ex
3065 4185 3230 4238 calice
3258 4198 3357 4238 suo
3387 4191 3578 4251 potum

1985 4278 2163 4342 dedit;
2198 4287 2252 4332 tu
2286 4294 2412 4332 vero
2445 4293 2510 4331 ne
2535 4292 2724 4346 aquam
2756 4275 2970 4344 quidem
3001 4274 3245 4343 frigidam
3277 4273 3414 4327 das?
3463 4273 3569 4326 Po-

1989 4382 2099 4424 tnm
2129 4368 2278 4424 dedit
2306 4368 2400 4422 tibi
2441 4368 2696 4437 Spiritum
2734 4376 2975 4420 sanctum
3001 4382 3016 4430 ;
3051 4375 3104 4418 tu
3134 4379 3263 4418 vero
3287 4379 3352 4418 ne
3379 4378 3572 4432 corpo-

1989 4477 2131 4516 ream
2175 4461 2318 4514 sitim
2345 4459 2462 4529 ejus
2501 4457 2698 4512 sedas?
2744 4457 2932 4511 Potum
2977 4455 3125 4511 dedit
3155 4455 3409 4525 Spiritum
3455 4455 3570 4520 tibi,

1987 4550 2309 4606 cruciatibus
2353 4549 2552 4619 digno;
2602 4557 2657 4602 tu
2697 4563 2828 4601 vero
2869 4546 3135 4601 sitientem
3168 4543 3424 4614 despicis,
3455 4559 3574 4600 cum

1991 4651 2166 4695 tamen
2192 4656 2255 4693 ex
2278 4639 2441 4710 ipsius
2469 4638 2622 4692 bonis
2644 4637 2818 4691 omnia
2846 4637 3134 4707 largiturus
3179 4635 3293 4689 sis?

2062 4755 2114 4809 5.
2149 4753 2479 4823 Eleemosyna
2507 4751 2978 4806 commendatur.——
2989 4749 3178 4820 Nonne
3202 4761 3452 4818 magnum
3472 4745 3580 4800 du-

1991 4847 2071 4902 cis
2095 4856 2148 4901 te
2174 4844 2422 4915 poculum
2449 4842 2576 4898 illud
2599 4851 2804 4909 tenere,
2823 4857 2891 4896 ex
2915 4855 3022 4910 quo
3049 4839 3314 4895 bibiturus
3334 4837 3583 4893 Christus

1995 4949 2098 5005 est,
2129 4947 2186 4994 et
2209 4939 2381 5008 ipsum
2407 4937 2490 4992 ori
2518 4935 2868 4992 admoturus?
2915 4935 3109 4988 Annon
3153 4932 3326 4994 vides,
3349 4930 3449 4986 soli
3491 4946 3582 4984 sa-

1995 5030 2202 5086 cerdoti
2253 5028 2415 5096 licere
2467 5027 2743 5096 sanguinis
2790 5025 3011 5080 calicem
3057 5020 3408 5092 tradere(b)?
3450 5020 3582 5088 Ego,

1998 5121 2166 5192 inquit
2192 5120 2301 5184 ille,
2323 5119 2436 5173 hate
2463 5133 2567 5172 non
2601 5127 2704 5171 tam
2729 5123 2974 5170 accurate
2995 5113 3251 5181 dispicio;
3281 5111 3375 5166 sed
3402 5110 3448 5164 si
3470 5109 3586 5178 ipse

2001 5213 2216 5270 dederis
2235 5211 2461 5280 accipio.
2485 5207 2708 5263 Etiamsi
2734 5207 2900 5262 laicus
2925 5205 3021 5270 sis,
3039 5219 3146 5260 non
3178 5218 3389 5266 recuso,
3409 5216 3584 5271 neque

2001 5303 2141 5374 quod
2169 5302 2290 5357 dedi
2330 5309 2539 5371 repeto.
2577 5298 2694 5354 Non
2735 5297 2876 5352 enim
2905 5296 3218 5366 sanguinem
3245 5309 3449 5364 quaero,
3489 5292 3582 5348 sed

2002 5408 2191 5465 aquam
2217 5391 2478 5462 frigidam.
2493 5388 2680 5459 Cogita
2694 5388 2780 5443 cui
2801 5395 2981 5458 potum
3005 5385 3185 5451 des,.et
3205 5383 3578 5455 perhorresco.

2066 5565 2139 5625 (α)
2173 5563 2226 5613 In
2247 5570 2425 5625 Grzrco,
2451 5574 2602 5625 obticet,
2624 5558 2752 5625 quod
2779 5565 2856 5606 est
2877 5557 2935 5625 ad
2955 5554 3589 5625 _litt_erani,_doiitestiri._sed

2003 5615 2084 5676 hic.
2103 5615 2181 5686 agi
2207 5621 2402 5686 omnino
2413 5615 2618 5686 'videtur
2632 5615 2994 5686 dedomesticis
3008 5615 3104 5667 illis
3126 5617 3230 5678 qui,
3250 5618 3354 5665 beri
3373 5618 3450 5664 sui
3473 5616 3600 5665 libe-

2005 5683 2217 5744 ralitate,
2247 5685 2521 5733 libertatem
2546 5683 2892 5744 adepticrant.

2074 5749 2146 5810 (ἃ)
2180 5737 2273 5798 soli
2295 5745 2532 5805 sacerdoti
2556 5737 2735 5796 licebat
2753 5741 3004 5806 sanguinis
3027 5739 3228 5791 calicem
3249 5737 3471 5789 tradere.
