3908 6198
416 327 523 385 Ub

414 446 600 518 Cogita
623 454 675 503 te
690 445 892 503 Christi
917 444 1253 503 sacerdotem
1284 444 1421 510 fieri,
1449 459 1570 499 cum
1597 458 1757 498 manu
1787 440 2001 512 propria

413 537 511 592 das
554 554 662 593 non
708 553 951 605 carnem,
996 537 1092 593 sed
1139 552 1363 607 panem,
1395 551 1502 590 non
1543 534 1875 604 sanguinem,
1907 530 2002 586 sed

416 632 637 686 calicem
669 647 820 703 aqua)
867 631 1095 702 frigidae.
1133 630 1308 686 lnduit
1336 638 1387 685 te
1415 629 1735 685 vestimento
1757 625 1999 690 salutari,

412 732 465 776 et
488 723 588 777 hoc
610 738 705 792 per
732 724 999 793 seipsum;
1033 733 1088 777 tu
1116 723 1305 783 saltent
1329 737 1422 791 per
1447 734 1660 775 servum
1678 716 2000 774 iudue.Glo—

414 800 616 871 riosum
648 824 701 871 te
740 815 869 870 fecit
915 816 970 870 in
1017 814 1193 879 ctelis;
1246 824 1302 867 tu
1329 828 1360 868 a
1390 811 1586 882 frigore
1633 810 1781 865 illum
1828 808 1997 878 eripe,

414 921 515 960 nec
544 921 650 961 non
692 906 760 962 ab
788 906 1040 962 indecora
1078 904 1338 959 nuditate.
1370 902 1693 973 Angelorum
1737 909 1789 956 te
1816 900 1999 956 conci-

412 1013 533 1053 vem
580 997 740 1064 fecit;
793 1008 849 1053 tu
880 1000 1051 1069 ipsum
1083 998 1185 1053 sub
1214 1008 1356 1053 tecto
1397 995 1605 1066 excipe,
1636 995 1824 1050 saltem
1864 995 2003 1049 sicut

415 1106 580 1146 unum
628 1108 693 1148 ex
744 1092 955 1146 famulis
986 1094 1089 1146 tuis
1118 1092 1263 1145 domi
1294 1091 1567 1160 excipias;
1610 1090 1713 1144 hoc
1755 1089 1999 1143 diverso-

414 1184 551 1235 rium
585 1197 692 1237 nou
727 1197 939 1248 recuso,
973 1183 1095 1237 licet
1126 1191 1293 1236 totum
1336 1181 1430 1235 tibi
1457 1181 1646 1236 czelum
1675 1180 1998 1250 aperuerim.

411 1272 487 1329 Te
507 1290 536 1329 a
566 1275 885 1345 gravissimo
913 1290 1136 1331 carcere
1154 1274 1360 1344 eripui;
1394 1273 1495 1328 hoc
1519 1282 1623 1327 ate
1652 1288 1756 1327 non
1783 1281 1997 1342 expeto,

411 1381 513 1421 nec
541 1366 684 1431 dico,
729 1366 892 1437 Eripe
924 1382 1042 1429 me;
1086 1366 1181 1421 sed
1227 1367 1272 1421 si
1317 1382 1403 1421 me
1436 1366 1668 1420 vinetum
1712 1363 1915 1429 videas,
1946 1363 1999 1419 id

410 1456 541 1510 mihi
586 1456 653 1510 ad
683 1457 1102 1512 consolationem
1134 1456 1265 1511 satis
1291 1466 1394 1511 est.
1427 1456 1690 1510 Mor-tuum
1733 1464 1785 1510 te
1824 1455 1998 1510 susci-

413 1547 517 1601 tavi
542 1562 559 1613 ;
606 1547 660 1602 id
702 1564 731 1601 a
777 1556 828 1603 te
854 1563 958 1603 non
990 1551 1165 1617 exigo,
1195 1550 1290 1602 sed
1334 1547 1477 1611 dico,
1506 1562 1592 1601 me
1619 1558 1876 1616 aegrotum
1906 1560 1998 1601 so-

410 1635 683 1694 lummodo
711 1639 911 1695 visites.
953 1640 1084 1695 Cum
1115 1655 1244 1709 ergo
1276 1648 1419 1694 tanta
1449 1639 1558 1695 sint
1592 1638 1752 1705 dona,
1785 1649 1999 1708 tamque

408 1727 543 1783 levia
581 1739 920 1799 expetantur,
954 1746 1053 1786 nec
1080 1740 1256 1786 tamen
1286 1731 1373 1787 illa
1420 1732 1771 1800 praebeamus,
1801 1738 1996 1800 quanta

411 1836 518 1875 non
545 1822 713 1876 simus
738 1822 883 1892 digni
915 1823 1203 1894 gehenna?
1230 1824 1357 1879 .lure
1380 1826 1430 1878 in
1460 1825 1634 1894 ignem
1661 1824 1871 1879 abimus
1902 1839 1999 1893 pa-

412 1921 587 1967 ratum
614 1912 827 1968 diabolo
853 1923 907 1969 et
928 1915 1133 1986 angelis
1157 1917 1295 1986 ejus,
1320 1931 1440 1971 cum
1470 1930 1575 1970 non
1604 1916 1808 1984 majore
1834 1929 1995 1984 quam

409 2011 559 2071 petra
585 2018 747 2060 sensu
778 2005 986 2074 praediti
1014 2008 1205 2063 simus.
1235 2008 1459 2075 Quanta:
1485 2008 1628 2063 enim
1673 2007 2000 2078 stupiditatis

407 2104 516 2161 est,
542 2112 727 2168 quaeso
766 2107 839 2164 te,
868 2115 1127 2164 nos,cum
1157 2112 1299 2157 tanta
1341 2103 1726 2172 acceperimus,
1767 2112 1821 2157 et
1851 2110 1995 2157 tanta

408 2189 680 2255 accepturi
710 2190 899 2255 simus,
932 2205 1116 2247 servos
1143 2209 1264 2248 esse
1286 2195 1651 2263 pecuniarum,
1675 2209 1808 2265 quas
1839 2195 1997 2265 paulo

410 2288 594 2346 postea
624 2280 705 2335 vel
746 2282 893 2336 inviti
926 2283 1332 2354 relinquemus?
1376 2287 1437 2340 Et
1480 2287 1568 2341 alii
1612 2288 1831 2357 quidem
1873 2289 1993 2342 aui-

412 2387 554 2426 tnam
602 2373 867 2430 dederunt
915 2376 1105 2446 ipsam,
1139 2388 1191 2433 et
1238 2379 1550 2448 sanguinem
1603 2379 1890 2435 fuderunt:
1938 2391 1995 2435 tu

411 2477 541 2519 vero
568 2479 636 2520 ne
664 2468 930 2535 superﬂua
971 2469 1188 2538 quidem
1242 2470 1449 2540 largiris
1505 2483 1725 2541 propter
1770 2488 1990 2543 regnum

423 2599 3274 2627 MM

1160 327 1215 385 S.
1256 326 1533 385 JOANNIS
1568 321 2038 382 CllRYSOSTOMt
2079 322 2397 381 ARCIIIEP.
2427 322 2963 382 CONSTANTINOP.
3590 325 3683 380 £70

2109 439 2385 504 caelorum,
2413 449 2631 509 propter
2661 448 2740 494 tot
2763 439 3030 494 coronas?
3059 437 3123 493 Et
3153 454 3258 508 qua
3297 438 3491 509 dignus
3533 439 3686 497 fueris

2110 530 2284 595 venia,
2318 546 2421 601 qua
2443 533 2806 598 excusatione,
2844 529 3177 602 quissemina
3208 532 3259 585 in
3291 542 3491 587 terram
3520 531 3685 589 liben-

2110 629 2194 676 ter
2223 623 2467 691 projicis,
2500 623 2591 693 qui
2621 623 2753 677 nulli
2799 624 2874 678 rei
2916 622 3090 692 parcis
3117 622 3183 677 ad
3217 624 3469 692 pecunias
3496 624 3690 681 fenore

2109 713 2401 780 locandas;
2429 729 2550 769 cum
2580 724 2761 771 autem
2800 716 2974 786 agitur
2997 715 3065 770 de
3108 716 3334 769 Domino
3366 732 3460 785 per
3499 731 3690 786 egenos

2108 806 2324 873 alendo,
2359 808 2679 863 inlmmanus
2714 808 2987 879 durusque
3015 807 3114 863 es?
3164 808 3287 863 llam
3314 809 3494 879 itaque
3520 812 3689 867 omnia

2108 898 2425 967 cogitantes,
2464 899 2749 967 animoque
2792 908 3119 968 reputantes,
3149 914 3269 969 quae
3307 901 3685 968 acceperimus,

2124 998 2246 1054 qua:
2267 986 2545 1054 accepturi
2565 986 2760 1053 simus,
2784 1003 2906 1058 quae
2936 1004 2966 1043 a
3008 988 3164 1042 nobis
3194 999 3545 1061 expetantur,
3572 1006 3685 1045 oin-

2126 1089 2249 1128 nem
2303 1092 2493 1145 curam
2533 1088 2775 1134 nostram
2825 1082 2878 1135 in
2910 1082 3288 1153 spiritualibus
3315 1082 3691 1138 exhibeanms.

2107 1169 2284 1226 Simus
2333 1171 2545 1226 tandem
2574 1173 2836 1227 mansueti
2867 1184 2920 1228 et
2964 1172 3202 1238 humani,
3247 1188 3315 1227 ne
3363 1172 3691 1227 intolerabile

2106 1263 2423 1337 supplicium
2444 1262 2601 1318 nobis
2614 1264 2962 1319 attrahamus.
2978 1264 3107 1331 Quae
3125 1265 3266 1319 enim
3289 1279 3388 1318 nos
3408 1264 3691 1320 damnandi

2105 1367 2267 1408 causa
2298 1369 2403 1408 non
2434 1355 2687 1424 suppetit,
2715 1354 2805 1425 qui
2851 1369 2970 1410 cum
3016 1364 3094 1410 tot
3135 1356 3402 1426 tantisque
3430 1354 3689 1421 fruamur,

2106 1462 2208 1502 nec
2252 1462 2500 1518 magnum
2528 1448 2652 1519 quid
2692 1457 3022 1518 expetatnra
3054 1449 3243 1513 nobis;
3286 1449 3392 1502 imo
3436 1448 3558 1502 talia
3598 1462 3692 1501 ex-

2105 1531 2375 1610 petantur,
2403 1554 2523 1608 quze
2547 1539 2630 1593 vel
2672 1538 2820 1593 inviti
2864 1539 2950 1595 hic
2994 1539 3374 1608 relinquemus,
3406 1546 3613 1593 tantunt
3640 1537 3692 1593 in

2105 1629 2266 1685 rebus
2287 1630 2631 1686 s:ecularibus
2651 1632 2882 1686 studium
2914 1630 3320 1702 impendamus?
3345 1630 3548 1686 ﬂorum
3578 1632 3691 1687 sin-

2105 1722 2228 1792 gula
2273 1731 2397 1778 sunt
2431 1723 2498 1778 ad
2541 1739 2639 1778 nos
2677 1723 3008 1779 damnandos
3055 1726 3224 1791 satis;
3273 1725 3317 1778 si
3362 1740 3490 1779 vero
3514 1727 3692 1782 omnia

2105 1815 2265 1868 simul
2292 1824 2635 1878 c0ncnrrant,
2656 1831 2776 1884 qua:
2802 1830 2925 1884 spes
2955 1816 3145 1871 salutis
3169 1816 3310 1871 erit?
3339 1816 3408 1871 Ut
3431 1832 3561 1887 ergo
3581 1832 3695 1871 om-

2104 1921 2226 1961 nem
2257 1905 2395 1961 hanc
2424 1906 2821 1962 damnationem
2851 1906 3133 1978 fugiamus,
3177 1907 3465 1978 quamdam
3506 1908 3694 1963 saltem

2105 2011 2227 2067 erga
2258 2012 2459 2067 egenus
2501 1997 2877 2053 liberalitatem
2930 1999 3296 2053 exhibeatnus.
3327 1997 3416 2054 Sic
3462 2000 3607 2053 enim
3645 2009 3696 2053 et

2107 2089 2468 2159 praesentibus
2499 2099 2552 2145 et
2582 2090 2771 2146 futuris
2800 2090 3039 2145 fruemur
3083 2090 3236 2145 bouis
3268 2091 3449 2161 :‘qua:
3494 2092 3694 2144 utinam

2105 2196 2207 2236 nos
2251 2196 2441 2237 omnes
2481 2182 2693 2252 assequi
2736 2184 3029 2253 contingat,
3060 2182 3229 2252 gratia
3279 2192 3334 2236 et
3371 2183 3698 2253 benignitate

2106 2272 2318 2326 Domini
2350 2273 2516 2326 nostri
2544 2271 2667 2326 Jesu
2694 2272 2913 2339 Christi,
2938 2273 3022 2327 cui
3051 2272 3218 2343 gloria
3244 2281 3303 2327 et
3326 2273 3611 2343 imperium
3639 2274 3692 2327 in

2105 2364 2301 2419 smeula
2332 2363 2672 2420 smculorum.
2707 2364 2899 2419 Amen.

1510 2705 1857 2769 HOMILIA
1900 2706 2126 2767 XLVI.
2172 2707 2258 2769 al.
2318 2706 2577 2768 XLVI].

409 2838 540 2898 CAP.
572 2844 660 2900 l5.
695 2860 748 2899 v.
780 2845 871 2900 2i.
932 2849 1099 2901 Aliam
1150 2849 1444 2916 parabolam
1483 2851 1744 2921 proposuit
1783 2851 1874 2913 eis,
1912 2851 1996 2902 tli-

483 2950 600 2989 cens
625 2951 643 2989 :
668 2936 851 2992 Simile
875 2939 1066 3008 factum
1091 2949 1162 2994 est
1186 2956 1394 3010 regnum
1432 2943 1670 2996 actorum
1699 2942 1889 2995 homini
1912 2942 1999 3011 qui

477 3027 693 3081 seminat
732 3028 914 3082 bonum
945 3047 1109 3085 semen
1154 3032 1207 3085 in
1248 3049 1371 3103 agro
1395 3049 1504 3087 suo.
1542 3032 1634 3090 25.
1667 3032 1791 3087 Cum
1830 3042 1999 3085 autent

505 3117 781 3173 dormirent
812 3120 1060 3186 homines,
1094 3124 1224 3176 venit
1251 3124 1361 3193 ejus
1384 3124 1635 3188 inimicus,
1667 3134 1713 3179 et
1737 3124 1999 3178 seminavit

478 3202 675 3263 zinania
710 3229 799 3281 per
824 3214 1044 3266 medium
1082 3215 1254 3280 tritici,
1281 3225 1326 3268 et
1354 3215 1498 3268 abiit.
1530 3214 1621 3271 26.
1646 3213 1720 3287 (a)
1751 3214 1877 3269 Cum
1902 3232 1997 3268 an—

479 3309 576 3353 tem
601 3303 832 3356 crevisset
858 3304 1010 3357 herba
1038 3316 1084 3358 et
1110 3310 1330 3376 fructum
1357 3307 1574 3377 fecisset,
1607 3316 1725 3360 tunc
1746 3324 1997 3377 apparue-

479 3402 598 3446 runt
626 3404 671 3447 et
711 3396 927 3448 zizania.
960 3396 1049 3450 27.
1094 3397 1394 3452 Accedentes
1421 3415 1534 3452 vero
1576 3399 1704 3452 servi
1753 3399 1998 3470 patrisfa-

480 3486 670 3553 milias,
710 3490 948 3543 dixerunt
992 3490 1084 3543 ei:
1126 3489 1360 3558 Domine,
1390 3507 1557 3544 nonne
1598 3489 1786 3544 bonum
1827 3507 1996 3545 semen

477 3579 739 3633 seminasti
766 3582 818 3634 in
850 3599 975 3652 agro
1004 3583 1132 3636 tuo?
1177 3584 1312 3637 unde
1344 3600 1462 3654 ergo
1489 3584 1686 3637 zizania
1705 3585 1730 3637 ν
1773 3583 1865 3638 28.
1895 3582 1996 3648 Qui

478 3669 606 3723 dixit
633 3671 704 3723 eis
722 3688 741 3725 :
769 3670 1012 3726 Inimicus
1038 3674 1187 3727 homo
1215 3675 1310 3728 hoc
1336 3676 1470 3744 fecit.
1502 3674 1649 3729 Servi
1668 3683 1833 3728 autent
1854 3675 1997 3728 dixe-

478 3775 596 3818 runt
616 3766 662 3818 ei
678 3782 697 3821 :
730 3765 815 3821 Vis
834 3784 973 3837 ergo,
993 3768 1229 3821 abeamus
1249 3779 1294 3821 et
1318 3770 1617 3839 colligamus
1644 3786 1701 3823 ea
1718 3770 1744 3823 ?
1778 3768 1870 3823 29.
1896 3768 1996 3823 Ille

480 3865 647 3909 autem
676 3857 805 3911 dixit
823 3873 842 3911 :
874 3856 926 3910 Ν
931 3874 1021 3923 an,
1060 3875 1122 3911 ne
1147 3863 1276 3929 forte
1317 3858 1605 3928 colligentes
1632 3860 1851 3924 zizania,
1880 3875 1994 3913 cra-

479 3946 654 4000 dicetis
686 3948 837 4001 simul
874 3965 987 4001 rum
1018 3952 1087 4003 eis
1127 3960 1173 4002 et
1211 3950 1449 4003 triticum.
1482 3949 1569 4003 30.
1605 3949 1769 4004 Sinite
1788 3961 1997 4019 utraque

480 4056 701 4094 crescere
720 4057 877 4103 usque
896 4041 965 4094 ad
985 4058 1189 4096 messem
1214 4058 1231 4094 :
1259 4050 1306 4095 et
1334 4052 1451 4095 tunc
1472 4042 1637 4095 dicam
1663 4043 1961 4096 messoribus
1975 4058 1994 4095 :

481 4132 714 4202 Colligite
743 4134 961 4203 pronum
986 4134 1202 4188 sizania.
1328 4131 1337 4141 ’

484 4227 532 4279 l.
579 4224 749 4295 Hujus
777 4235 824 4279 et
850 4226 1127 4295 superioris
1167 4227 1423 4295 parabolae
1450 4228 1740 4292 discrimen.
1793 4225 1994 4281 Diaboti

407 4335 625 4373 errorem
652 4318 933 4373 inducentis
960 4320 1197 4374 versutia.
1233 4317 1523 4390 Vigilantia:
1552 4321 1834 4376 necessitas.
1871 4318 1995 4373 Ila:-

406 4412 615 4465 reticum
640 4412 866 4467 occidere
903 4430 1003 4469 non
1044 4421 1259 4483 oportet.
1283 4412 1510 4480 —Quid
1555 4413 1776 4470 interest
1804 4412 1993 4465 discri-

405 4503 565 4557 minis
596 4504 734 4560 inter
764 4504 902 4560 hanc
922 4513 975 4558 et
1005 4505 1335 4574 superiorem
1384 4502 1735 4572 parabolam?
1767 4503 1878 4557 lllic
1910 4503 1991 4557 lo-

405 4595 585 4665 quitur
626 4594 692 4649 de
732 4595 797 4651 iis
847 4595 934 4664 qui
986 4610 1090 4649 non
1135 4594 1511 4658 attenderuut,
1544 4594 1639 4648 sed
1692 4594 1991 4648 resilientes

405 4688 611 4742 semina
656 4686 994 4756 projcceruut
1019 4705 1031 4741 :
1063 4686 1147 4741 hic
1173 4687 1239 4740 de
1266 4686 1638 4740 haereticorum
1665 4684 1893 4739 ctetibus
1917 4685 1993 4737 lo-

404 4779 604 4848 quitur.
638 4776 714 4833 Ne
746 4778 887 4831 enim
918 4777 1207 4846 discipulos
1235 4776 1494 4841 turbaret,
1528 4776 1791 4844 praedixit,
1846 4784 1993 4845 post-

401 4885 561 4941 quam
593 4869 849 4924 docuerat
876 4868 1015 4935 illos,
1035 4883 1132 4923 cur
1158 4867 1209 4921 in
1239 4867 1504 4936 parabolis
1537 4866 1860 4936 loqueretur.
1892 4866 1991 4919 Pa-

402 4962 581 5017 rabola
611 4962 695 5016 illa
726 4960 958 5026 dicebat,
985 4975 1090 5015 non
1117 4968 1422 5029 susceptum
1471 4960 1681 5028 ipsum;
1736 4959 1851 5014 hare
1892 4976 1991 5013 au-

401 5063 530 5119 tem,
555 5061 897 5122 corruptores
917 5052 1075 5107 simul
1099 5061 1398 5121 susceptos.
1435 5050 1558 5105 llmc
1577 5051 1772 5121 quippe
1794 5050 1990 5106 diaboli

405 5147 637 5201 versutia
668 5154 771 5213 est,
803 5154 859 5199 ut
883 5160 1004 5200 cum
1051 5143 1276 5197 veritate
1303 5158 1514 5212 semper
1540 5142 1885 5197 commisceat
1906 5158 1991 5196 er-

404 5253 605 5303 rorem,
633 5238 715 5291 cui
762 5237 1000 5292 veritatis
1044 5236 1279 5291 colorem
1311 5243 1366 5289 et
1394 5234 1796 5289 similitudinem
1837 5232 1991 5289 affin-

402 5337 510 5397 gat,
544 5328 611 5381 ita
660 5338 716 5381 ut
744 5329 1013 5398 simplices
1044 5326 1200 5382 facile
1234 5327 1620 5382 circumvenire
1648 5327 1834 5395 possit.
1866 5325 1990 5381 Ideo

404 5435 512 5476 non
560 5420 663 5474 alia
713 5422 935 5487 semina,
965 5436 1122 5490 quam
1169 5421 1368 5474 zizania
1418 5420 1569 5483 dixit,
1617 5420 1758 5489 quod
1804 5434 1989 5475 semen

402 5511 584 5581 specie
626 5510 839 5580 quidem
870 5510 1133 5565 frumento
1174 5511 1347 5564 simile
1394 5521 1495 5564 est.
1544 5509 1741 5565 Deinde
1772 5509 1989 5564 modum

404 5602 721 5659 insidiarum
747 5602 901 5658 dicit.
919 5601 1052 5656 Dum
1079 5603 1356 5657 dormirent
1377 5603 1625 5668 homines,
1655 5602 1842 5672 inquit.
1872 5601 1989 5657 Non

459 5740 543 5803 (α)
566 5748 682 5801 Qua:
708 5745 993 5803 sequuntur
1016 5739 1273 5803 usquead
1293 5739 1483 5803 initium
1506 5735 1717 5791 homilitn
1737 5736 1916 5803 desunt
1938 5736 1987 5785 in

399 5797 566 5854 Iorel.
585 5797 606 5853 ’ς
634 5801 723 5854 sed
748 5797 992 5853 habentur
1015 5801 1063 5851 in
1086 5797 1227 5850 ςω-ίι.
1255 5807 1306 5850 et
1331 5800 1379 5848 in
1403 5798 1584 5861 aliquot
1607 5797 1954 5862 Manuseriptls.

2109 2864 2330 2918 parvum
2384 2847 2471 2903 hic
2516 2847 2835 2917 prmsulibus
2881 2847 3195 2917 proponitur
3241 2848 3595 2918 ptaecipitium
3643 2858 3696 2903 et

2109 2939 2420 3008 periculum,
2451 2938 2644 3008 quibus
2672 2938 2901 2993 maxime
2931 2939 3044 2993 arvi
3071 2954 3196 2993 cura
3228 2938 3542 2993 demandata
3569 2950 3694 3003 est;

2107 3046 2284 3099 neque
2312 3030 2416 3085 illis
2451 3039 2674 3095 tantum,
2703 3031 2795 3085 sed
2824 3030 2985 3085 etiam
3031 3031 3276 3086 subditis.
3319 3030 3561 3101 Ostendit
3606 3049 3697 3086 ειυ-

2108 3132 2235 3187 tem,
2269 3138 2506 3177 errorem
2535 3130 2654 3192 post
2679 3122 2953 3177 veritatem
2994 3122 3241 3186 venisse;
3286 3121 3340 3176 id
3361 3122 3505 3192 quod
3532 3123 3697 3178 etiam

2106 3230 2285 3270 rerum
2335 3225 2557 3270 eventus
2617 3216 2948 3270 testificatur.
3008 3215 3141 3269 Nam
3202 3224 3319 3285 post
3385 3218 3690 3286 prophetas,

2106 3305 2622 3375 pseudoprophetze;
2668 3313 2785 3374 post
2831 3305 3122 3374 apostolos,
3155 3303 3615 3375 pseudoapostoli,
3643 3317 3696 3361 et

2103 3407 2223 3468 post
2254 3396 2543 3462 Christum,
2575 3396 2955 3451 Antichristus.
3001 3395 3112 3450 Nisi
3143 3395 3286 3451 enim
3330 3396 3577 3451 diabolus
3623 3398 3696 3451 vi-

2104 3487 2245 3541 derit
2276 3487 2399 3557 quid
2444 3486 2641 3540 imitari
2689 3486 2875 3554 possit,
2908 3493 2996 3539 aut
3025 3484 3221 3555 quibus
3269 3485 3530 3549 insidiari,
3562 3487 3695 3541 nihil

2106 3579 2418 3633 insidiarum
2450 3579 2619 3649 ponit,
2652 3577 2783 3631 nihil
2816 3579 2981 3631 novit.
3026 3577 3178 3633 Nunc
3224 3593 3371 3649 ergo,
3401 3579 3529 3649 quia
3560 3579 3693 3632 vidit

2103 3672 2264 3724 alium
2287 3669 2635 3724 centesimum
2665 3668 2881 3733 fecisse,
2899 3668 3063 3722 alium
3087 3669 3507 3739 sexagesimum,
3527 3670 3694 3728 alium

2105 3760 2458 3830 trigesimum,
2486 3760 2587 3814 alia
2619 3759 2872 3827 deinceps
2904 3759 3101 3814 incedit
3140 3761 3244 3813 via.
3290 3758 3422 3825 Quia
3453 3761 3600 3814 enim
3645 3759 3695 3814 id

2102 3852 2244 3923 quod
2282 3852 2486 3907 radices
2512 3860 2763 3921 posuerat
2789 3852 3035 3921 abripere
3076 3866 3181 3905 non
3230 3860 3457 3920 poterat,
3516 3866 3691 3921 neque

2102 3945 2383 4008 suffocare,
2416 3945 2497 4000 vel
2527 3945 2869 4010 comburere,
2904 3960 3000 4013 per
3041 3944 3199 3997 aliam
3252 3944 3511 3997 fallaciam
3560 3944 3693 3998 insi-

2100 4038 2299 4105 diatur,
2333 4052 2425 4092 sua
2471 4039 2713 4091 inserens
2763 4037 2902 4091 aliis.
2939 4036 3004 4090 Et
3058 4036 3109 4089 in
3157 4051 3263 4105 quo
3306 4035 3577 4096 differunt,
3611 4037 3691 4090 iu-

2101 4130 2272 4199 quies,
2310 4129 2360 4183 hi
2393 4129 2723 4183 dormientes
2750 4128 2817 4181 ah
2867 4129 2929 4182 iis
2972 4127 3061 4197 qui
3095 4142 3189 4197 per
3220 4128 3359 4181 viam
3403 4128 3689 4198 signiﬁcati

2102 4220 2353 4276 fuerant?
2382 4220 2533 4288 Quod
2566 4220 2807 4275 videlicet
2840 4220 2907 4273 ibi
2937 4219 3115 4273 statim
3160 4219 3485 4288 abripuerit;
3520 4235 3693 4289 neque

2100 4314 2242 4368 enim
2274 4313 2480 4366 radices
2510 4326 2709 4381 ponere
2736 4310 2979 4380 permisit
3008 4326 3019 4362 :
3058 4308 3144 4364 hic
3171 4325 3298 4364 vero
3326 4310 3530 4379 majore
3558 4328 3692 4380 opus

2100 4403 2345 4458 habuerit
2376 4402 2622 4457 artificio.
2674 4402 2798 4456 lla'c
2843 4411 3023 4454 autem
3053 4400 3182 4454 dicit
3211 4399 3477 4467 Christus,
3510 4408 3565 4454 ut
3592 4402 3690 4455 do-

2098 4507 2219 4550 ceat
2265 4510 2477 4564 semper
2508 4510 2625 4550 esse
2668 4493 3017 4565 vigilandum.
3049 4492 3269 4547 Etiamsi
3298 4492 3462 4559 enim,
3498 4493 3688 4563 inquit,

2102 4588 2218 4644 lure
2259 4598 2580 4643 nocumenta
2610 4587 2849 4657 effugias,
2879 4587 3019 4641 aliud
3041 4587 3215 4641 adlmc
3240 4596 3507 4656 superest.
3542 4587 3689 4643 Sicut

2098 4681 2241 4735 enim
2273 4680 2342 4734 ibi
2374 4695 2469 4748 per
2493 4680 2649 4744 viam,
2680 4694 2777 4748 per
2813 4688 3015 4748 petram
3044 4686 3099 4732 et
3136 4693 3233 4747 per
3276 4678 3497 4749 spinas;
3530 4680 3608 4733 sic
3636 4690 3687 4735 et

2100 4770 2185 4825 hic
2214 4786 2308 4840 per
2336 4784 2581 4824 somnum
2629 4769 2891 4839 pernicies
2920 4769 3126 4823 accedit
3150 4786 3163 4822 :
3198 4781 3529 4840 quapropter
3557 4772 3686 4826 assi~

2097 4862 2200 4915 dua
2233 4876 2368 4930 opus
2396 4869 2479 4914 est
2516 4860 2778 4914 custodia.
2808 4858 2929 4913 Ideo
2954 4858 3168 4913 dicebat
3194 4877 3207 4913 :
3246 4859 3346 4926 Qui
3373 4870 3543 4914 autem
3570 4879 3682 4931 per-

2096 4954 2393 5007 sereraverit
2435 4969 2589 5019 usque
2615 4953 2665 5004 in
2694 4953 2867 5019 ﬁnem,
2911 4952 2992 5005 hic
3018 4952 3188 5006 salvus
3218 4954 3310 5005 erit
3353 4952 3567 5022 (Matth.
3602 4954 3679 5010 l0.

2096 5047 2209 5116 29.).
2245 5046 2430 5102 Simile
2455 5044 2729 5115 quidpiam
2759 5045 2810 5099 iu
2839 5045 3100 5114 principio
3120 5045 3330 5099 accidit.
3364 5045 3513 5100 Multi
3542 5049 3682 5101 enim

2097 5138 2365 5193 antistites
2413 5137 2686 5206 improbos
2736 5136 2882 5191 viros
2914 5135 3298 5191 harresiarchas
3341 5138 3583 5192 occultos
3626 5138 3679 5192 in

2098 5232 2365 5286 Ecclesias
2417 5230 2755 5296 inducentes,
2808 5229 3108 5299 hujusmodi
3164 5229 3370 5284 insidiis
3413 5232 3680 5286 struendis

2097 5324 2403 5380 facultatem
2443 5337 2687 5393 magnam
2741 5323 3037 5391 prmbuere.
3087 5319 3267 5391 Neque
3315 5321 3457 5376 enim
3503 5322 3681 5376 labore

2095 5433 2230 5488 opus
2275 5425 2357 5472 est
2385 5416 2625 5479 diabolo,
2656 5423 2932 5484 postquam
2979 5412 3283 5482 hujusmodi
3334 5411 3679 5467 homincs'in

2097 5509 2275 5565 medio
2303 5508 2547 5563 inseruit.
2595 5508 2661 5561 Et
2683 5506 2952 5575 quomodo
2985 5505 3095 5561 fieri
3129 5515 3327 5575 potest,
3362 5506 3590 5574 inquies,
3623 5512 3678 5557 ut

2096 5619 2199 5657 non
2227 5599 2535 5656 dormiant?
2577 5596 2813 5653 Naturali
2842 5596 3057 5666 quidem
3085 5610 3295 5661 somno,
3328 5596 3438 5649 fieri
3464 5596 3674 5664 nequit;

2094 5692 2384 5748 voluntatis
2404 5704 2615 5752 somno,
2645 5703 2820 5744 secus.
2853 5687 3188 5757 Quapropter
3209 5687 3405 5742 Paulus
3440 5686 3672 5742 dicebat:

2106 5784 2340 5859 Vigilate,
2355 5792 2480 5839 state
2496 5783 2549 5838 in
2563 5780 2732 5854 ﬁde(l
2747 5820 2760 5838 .
2777 5779 2894 5836 Cor.
2907 5779 3109 5852 “5.13).
3126 5777 3235 5837 Nec
3251 5780 3462 5835 noxiam
3480 5783 3669 5841 solum,
