3908 6198
238 252 335 375 δή
1194 304 1257 360 IN
1296 302 1701 361 MATTHIEUM
1742 301 1969 358 HOMIL.
2013 303 2196 360 XLVI.
2235 305 2306 362 al.
2349 306 2545 363 XLVII;

237 431 323 487 sed
352 436 411 484 et
437 422 762 495 superﬂuam
794 434 909 477 rem
932 416 1185 475 ostendit.
1211 416 1344 471 Nam
1370 425 1655 487 postquam
1684 429 1812 484 ager

233 522 407 577 cultus
431 518 551 584 fuit,
566 532 687 571 cum
715 514 858 570 nulla
885 500 947 567 re
960 526 1098 582 opus
1126 520 1228 577 est,
1247 520 1371 565 tunc
1392 510 1648 574 seminat;
1672 507 1813 578 quod

234 622 287 667 et
315 610 551 666 lmretici
582 608 800 671 faciunt,
832 605 924 676 qui
954 604 1167 659 nonnisi
1200 612 1418 673 propter
1460 616 1651 657 vanam
1699 603 1815 672 glo-

237 702 368 756 riam
395 714 658 756 venenum
689 713 845 751 suum
875 695 1141 765 injiciuut.
1190 693 1370 764 Neque
1397 709 1459 749 ex
1490 693 1575 747 his
1608 703 1811 747 tantum

237 791 437 857 verbis,
463 791 555 846 sed
586 789 747 845 etiam
775 804 843 844 ex
875 787 1240 857 sequentibus,
1268 795 1429 839 totam
1462 785 1673 839 illorum
1701 798 1817 840 sce-

239 898 357 937 nam
384 889 632 937 accurate
648 879 935 935 describit:
963 877 1089 933 Cum
1115 877 1405 947 pullulavit,
1432 877 1618 945 inquit,
1641 875 1812 941 herba,

237 982 280 1026 et
308 976 532 1044 fructum
560 973 693 1033 tulit,
716 980 834 1024 tunc
860 978 1205 1040 apparuerunt
1239 977 1284 1022 et
1314 967 1513 1021 zizania
1543 982 1561 1020 .'
1597 966 1738 1036 quod
1762 975 1817 1021 et

237 1064 331 1133 ipsi
364 1062 586 1119 faciunt.
610 1061 768 1116 lnitio
797 1074 1027 1129 namque
1056 1073 1175 1113 sese
1199 1058 1468 1112 occultant
1494 1074 1507 1109 :
1537 1066 1814 1127 postquam

235 1168 361 1208 vero
384 1154 646 1222 majorem
674 1168 932 1221 accepere
952 1151 1227 1212 ﬁduciam,
1259 1159 1312 1202 et
1350 1148 1557 1217 copiam
1582 1150 1801 1203 dicendi

238 1244 379 1298 nacti
431 1254 591 1305 sunt,
652 1255 781 1297 tunc
843 1242 995 1296 virus
1062 1239 1368 1295 eﬂ‘uuduut.
1439 1239 1551 1293 Cur
1613 1249 1797 1294 autem

237 1347 420 1387 servos
476 1333 704 1397 inducit,
739 1349 860 1399 quae
910 1331 1154 1386 accidere
1201 1327 1520 1383 narrantes?
1552 1327 1621 1383 Ut
1680 1329 1809 1383 hinc

232 1433 414 1473 ansam
447 1419 669 1488 arripiat
712 1418 922 1474 dicendi
975 1435 1081 1474 non
1125 1418 1449 1474 occidendos
1500 1420 1621 1474 illos
1669 1436 1807 1475 esse.

232 1510 504 1567 inimicum
535 1513 805 1567 hominem
834 1522 988 1565 vocat
1010 1512 1181 1577 illum,
1206 1512 1273 1566 ob
1294 1512 1487 1567 damna
1509 1529 1628 1581 qua:
1655 1514 1813 1568 infert

234 1601 536 1657 hominibus
564 1620 580 1658 :
622 1603 873 1658 damnum
904 1604 1047 1657 enim
1077 1619 1175 1657 nos
1204 1604 1442 1669 impetit;
1477 1604 1654 1658 damni
1684 1620 1813 1660 vero

231 1696 433 1749 initium
461 1710 566 1750 non
590 1696 712 1750 odio
737 1697 924 1759 nostri,
949 1696 1042 1751 sed
1062 1696 1185 1750 odio
1205 1696 1295 1751 Dei
1322 1697 1515 1751 factum
1540 1708 1641 1752 est.
1658 1697 1813 1753 Unde

231 1789 398 1858 palam
430 1798 532 1854 est,
568 1789 732 1843 Deum
764 1805 862 1843 nos
886 1789 1051 1859 magis
1081 1789 1324 1858 diligere,
1350 1804 1508 1859 quam
1536 1805 1632 1845 nos
1659 1805 1688 1843 a
1716 1805 1813 1844 no-

228 1881 305 1935 bis
337 1880 467 1951 ipsis
517 1881 824 1952 diligamur.
857 1881 959 1937 Sed
1012 1881 1228 1936 aliunde
1273 1883 1457 1938 videre
1486 1891 1570 1936 est
1613 1883 1810 1937 diaboli

225 1975 535 2029 versntiam.
566 1973 682 2028 Non
730 1975 871 2028 enim
921 1976 1150 2029 antehac
1195 1976 1497 2041 seminavit,
1525 1976 1646 2045 quia
1679 1977 1809 2030 nihil

225 2064 360 2135 quod
391 2064 636 2134 perderet
665 2065 883 2131 habuit;
916 2066 1010 2120 sed
1059 2081 1180 2120 cum
1206 2066 1382 2121 omnia
1416 2069 1569 2136 plena
1601 2077 1806 2133 essent,

226 2166 279 2210 ut
303 2166 471 2211 totum
503 2157 752 2228 agricola:
797 2157 1030 2212 studium
1060 2158 1410 2214 labefactaret
1438 2178 1451 2214 :
1489 2160 1566 2214 sic
1596 2161 1811 2216 inimico

226 2263 346 2318 erga
379 2249 528 2303 illum
562 2249 741 2303 animo
770 2260 959 2304 cuncta
990 2249 1234 2305 faciebat.
1264 2251 1393 2306 Vide
1420 2261 1598 2306 autem
1628 2268 1809 2307 servo-

223 2356 336 2395 rum
369 2341 726 2411 diligentiam.
774 2341 907 2396 Nam
934 2342 1134 2397 zizauia
1166 2343 1274 2397 cito
1301 2344 1534 2399 evellere
1563 2345 1806 2415 cupiunt,

222 2434 429 2488 etiamsi
461 2433 511 2487 id
560 2449 663 2488 non
708 2435 1049 2490 considerate
1090 2436 1292 2490 faciant
1341 2455 1355 2491 :
1405 2436 1545 2504 quod
1597 2438 1807 2492 illorum

219 2525 355 2578 circa
389 2526 592 2579 semina
623 2526 1035 2582 sollicitudinem
1067 2527 1324 2593 declarat,
1356 2529 1635 2597 argnitque
1663 2530 1812 2598 ipsos

221 2614 284 2667 ad
316 2632 480 2669 unum
509 2625 711 2670 tantum
742 2619 1029 2684 reSpicere,
1051 2633 1156 2671 non
1185 2633 1291 2686 quo
1321 2628 1476 2688 pacto
1500 2619 1592 2673 ille
1620 2635 1810 2690 poenas

217 2705 347 2760 det:
384 2721 558 2783 neque
585 2708 725 2761 enim
774 2708 902 2761 illud
935 2709 1002 2761 ita
1054 2717 1243 2777 urget;
1279 2709 1373 2764 sed
1428 2724 1497 2764 ne
1542 2710 1684 2777 jacta
1718 2726 1804 2765 se-

220 2798 355 2849 mina
403 2808 647 2865 pereant.
676 2797 798 2851 Ideo
831 2799 878 2851 id
912 2799 1151 2868 cogitant
1194 2811 1250 2853 ut
1280 2800 1527 2856 morbum
1559 2802 1809 2857 celeriter

214 2889 471 2943 avellant.
521 2889 650 2943 illud
699 2904 828 2944 vero
880 2907 984 2944 non
1036 2892 1217 2945 statim
1267 2890 1478 2947 efﬁcere
1506 2902 1802 2961 conantur;

215 2994 389 3047 neque
418 2978 561 3033 enim
589 2979 640 3033 id
671 2981 769 3034 sibi
799 2990 1084 3050 arrogant;
1126 2982 1221 3036 sed
1247 2982 1447 3037 domini
1484 2986 1804 3039 sententiam

213 3078 526 3137 exspectant
561 3070 802 3125 dicentes
832 3090 843 3125 :
888 3071 1014 3126 Vis?
1041 3073 1176 3139 Quid
1217 3074 1377 3143 igitur
1406 3075 1698 3129 dominus?
1751 3077 1807 3131 Id

214 3168 357 3213 vetat
380 3161 597 3213 dicens:
636 3161 718 3215 Ne
745 3167 877 3233 forte
900 3163 1164 3217 eradicetis
1183 3165 1337 3218 simul
1362 3174 1406 3218 el
1432 3167 1674 3219 triticum.
1693 3167 1805 3222 Hoc

213 3266 373 3320 porro
404 3252 639 3319 dicebat,
671 3262 727 3307 ut
754 3254 889 3309 bella
938 3255 1222 3325 caadesque
1263 3257 1593 3324 prohiberet.
1621 3259 1806 3329 Neque

211 3346 349 3398 enim
379 3345 691 3400 haireticum
720 3348 967 3401 occidere
997 3358 1209 3418 oportet
1243 3376 1255 3403 .~
1290 3366 1412 3403 nam
1442 3351 1519 3405 sic
1562 3352 1801 3407 irrecon-

211 3437 444 3492 ciliabile
474 3439 671 3494 bellum
710 3440 762 3493 in
794 3440 976 3494 orbem
1016 3440 1375 3497 induceretur.

282 3530 335 3584 2.
368 3530 514 3602 Erga
554 3533 813 3586 ltwreticos
855 3533 1107 3603 quomodo
1148 3534 1420 3604 agendum.
1468 3534 1802 3590 Mansuetudo

209 3619 420 3676 Christi.
453 3622 681 3677 Granum
707 3625 899 3694 sinapis
926 3623 1175 3694 quomodo
1206 3627 1575 3694 praedicationis
1597 3638 1803 3695 aposto-

208 3712 371 3766 lorum
397 3715 465 3767 sit
490 3715 676 3785 ﬁgura.
717 3714 791 3769 1E
796 3732 987 3768 rumine
1013 3716 1400 3784 prtedicantibus
1424 3734 1524 3770 non
1544 3719 1799 3773 timendar.

205 3832 270 3844 —-
289 3805 384 3860 llis
408 3792 589 3860 autem
606 3806 817 3861 duobus
839 3808 1125 3862 ratiociniis
1154 3817 1396 3862 movetur
1420 3808 1485 3861 ad
1505 3808 1622 3863 illos
1648 3810 1767 3865 cohi
1784 3843 1799 3853 -

204 3895 672 3965 bendoszprimo.
714 3897 854 3967 quod
896 3896 1215 3951 frumentum
1249 3914 1351 3950 non
1384 3898 1667 3963 lmderent;
1711 3916 1801 3954 se-

204 3988 398 4050 cundo,
440 3988 584 4057 quod
614 3987 685 4041 illi
727 3988 1001 4042 incurabili
1042 3988 1228 4042 morbo
1269 3988 1568 4044 laborantes
1595 3991 1800 4060 suppli-

202 4076 340 4130 cium
375 4078 555 4131 luituri
581 4088 780 4133 essent.
805 4078 1136 4148 Quapropter
1162 4078 1208 4132 si
1235 4080 1310 4133 vis
1339 4079 1458 4133 illos
1478 4082 1650 4150 puniri
1684 4082 1800 4135 sine

202 4165 455 4241 frumenti
506 4183 662 4233 noxa,
708 4178 953 4237 exSpecta
998 4180 1202 4237 tempus
1241 4182 1616 4238 opportunum.
1662 4171 1799 4238 Quid

200 4267 379 4312 autem
408 4258 555 4314 aliud
583 4259 682 4313 sibi
710 4261 820 4312 vult
846 4274 968 4314 cum
999 4260 1147 4327 dicit,
1184 4260 1263 4313 Ne
1287 4261 1548 4314 cradicetis
1576 4263 1727 4316 simul
1752 4272 1799 4316 et

201 4357 447 4422 triticum,
474 4372 637 4426 quam
665 4358 763 4411 hoc
787 4357 925 4425 quod
956 4356 1182 4411 dicimus
1206 4373 1219 4409 :
1248 4356 1305 4411 Si
1332 4372 1477 4410 arma
1508 4358 1794 4423 moveatis,

200 4456 255 4500 ut
286 4448 577 4502 haereticos
603 4448 877 4510 occidatis,
920 4448 1116 4501 multos
1154 4447 1313 4501 etiam
1342 4458 1648 4503 sanctorum
1691 4466 1795 4506 una

199 4539 366 4593 occidi
412 4526 636 4594 necesse
664 4548 780 4604 est;
812 4539 894 4593 vel
919 4539 1079 4592 etiam
1105 4539 1254 4591 multi
1298 4554 1366 4593 ex
1394 4541 1507 4594 istis
1544 4541 1791 4606 zizaniis,

198 4638 253 4682 ut
276 4629 578 4685 verisimile
597 4639 698 4693 est,
722 4639 1099 4685 convertentur
1124 4630 1175 4683 in
1205 4629 1561 4685 frumentum?
1582 4632 1636 4687 Si
1668 4648 1796 4703 ergo

197 4720 343 4787 prius
372 4721 500 4775 illos
527 4721 830 4785 eradicetis,
856 4720 1125 4775 frumento
1145 4722 1304 4776 etiam
1335 4733 1562 4778 venturo
1583 4726 1797 4780 nocebi-

199 4810 283 4874 tis,
311 4812 356 4865 si
393 4812 520 4867 illos
548 4812 635 4881 qui
665 4812 856 4866 mutari
885 4821 937 4866 et
961 4812 1087 4866 boni
1116 4812 1252 4866 efﬁci
1284 4822 1525 4883 possunt,
1556 4814 1796 4869 eradice-

196 4900 282 4955 tis.
312 4902 433 4957 Non
467 4902 627 4972 igitur
652 4902 898 4973 prohibet
926 4902 1204 4957 haereticos
1242 4904 1556 4972 reprimere,
1584 4905 1794 4958 illorum

195 5007 285 5046 ora
332 4995 643 5057 obstruere,
685 4994 982 5049 libertatem
1022 4993 1271 5063 loquendi
1311 5008 1581 5057 coercere,
1621 5004 1795 5050 cauus

195 5099 380 5137 eorum
426 5086 664 5150 solvere,
711 5094 860 5155 pacta
904 5100 1190 5154 respuere,
1221 5085 1312 5138 sed
1343 5085 1588 5140 occidere
1632 5078 1792 5140 vetat.

197 5172 271 5226 'l‘u
330 5191 467 5229 vero
512 5176 653 5230 illius
692 5176 1146 5231 mansuetudinem
1189 5175 1479 5247 perpende,
1525 5177 1794 5247 quomodo

196 5267 401 5321 scilicet
445 5284 552 5323 non
580 5269 894 5322 sententiam
938 5269 1109 5322 solum
1152 5267 1339 5322 cﬁ'erat
1364 5277 1418 5322 et
1446 5268 1652 5337 jubcat,
1698 5269 1791 5323 sed

197 5357 353 5411 etiam
388 5360 661 5414 rationem
684 5368 934 5429 exponat.
960 5360 1096 5427 Quid
1127 5375 1255 5430 ergo
1280 5361 1509 5425 eveniet,
1539 5363 1582 5415 si
1627 5377 1796 5431 usque

199 5448 247 5500 in
295 5451 466 5505 linem
517 5452 714 5506 zizania
756 5452 1041 5506 maneant?
1083 5452 1125 5505 Τ
1127 5469 1224 5506 unc
1262 5454 1429 5505 dicam
1470 5456 1789 5520 utessoribus,

200 5539 391 5610 inquit,
419 5540 655 5614 Colligite
681 5545 896 5614 primum
920 5545 1137 5610 zizania,
1170 5553 1217 5597 et
1238 5544 1446 5615 alligate
1469 5561 1528 5598 ea
1552 5547 1605 5598 in
1633 5548 1781 5616 fasci.

199 5634 337 5686 culos
366 5636 440 5687 ad
470 5637 883 5689 comburendum.
907 5636 1145 5692 Revocat
1170 5637 1298 5707 ipsis
1330 5640 1381 5692 in
1405 5648 1788 5693 mentem'vcrm

200 5721 260 5775 ba
285 5724 541 5796 Joannis,
566 5728 761 5797 quibus
790 5729 901 5796 ipse
934 5728 1090 5785 iudex
1121 5728 1489 5796 inducebatur,
1517 5729 1786 5802 dicitque:

3403 316 3503 371 478

1922 414 2093 471 donec
2136 431 2303 488 prope
2342 418 2668 474 frumentum
2707 429 2852 477 stant
2896 422 3094 479 zizania
3118 466 3133 491 ,
3179 426 3506 495 parcendum

1923 506 2053 576 ipsis
2096 522 2250 572 esse;
2297 518 2473 579 potest
2511 511 2653 565 enim
2688 511 2801 567 ﬁeri
2826 522 2882 567 ut
2913 514 3233 570 frumentum
3265 517 3503 572 efﬁcian-

1882 644 1892 653 .
1924 607 2026 653 tur.
2078 599 2210 653 Cum
2252 610 2428 655 autem
2461 603 2606 657 nullo
2640 615 2914 673 reportato
2943 606 3090 662 lucro
3125 609 3501 676 abscesserint,

1923 700 2051 747 tunc
2079 692 2199 747 illos
2227 692 2544 749 inevitabilis
2574 696 2704 750 ultio
2730 697 2977 767 excipiet.
3002 698 3179 754 Dicam
3208 701 3339 754 enim
3375 720 3504 756 mes-

1919 783 2134 847 soribus,
2186 783 2372 853 inquit,
2426 783 2658 857 Colligite
2699 789 2915 855 primum
2960 791 3181 843 zizania.
3229 792 3334 846 Cur
3378 791 3503 846 Pri-

1922 874 2100 926 mum?
2147 874 2222 928 Ne
2258 885 2555 931 terreantur
2603 879 2700 943 illi,
2745 880 2893 949 quasi
2941 882 3171 936 triticum
3221 898 3341 938 cum
3399 885 3505 941 illis

1920 962 2212 1019 auferatur.
2266 966 2332 1021 Et
2372 970 2585 1038 alligata
2623 986 2680 1023 ea
2721 970 2775 1024 in
2800 972 3070 1040 fasciculos
3105 975 3174 1027 ad
3203 976 3502 1030 comburen-

1921 1053 2042 1106 dum
2063 1072 2083 1120 ;
2107 1056 2325 1109 triticum
2346 1070 2516 1111 autem
2546 1072 2844 1131 congregate
2867 1063 2920 1115 in
2941 1064 3193 1118 horreum.
3224 1067 3312 1121 5L
3333 1067 3507 1121 Aliam

1921 1146 2218 1212 parabolam
2254 1154 2491 1217 apposuit
2522 1150 2593 1203 eis
2622 1150 2791 1204 dicens
2824 1168 2842 1204 :
2867 1152 3049 1207 Simile
3069 1165 3140 1208 est
3166 1173 3377 1226 regnum
3404 1174 3506 1212 ca-

1922 1233 2083 1286 lorum
2102 1252 2261 1305 grano
2289 1239 2501 1307 sinapis.
2543 1240 2676 1305 Quia
2706 1243 2848 1296 enim
2876 1243 3030 1309 dixit,
3064 1261 3127 1299 ex
3158 1248 3363 1300 semine
3395 1258 3503 1303 tres

1917 1334 2097 1393 partes
2141 1329 2334 1396 perire,
2372 1346 2645 1401 unamque
2693 1335 2917 1400 servari,
2950 1346 3008 1389 et
3058 1337 3107 1389 in
3157 1338 3255 1392 hac
3293 1354 3510 1408 quoque

1919 1426 2128 1469 servata
2162 1429 2311 1486 parte
2340 1430 2417 1474 tot
2444 1430 2694 1491 tantaque
2734 1426 3013 1481 imminere
3054 1428 3391 1497 detrimenta,
3437 1449 3505 1487 ne

1917 1504 2173 1571 dicereut.
2196 1510 2262 1565 Et
2287 1514 2499 1581 quinam
2530 1525 2834 1584 quantoque
2852 1534 3076 1574 numero
3106 1521 3287 1577 ﬁdeles
3313 1526 3504 1579 erunt?

1918 1595 2059 1651 hunc
2096 1614 2308 1669 quoque
2353 1615 2552 1658 metum
2592 1606 2783 1673 aufert,
2828 1609 2949 1663 illos
2978 1626 3072 1678 per
3095 1614 3400 1681 parabolatu
3432 1616 3502 1669 si-

1917 1689 2069 1757 napis
2115 1690 2180 1744 ad
2228 1691 2383 1746 ﬁdem
2428 1694 2700 1762 inducens,
2742 1700 3135 1770 Ostendensque
3164 1704 3499 1771 praedicatio-

1917 1795 2039 1834 nem
2081 1782 2276 1852 ubique
2316 1800 2657 1853 pervasuram
2700 1805 2839 1844 esse.
2880 1791 3004 1847 ldco
3028 1794 3188 1850 oleris
3216 1796 3504 1866 imaginem

1917 1870 1969 1925 in
2003 1872 2237 1927 medium
2266 1875 2487 1930 adduxit
2512 1877 2634 1933 huic
2660 1891 2974 1949 argumento
3002 1884 3284 1940 admodum
3308 1903 3502 1957 oppor-

1918 1971 2098 2016 tunam
2125 1982 2138 2016 :
2173 1964 2261 2020 32.
2307 1965 2455 2032 Quod
2491 1970 2656 2024 minus
2683 1981 2771 2036 est,
2818 1972 3005 2041 inquit,
3036 1978 3263 2031 omnibus
3294 1982 3501 2035 semini-

1916 2054 2043 2120 bus;
2067 2071 2181 2109 cum
2202 2068 2367 2111 autem
2391 2063 2614 2125 creverit,
2649 2065 2814 2132 majus
2839 2075 2911 2118 est
2938 2068 3167 2122 omnibus
3187 2071 3422 2136 oleribus,
3455 2084 3502 2127 et

1915 2144 1972 2213 ﬁt
1995 2145 2166 2211 arbor,
2195 2149 2268 2201 ita
2294 2159 2348 2202 ut
2376 2150 2603 2206 volucres
2629 2155 2741 2206 ειειὶ
2765 2156 2980 2218 veniant,
3012 2168 3057 2210 et
3095 2160 3148 2213 in
3194 2163 3348 2216 ramis
3392 2167 3501 2234 ejus

1915 2236 2157 2291 habitent.
2197 2239 2575 2310 Maguitudinis
2616 2246 2758 2299 enim
2806 2247 3057 2303 iudicium
3096 2251 3369 2309 declarare
3401 2272 3497 2311 vo-

1915 2328 2030 2383 luit.
2065 2329 2172 2396 Sic,
2220 2332 2410 2403 inquit,
2459 2344 2513 2388 et
2556 2336 2607 2389 in
2658 2337 3037 2406 prmdicatione
3062 2345 3183 2398 erit.
3226 2345 3356 2399 Nam
3386 2363 3499 2402 om-

1915 2418 2060 2473 nium
2093 2423 2441 2478 infirmissimi
2477 2436 2627 2479 erant
2670 2427 2951 2497 discipuli,
3010 2435 3353 2505 omniumque
3397 2440 3497 2491 mi-

1913 2512 2041 2566 nimi
2073 2530 2087 2566 :
2120 2525 2353 2571 attamen
2396 2523 2516 2588 quia
2562 2535 2751 2590 magna
2783 2521 2835 2575 in
2879 2523 3006 2592 ipsis
3034 2527 3198 2581 virtus
3237 2539 3370 2593 erat,
3404 2546 3501 2600 per

1914 2612 2082 2660 totum
2110 2609 2297 2663 orbem.
2324 2609 2490 2665 cll‘usa
2517 2621 2619 2666 est.
2658 2612 2861 2667 Deinde
2890 2616 2989 2670 sub
3018 2616 3115 2671 bac
3145 2618 3373 2690 imagine
3396 2623 3499 2677 ler-

1913 2707 2151 2752 meutum
2183 2702 2376 2769 posuit,
2409 2702 2592 2757 dicens
2625 2721 2637 2757 :
2667 2705 2757 2758 35.
2792 2704 2974 2760 Simile
3000 2718 3069 2761 est
3095 2725 3304 2778 regnum
3342 2715 3498 2767 caelo-

1912 2805 2028 2842 rum
2048 2793 2313 2861 fermento,
2341 2795 2476 2863 quod
2503 2807 2761 2866 acceptum
2792 2798 2972 2852 mulier
3000 2800 3261 2856 abscondit
3283 2805 3334 2858 in
3367 2805 3498 2874 fari-

1914 2899 1994 2937 nae
2032 2888 2156 2938 satis
2198 2886 2375 2953 tribus,
2422 2888 2580 2942 donec
2624 2894 2982 2960 fermentatum
3018 2904 3089 2946 est
3126 2903 3306 2950 totum.
3351 2898 3498 2955 Sicut

1914 2977 2056 3030 cnim
2100 2975 2422 3033 fermentum
2462 2982 2642 3035 multa:
2686 2982 2869 3035 far-inte
2899 2984 3004 3037 vim
3033 3000 3183 3040 suam
3215 2988 3378 3055 indit,
3420 2992 3500 3046 sic

1914 3075 1969 3121 ct
1993 3083 2092 3123 vos
2119 3077 2285 3123 totum
2318 3072 2572 3125 mundum
2590 3075 2947 3128 convertetis.
2991 3076 3055 3129 Et
3094 3078 3215 3132 vide
3260 3080 3498 3149 pruden-

1913 3158 2061 3212 tiam.
2104 3159 2317 3215 Natura:
2355 3162 2611 3233 imagines
2649 3164 2825 3230 affert,
2870 3182 2977 3235 quo
3001 3169 3265 3237 ostendat,
3294 3183 3350 3225 ut
3384 3173 3498 3229 haec

1912 3252 2204 3305 secundum
2256 3254 2554 3307 naturalem
2606 3269 2785 3309 rerum
2830 3259 3028 3311 seriem
3076 3264 3379 3317 necessario
3423 3265 3496 3321 ita

1911 3342 2065 3409 ﬁunt,
2108 3345 2185 3398 sic
2231 3355 2287 3400 et
2330 3345 2450 3399 ista.
2501 3346 2577 3400 Ne
2613 3347 2740 3400 mihi
2769 3348 2967 3403 dixeris
2995 3368 3009 3403 :
3037 3351 3171 3418 Quid
3202 3356 3496 3423 poterimus

1911 3437 2188 3491 duodecim
2220 3437 2465 3493 homines
2498 3440 2549 3492 in
2580 3448 2779 3494 tantam
2818 3443 3211 3501 multitudinem
3258 3448 3496 3503 inciden-

1911 3527 2031 3582 tes?
2067 3527 2196 3582 Nam
2239 3528 2468 3596 idipsum
2510 3532 2740 3586 maxime
2777 3533 3027 3587 virtutem
3058 3544 3284 3589 vestram
3313 3539 3497 3607 splen-

1908 3616 2085 3671 didam
2130 3618 2322 3684 reddit,
2357 3619 2497 3688 quod
2528 3621 2849 3675 multitudini
2880 3622 3097 3679 admixti
3124 3642 3228 3680 non
3260 3627 3492 3698 fugiatis.

1908 3709 2364 3776 Quemadmodum
2395 3720 2449 3767 et
2474 3712 2792 3768 fermentum
2823 3724 2945 3768 tunc
2991 3731 3221 3771 massam
3262 3719 3494 3775 fermen-

1910 3810 2005 3865 tat,
2044 3816 2165 3856 cum
2211 3803 2397 3858 farinae
2440 3804 2791 3870 admovetur;
2835 3822 2934 3861 nec
2966 3808 3124 3861 modo
3149 3810 3493 3878 admovetur,

1906 3894 2000 3949 sed
2046 3895 2115 3948 ita
2156 3903 2214 3948 ut
2250 3896 2568 3961 misceatur;
2618 3912 2721 3950 non
2770 3898 2910 3951 enim
2964 3898 3278 3968 simpliciter
3319 3902 3489 3970 dixit,

1908 3986 2107 4048 Posuit,
2134 3988 2249 4053 sed,
2276 3988 2548 4041 Abscondit
2568 4004 2587 4042 :
2618 3989 2693 4041 sic
2722 3997 2775 4043 et
2801 4004 2894 4043 vos
2916 3992 3222 4059 agglutinati
3254 4004 3305 4048 et
3321 3994 3497 4063 juncti

1906 4096 2026 4134 cum
2060 4080 2497 4149 impugnantihus
2523 4095 2637 4138 vos.
2682 4082 2825 4149 ipsos
2864 4083 3205 4149 superabitis.
3254 4086 3317 4138 Et
3353 4088 3492 4141 sicut

1905 4170 2032 4225 illud
2064 4172 2307 4225 obruitur
2334 4171 2384 4223 in
2414 4157 2608 4235 massa,
2642 4172 2734 4225 sed
2765 4186 2869 4225 non
2900 4174 3173 4241 perditur,
3226 4177 3315 4230 sed
3359 4192 3490 4245 pau-

1906 4262 2050 4315 latim
2077 4262 2169 4315 toti
2202 4276 2392 4315 massa:
2420 4262 2522 4314 vim
2554 4277 2702 4315 suam
2741 4263 2873 4316 indit
2909 4283 2921 4318 :
2955 4265 3181 4333 idipsum
3215 4268 3265 4320 in
3293 4269 3486 4336 prandi-

1903 4354 2110 4407 catione
2149 4353 2436 4421 continget.
2473 4351 2550 4405 Ne
2589 4353 2762 4420 itaque
2806 4355 2926 4423 quia
2976 4356 3169 4409 multas
3219 4372 3487 4411 aerumnas

1903 4446 2146 4516 prazdixi,
2197 4444 2317 4499 ideo
2361 4445 2592 4499 timentis
2625 4463 2637 4499 :
2672 4461 2793 4500 nam
2824 4447 2902 4500 sic
2938 4448 3203 4516 splendidi
3245 4450 3394 4504 eritis
3435 4460 3493 4507 et

1902 4535 2081 4590 omnia
2130 4534 2469 4603 superabitis.
2522 4535 2643 4588 Tria
2675 4551 2836 4604 porro
2863 4546 2975 4589 sata
3006 4538 3090 4591 hic
3129 4539 3291 4593 multa
3319 4540 3487 4610 signi-

1904 4627 2093 4691 ficant;
2143 4627 2281 4680 hunc
2306 4628 2501 4696 quippe
2528 4642 2808 4681 numerum
2841 4629 2981 4683 solet
3016 4644 3114 4699 pro
3149 4632 3494 4689 multitudine

1901 4716 2175 4771 adhibere.
2224 4716 2302 4770 Ne
2350 4718 2558 4771 mireris
2604 4726 2805 4782 autem,
2849 4719 2894 4772 si
2933 4718 3003 4773 de
3038 4736 3203 4790 regno
3242 4723 3472 4792 loquens.

1900 4825 2122 4880 granum
2166 4821 2219 4863 et
2259 4811 2579 4864 fermentum
2624 4820 2907 4875 memoret,
2956 4811 3261 4867 hominibus
3288 4816 3487 4884 quippe

1903 4903 2214 4973 loquebatur
2250 4902 2508 4969 imperitis
2548 4911 2602 4955 et
2647 4903 2863 4971 ignaris,
2906 4918 3040 4972 quos
3077 4919 3210 4973 opus
3246 4916 3363 4958 erat
3405 4906 3495 4960 bis

1900 4995 2051 5063 erigi.
2087 4993 2223 5047 Nam
2248 4994 2317 5046 ita
2349 4993 2619 5060 simplices
2650 5003 2822 5056 erant,
2851 5004 2908 5046 nt
2941 5005 3121 5061 postea
3153 4996 3317 5047 multa
3348 5011 3493 5063 onus.

1904 5087 2160 5141 haberent
2200 5086 2657 5154 interpretatione.
2707 5085 2805 5139 Ubi
2836 5088 3242 5155 suntgentiles?
3281 5088 3479 5145 Christi

1901 5178 2149 5231 virtutem
2176 5177 2434 5239 ediscant,
2464 5191 2641 5231 rerum
2664 5177 2941 5230 veritatem
2969 5180 3397 5247 conspicientes;
3431 5193 3486 5236 et

1902 5269 1999 5322 hac
2039 5279 2260 5336 utraque
2303 5269 2371 5321 de
2415 5282 2574 5322 causa
2626 5268 2772 5321 illum
2817 5267 3062 5335 adorent,
3111 5272 3332 5339 etquod
3371 5288 3483 5327 rem

1905 5369 2101 5414 tantam
2143 5356 2471 5428 praedixerit,
2524 5367 2578 5411 et
2620 5357 2761 5427 quod
2806 5359 2944 5411 illam
2986 5359 3306 5428 impleverit.
3352 5362 3482 5417 Nam

1900 5453 2014 5521 ipse
2043 5462 2124 5506 est
2149 5452 2239 5522 qui
2269 5453 2370 5505 vim
2401 5452 2664 5505 fenueuto
2695 5452 2845 5504 indit.
2886 5452 3007 5506 Ideo
3034 5453 3357 5507 multitudini
3391 5457 3484 5509 ad-

1900 5546 2111 5599 miscuit
2152 5559 2245 5598 eos
2284 5545 2373 5613 qui
2416 5544 2467 5597 in
2517 5559 2575 5597 se
2623 5542 2933 5610 credebant,
2982 5554 3038 5597 ut
3076 5544 3487 5614 intelligentiam

1901 5647 2137 5693 nostram
2168 5645 2353 5691 mutuo
2384 5637 2677 5691 tradamus.
2720 5635 2889 5691 Nemo
2914 5638 2980 5691 de
3015 5638 3279 5706 paucitate
3304 5640 3483 5692 causi-

1904 5729 2113 5785 ﬁcctur.
2165 5728 2320 5782 Multa
2368 5726 2563 5797 quippe
2602 5736 2688 5781 est
2733 5726 3125 5798 praedicationis
3176 5728 3379 5787 virtus;
3427 5736 3483 5785 ut
