  <div class='ocr_page' id='page_1' title='image "/cluster/home/n/w/nwhite01/storage/ocr_20150623/57-58/hvd.32044012465811/415.png"; bbox 0 0 3908 6198; ppageno 0'>
   <div class='ocr_carea' id='block_1_1' title="bbox 404 335 502 390">
    <p class='ocr_par' dir='ltr' id='par_1_1' title="bbox 404 335 502 390">
     <span class='ocr_line' id='line_1_1' title="bbox 404 335 502 390; baseline 0 0"><span class='ocrx_word' id='word_1_1' title='bbox 404 335 502 390; x_wconf 69' lang='lat' dir='ltr'><strong>U9</strong></span> 
     </span>
    </p>
   </div>
   <div class='ocr_carea' id='block_1_2' title="bbox 399 431 1980 520">
    <p class='ocr_par' dir='ltr' id='par_1_2' title="bbox 399 431 1980 520">
     <span class='ocr_line' id='line_1_2' title="bbox 399 431 1980 520; baseline -0.012 -16"><span class='ocrx_word' id='word_1_2' title='bbox 399 450 543 520; x_wconf 86' lang='lat' dir='ltr'><strong>quod</strong></span> <span class='ocrx_word' id='word_1_3' title='bbox 588 444 754 501; x_wconf 80' lang='lat' dir='ltr'><strong>semel</strong></span> <span class='ocrx_word' id='word_1_4' title='bbox 803 442 1176 498; x_wconf 88' lang='lat' dir='ltr'><strong>fermentatum</strong></span> <span class='ocrx_word' id='word_1_5' title='bbox 1225 447 1340 504; x_wconf 90' lang='lat' dir='ltr'><strong>est,</strong></span> <span class='ocrx_word' id='word_1_6' title='bbox 1389 435 1706 492; x_wconf 90' lang='lat' dir='ltr'><strong>fermentum</strong></span> <span class='ocrx_word' id='word_1_7' title='bbox 1761 431 1980 502; x_wconf 85' lang='lat' dir='ltr'><strong>reliquis</strong></span> 
     </span>
    </p>
   </div>
   <div class='ocr_carea' id='block_1_3' title="bbox 399 524 1982 603">
    <p class='ocr_par' dir='ltr' id='par_1_3' title="bbox 399 524 1982 603">
     <span class='ocr_line' id='line_1_3' title="bbox 399 524 1982 603; baseline -0.014 -5"><span class='ocrx_word' id='word_1_8' title='bbox 399 543 651 599; x_wconf 83' lang='lat' dir='ltr'><strong>efﬁcitur.</strong></span> <span class='ocrx_word' id='word_1_9' title='bbox 701 538 781 592; x_wconf 85' lang='lat' dir='ltr'><strong>Ac</strong></span> <span class='ocrx_word' id='word_1_10' title='bbox 821 531 1264 603; x_wconf 83' lang='lat' dir='ltr'><strong>quemadmodum</strong></span> <span class='ocrx_word' id='word_1_11' title='bbox 1303 529 1530 584; x_wconf 90' lang='lat' dir='ltr'><strong>scintilla</strong></span> <span class='ocrx_word' id='word_1_12' title='bbox 1572 542 1692 582; x_wconf 91' lang='lat' dir='ltr'><strong>cum</strong></span> <span class='ocrx_word' id='word_1_13' title='bbox 1742 525 1794 578; x_wconf 92' lang='lat' dir='ltr'><strong>in</strong></span> <span class='ocrx_word' id='word_1_14' title='bbox 1843 524 1982 592; x_wconf 84' lang='lat' dir='ltr'><strong>ligna</strong></span> 
     </span>
    </p>
   </div>
   <div class='ocr_carea' id='block_1_4' title="bbox 400 614 2018 698">
    <p class='ocr_par' dir='ltr' id='par_1_4' title="bbox 400 614 2018 698">
     <span class='ocr_line' id='line_1_4' title="bbox 400 614 2018 698; baseline -0.014 -8"><span class='ocrx_word' id='word_1_15' title='bbox 400 632 608 698; x_wconf 92' lang='lat' dir='ltr'><strong>incidit,</strong></span> <span class='ocrx_word' id='word_1_16' title='bbox 648 628 923 686; x_wconf 85' lang='lat' dir='ltr'><strong>combusta</strong></span> <span class='ocrx_word' id='word_1_17' title='bbox 965 627 1016 680; x_wconf 92' lang='lat' dir='ltr'><strong>iu</strong></span> <span class='ocrx_word' id='word_1_18' title='bbox 1042 624 1310 679; x_wconf 81' lang='lat' dir='ltr'><strong>flammam</strong></span> <span class='ocrx_word' id='word_1_19' title='bbox 1356 620 1641 683; x_wconf 93' lang='lat' dir='ltr'><strong>convertit,</strong></span> <span class='ocrx_word' id='word_1_20' title='bbox 1665 627 1720 674; x_wconf 89' lang='lat' dir='ltr'><strong>et</strong></span> <span class='ocrx_word' id='word_1_21' title='bbox 1759 617 1837 670; x_wconf 92' lang='lat' dir='ltr'><strong>sic</strong></span> <span class='ocrx_word' id='word_1_22' title='bbox 1879 614 2018 668; x_wconf 87' lang='lat' dir='ltr'><strong>alia-</strong></span> 
     </span>
    </p>
   </div>
   <div class='ocr_carea' id='block_1_5' title="bbox 401 707 1980 790">
    <p class='ocr_par' dir='ltr' id='par_1_5' title="bbox 401 707 1980 790">
     <span class='ocr_line' id='line_1_5' title="bbox 401 707 1980 790; baseline -0.015 -10"><span class='ocrx_word' id='word_1_23' title='bbox 401 724 604 783; x_wconf 86' lang='lat' dir='ltr'><strong>lnvadit</strong></span> <span class='ocrx_word' id='word_1_24' title='bbox 633 741 647 777; x_wconf 90' lang='lat'><strong>:</strong></span> <span class='ocrx_word' id='word_1_25' title='bbox 681 723 752 776; x_wconf 93' lang='lat' dir='ltr'><strong>ita</strong></span> <span class='ocrx_word' id='word_1_26' title='bbox 777 729 832 776; x_wconf 91' lang='lat' dir='ltr'><strong>et</strong></span> <span class='ocrx_word' id='word_1_27' title='bbox 856 717 1184 790; x_wconf 64' lang='lat' dir='ltr'><strong>praedicatio.</strong></span> <span class='ocrx_word' id='word_1_28' title='bbox 1232 715 1350 769; x_wconf 87' lang='lat' dir='ltr'><strong>Non</strong></span> <span class='ocrx_word' id='word_1_29' title='bbox 1388 711 1523 767; x_wconf 84' lang='lat' dir='ltr'><strong>dixit</strong></span> <span class='ocrx_word' id='word_1_30' title='bbox 1553 718 1728 764; x_wconf 89' lang='lat' dir='ltr'><strong>tamen</strong></span> <span class='ocrx_word' id='word_1_31' title='bbox 1762 707 1938 777; x_wconf 88' lang='lat' dir='ltr'><strong>ignem</strong></span> <span class='ocrx_word' id='word_1_32' title='bbox 1963 745 1980 770; x_wconf 91' lang='lat'><strong>,</strong></span> 
     </span>
    </p>
   </div>
   <div class='ocr_carea' id='block_1_6' title="bbox 399 796 1983 879">
    <p class='ocr_par' dir='ltr' id='par_1_6' title="bbox 399 796 1983 879">
     <span class='ocr_line' id='line_1_6' title="bbox 399 796 1983 879; baseline -0.015 -8"><span class='ocrx_word' id='word_1_33' title='bbox 399 815 496 872; x_wconf 89' lang='lat' dir='ltr'><strong>sed</strong></span> <span class='ocrx_word' id='word_1_34' title='bbox 523 815 877 875; x_wconf 81' lang='lat' dir='ltr'><strong>fermentum;</strong></span> <span class='ocrx_word' id='word_1_35' title='bbox 908 807 1114 879; x_wconf 81' lang='lat' dir='ltr'><strong>quare?</strong></span> <span class='ocrx_word' id='word_1_36' title='bbox 1139 805 1269 873; x_wconf 88' lang='lat' dir='ltr'><strong>Quia</strong></span> <span class='ocrx_word' id='word_1_37' title='bbox 1300 803 1368 857; x_wconf 87' lang='lat' dir='ltr'><strong>ibi</strong></span> <span class='ocrx_word' id='word_1_38' title='bbox 1399 817 1504 856; x_wconf 92' lang='lat' dir='ltr'><strong>non</strong></span> <span class='ocrx_word' id='word_1_39' title='bbox 1549 809 1716 855; x_wconf 91' lang='lat' dir='ltr'><strong>totum</strong></span> <span class='ocrx_word' id='word_1_40' title='bbox 1755 797 1824 852; x_wconf 89' lang='lat' dir='ltr'><strong>ab</strong></span> <span class='ocrx_word' id='word_1_41' title='bbox 1862 796 1983 865; x_wconf 87' lang='lat' dir='ltr'><strong>igne</strong></span> 
     </span>
    </p>
   </div>
   <div class='ocr_carea' id='block_1_7' title="bbox 401 891 1983 973">
    <p class='ocr_par' dir='ltr' id='par_1_7' title="bbox 401 891 1983 973">
     <span class='ocr_line' id='line_1_7' title="bbox 401 891 1983 973; baseline -0.014 -9"><span class='ocrx_word' id='word_1_42' title='bbox 401 909 594 973; x_wconf 92' lang='lat' dir='ltr'><strong>oritur,</strong></span> <span class='ocrx_word' id='word_1_43' title='bbox 636 904 731 960; x_wconf 88' lang='lat' dir='ltr'><strong>sed</strong></span> <span class='ocrx_word' id='word_1_44' title='bbox 778 902 937 959; x_wconf 86' lang='lat' dir='ltr'><strong>simul</strong></span> <span class='ocrx_word' id='word_1_45' title='bbox 982 903 1142 956; x_wconf 86' lang='lat' dir='ltr'><strong>etiam</strong></span> <span class='ocrx_word' id='word_1_46' title='bbox 1183 914 1212 952; x_wconf 90' lang='lat' dir='ltr'><strong>a</strong></span> <span class='ocrx_word' id='word_1_47' title='bbox 1239 896 1395 966; x_wconf 77' lang='lat' dir='ltr'><strong>lignis</strong></span> <span class='ocrx_word' id='word_1_48' title='bbox 1423 894 1694 957; x_wconf 79' lang='lat' dir='ltr'><strong>incensis;</strong></span> <span class='ocrx_word' id='word_1_49' title='bbox 1741 891 1828 945; x_wconf 89' lang='lat' dir='ltr'><strong>hic</strong></span> <span class='ocrx_word' id='word_1_50' title='bbox 1855 904 1983 943; x_wconf 90' lang='lat' dir='ltr'><strong>vero</strong></span> 
     </span>
    </p>
   </div>
   <div class='ocr_carea' id='block_1_8' title="bbox 401 983 1984 1066">
    <p class='ocr_par' dir='ltr' id='par_1_8' title="bbox 401 983 1984 1066">
     <span class='ocr_line' id='line_1_8' title="bbox 401 983 1984 1066; baseline -0.014 -9"><span class='ocrx_word' id='word_1_51' title='bbox 401 1003 721 1056; x_wconf 78' lang='lat' dir='ltr'><strong>fermentum</strong></span> <span class='ocrx_word' id='word_1_52' title='bbox 772 1012 867 1066; x_wconf 87' lang='lat' dir='ltr'><strong>per</strong></span> <span class='ocrx_word' id='word_1_53' title='bbox 909 1010 968 1049; x_wconf 91' lang='lat' dir='ltr'><strong>se</strong></span> <span class='ocrx_word' id='word_1_54' title='bbox 1016 1001 1182 1046; x_wconf 92' lang='lat' dir='ltr'><strong>totum</strong></span> <span class='ocrx_word' id='word_1_55' title='bbox 1223 988 1406 1045; x_wconf 89' lang='lat' dir='ltr'><strong>eflicit.</strong></span> <span class='ocrx_word' id='word_1_56' title='bbox 1454 985 1605 1052; x_wconf 85' lang='lat' dir='ltr'><strong>Quod</strong></span> <span class='ocrx_word' id='word_1_57' title='bbox 1651 985 1694 1039; x_wconf 89' lang='lat' dir='ltr'><strong>si</strong></span> <span class='ocrx_word' id='word_1_58' title='bbox 1741 983 1984 1038; x_wconf 84' lang='lat' dir='ltr'><strong>homines</strong></span> 
     </span>
    </p>
   </div>
   <div class='ocr_carea' id='block_1_9' title="bbox 399 1078 1982 1149">
    <p class='ocr_par' dir='ltr' id='par_1_9' title="bbox 399 1078 1982 1149">
     <span class='ocr_line' id='line_1_9' title="bbox 399 1078 1982 1149; baseline -0.013 -1"><span class='ocrx_word' id='word_1_59' title='bbox 399 1093 682 1149; x_wconf 86' lang='lat' dir='ltr'><strong>duodecim</strong></span> <span class='ocrx_word' id='word_1_60' title='bbox 725 1098 893 1144; x_wconf 88' lang='lat' dir='ltr'><strong>totum</strong></span> <span class='ocrx_word' id='word_1_61' title='bbox 919 1086 1104 1141; x_wconf 89' lang='lat' dir='ltr'><strong>orbem</strong></span> <span class='ocrx_word' id='word_1_62' title='bbox 1128 1084 1538 1143; x_wconf 88' lang='lat' dir='ltr'><strong>fermentarunt,</strong></span> <span class='ocrx_word' id='word_1_63' title='bbox 1585 1078 1760 1148; x_wconf 88' lang='lat' dir='ltr'><strong>cogita</strong></span> <span class='ocrx_word' id='word_1_64' title='bbox 1787 1083 1982 1145; x_wconf 90' lang='lat' dir='ltr'><strong>quanta</strong></span> 
     </span>
    </p>
   </div>
   <div class='ocr_carea' id='block_1_10' title="bbox 400 1169 1980 1254">
    <p class='ocr_par' dir='ltr' id='par_1_10' title="bbox 400 1169 1980 1254">
     <span class='ocr_line' id='line_1_10' title="bbox 400 1169 1980 1254; baseline -0.013 -12"><span class='ocrx_word' id='word_1_65' title='bbox 400 1189 469 1241; x_wconf 87' lang='lat' dir='ltr'><strong>sit</strong></span> <span class='ocrx_word' id='word_1_66' title='bbox 501 1184 734 1254; x_wconf 89' lang='lat' dir='ltr'><strong>nequitia</strong></span> <span class='ocrx_word' id='word_1_67' title='bbox 766 1189 966 1245; x_wconf 88' lang='lat' dir='ltr'><strong>nostra,</strong></span> <span class='ocrx_word' id='word_1_68' title='bbox 1010 1176 1170 1248; x_wconf 92' lang='lat' dir='ltr'><strong>quod,</strong></span> <span class='ocrx_word' id='word_1_69' title='bbox 1219 1189 1339 1229; x_wconf 91' lang='lat' dir='ltr'><strong>cum</strong></span> <span class='ocrx_word' id='word_1_70' title='bbox 1367 1181 1514 1226; x_wconf 89' lang='lat' dir='ltr'><strong>tanto</strong></span> <span class='ocrx_word' id='word_1_71' title='bbox 1544 1184 1766 1225; x_wconf 88' lang='lat' dir='ltr'><strong>numero</strong></span> <span class='ocrx_word' id='word_1_72' title='bbox 1793 1169 1980 1233; x_wconf 90' lang='lat' dir='ltr'><strong>simus,</strong></span> 
     </span>
    </p>
   </div>
   <div class='ocr_carea' id='block_1_11' title="bbox 403 1257 1980 1345">
    <p class='ocr_par' dir='ltr' id='par_1_11' title="bbox 403 1257 1980 1345">
     <span class='ocr_line' id='line_1_11' title="bbox 403 1257 1980 1345; baseline -0.013 -14"><span class='ocrx_word' id='word_1_73' title='bbox 403 1292 510 1331; x_wconf 85' lang='lat' dir='ltr'><strong>non</strong></span> <span class='ocrx_word' id='word_1_74' title='bbox 555 1286 837 1345; x_wconf 87' lang='lat' dir='ltr'><strong>possumus</strong></span> <span class='ocrx_word' id='word_1_75' title='bbox 874 1280 1048 1324; x_wconf 89' lang='lat' dir='ltr'><strong>tamen</strong></span> <span class='ocrx_word' id='word_1_76' title='bbox 1089 1281 1183 1320; x_wconf 88' lang='lat' dir='ltr'><strong>eos</strong></span> <span class='ocrx_word' id='word_1_77' title='bbox 1221 1265 1310 1334; x_wconf 91' lang='lat' dir='ltr'><strong>qui</strong></span> <span class='ocrx_word' id='word_1_78' title='bbox 1346 1270 1636 1333; x_wconf 88' lang='lat' dir='ltr'><strong>supersunt</strong></span> <span class='ocrx_word' id='word_1_79' title='bbox 1671 1257 1980 1323; x_wconf 86' lang='lat' dir='ltr'><strong>emendare,</strong></span> 
     </span>
    </p>
   </div>
   <div class='ocr_carea' id='block_1_12' title="bbox 399 1348 1984 1440">
    <p class='ocr_par' dir='ltr' id='par_1_12' title="bbox 399 1348 1984 1440">
     <span class='ocr_line' id='line_1_12' title="bbox 399 1348 1984 1440; baseline -0.013 -19"><span class='ocrx_word' id='word_1_80' title='bbox 399 1384 534 1440; x_wconf 89' lang='lat' dir='ltr'><strong>quos</strong></span> <span class='ocrx_word' id='word_1_81' title='bbox 561 1364 884 1437; x_wconf 85' lang='lat' dir='ltr'><strong>oportuisset</strong></span> <span class='ocrx_word' id='word_1_82' title='bbox 911 1361 994 1415; x_wconf 89' lang='lat' dir='ltr'><strong>vel</strong></span> <span class='ocrx_word' id='word_1_83' title='bbox 1021 1357 1167 1413; x_wconf 92' lang='lat' dir='ltr'><strong>mille</strong></span> <span class='ocrx_word' id='word_1_84' title='bbox 1192 1354 1405 1411; x_wconf 89' lang='lat' dir='ltr'><strong>mundis</strong></span> <span class='ocrx_word' id='word_1_85' title='bbox 1430 1351 1497 1407; x_wconf 90' lang='lat' dir='ltr'><strong>ad</strong></span> <span class='ocrx_word' id='word_1_86' title='bbox 1519 1348 1984 1406; x_wconf 81' lang='lat' dir='ltr'><strong>fermentationeni</strong></span> 
     </span>
    </p>
   </div>
   <div class='ocr_carea' id='block_1_13' title="bbox 433 1459 665 1515">
    <p class='ocr_par' dir='ltr' id='par_1_13' title="bbox 433 1459 665 1515">
     <span class='ocr_line' id='line_1_13' title="bbox 433 1459 665 1515; baseline -0.013 0"><span class='ocrx_word' id='word_1_87' title='bbox 433 1459 665 1515; x_wconf 89' lang='lat' dir='ltr'><strong>uflicere.</strong></span> 
     </span>
    </p>
   </div>
   <div class='ocr_carea' id='block_1_14' title="bbox 401 1475 1984 1609">
    <p class='ocr_par' dir='ltr' id='par_1_14' title="bbox 401 1475 1984 1609">
     <span class='ocr_line' id='line_1_14' title="bbox 401 1475 665 1516; baseline -0.015 0"><span class='ocrx_word' id='word_1_88' title='bbox 401 1475 665 1516; x_wconf 90' lang='lat' dir='ltr'><strong>sutncere.</strong></span> 
     </span>
     <span class='ocr_line' id='line_1_15' title="bbox 473 1528 1984 1609; baseline -0.017 -4"><span class='ocrx_word' id='word_1_89' title='bbox 473 1551 526 1606; x_wconf 81' lang='lat'><strong>3.</strong></span> <span class='ocrx_word' id='word_1_90' title='bbox 571 1547 691 1602; x_wconf 88' lang='lat' dir='ltr'><strong>Non</strong></span> <span class='ocrx_word' id='word_1_91' title='bbox 721 1542 988 1609; x_wconf 87' lang='lat' dir='ltr'><strong>miracula,</strong></span> <span class='ocrx_word' id='word_1_92' title='bbox 1013 1539 1102 1595; x_wconf 83' lang='lat' dir='ltr'><strong>sed</strong></span> <span class='ocrx_word' id='word_1_93' title='bbox 1127 1538 1284 1592; x_wconf 85' lang='lat' dir='ltr'><strong>virtus</strong></span> <span class='ocrx_word' id='word_1_94' title='bbox 1311 1533 1564 1606; x_wconf 81' lang='lat' dir='ltr'><strong>Apostolis</strong></span> <span class='ocrx_word' id='word_1_95' title='bbox 1589 1538 1636 1586; x_wconf 87' lang='lat' dir='ltr'><strong>et</strong></span> <span class='ocrx_word' id='word_1_96' title='bbox 1656 1531 1773 1585; x_wconf 88' lang='lat' dir='ltr'><strong>aliis</strong></span> <span class='ocrx_word' id='word_1_97' title='bbox 1796 1528 1984 1583; x_wconf 85' lang='lat' dir='ltr'><strong>sanctis</strong></span> 
     </span>
    </p>
   </div>
   <div class='ocr_carea' id='block_1_15' title="bbox 400 1619 1982 1707">
    <p class='ocr_par' dir='ltr' id='par_1_15' title="bbox 400 1619 1982 1707">
     <span class='ocr_line' id='line_1_16' title="bbox 400 1619 1982 1707; baseline -0.016 -11"><span class='ocrx_word' id='word_1_98' title='bbox 400 1657 570 1697; x_wconf 79' lang='lat' dir='ltr'><strong>veram</strong></span> <span class='ocrx_word' id='word_1_99' title='bbox 615 1634 1010 1707; x_wconf 80' lang='lat' dir='ltr'><strong>magnitudinem</strong></span> <span class='ocrx_word' id='word_1_100' title='bbox 1056 1628 1286 1684; x_wconf 80' lang='lat' dir='ltr'><strong>contulit.</strong></span> <span class='ocrx_word' id='word_1_101' title='bbox 1331 1655 1401 1666; x_wconf 91' lang='lat'><strong>—-</strong></span> <span class='ocrx_word' id='word_1_102' title='bbox 1451 1627 1553 1689; x_wconf 86' lang='lat' dir='ltr'><strong>At,</strong></span> <span class='ocrx_word' id='word_1_103' title='bbox 1604 1621 1848 1692; x_wconf 86' lang='lat' dir='ltr'><strong>inquies,</strong></span> <span class='ocrx_word' id='word_1_104' title='bbox 1909 1619 1982 1672; x_wconf 89' lang='lat' dir='ltr'><strong>illi</strong></span> 
     </span>
    </p>
   </div>
   <div class='ocr_carea' id='block_1_16' title="bbox 401 1709 1984 1801">
    <p class='ocr_par' dir='ltr' id='par_1_16' title="bbox 401 1709 1984 1801">
     <span class='ocr_line' id='line_1_17' title="bbox 401 1709 1984 1801; baseline -0.015 -17"><span class='ocrx_word' id='word_1_105' title='bbox 401 1728 626 1801; x_wconf 85' lang='lat' dir='ltr'><strong>apostoli</strong></span> <span class='ocrx_word' id='word_1_106' title='bbox 667 1734 842 1781; x_wconf 90' lang='lat' dir='ltr'><strong>erant.</strong></span> <span class='ocrx_word' id='word_1_107' title='bbox 897 1723 966 1777; x_wconf 90' lang='lat' dir='ltr'><strong>Et</strong></span> <span class='ocrx_word' id='word_1_108' title='bbox 988 1721 1113 1791; x_wconf 91' lang='lat' dir='ltr'><strong>quid</strong></span> <span class='ocrx_word' id='word_1_109' title='bbox 1139 1719 1241 1773; x_wconf 84' lang='lat' dir='ltr'><strong>hoc</strong></span> <span class='ocrx_word' id='word_1_110' title='bbox 1269 1717 1390 1772; x_wconf 84' lang='lat' dir='ltr'><strong>est?</strong></span> <span class='ocrx_word' id='word_1_111' title='bbox 1432 1717 1618 1769; x_wconf 85' lang='lat' dir='ltr'><strong>Annon</strong></span> <span class='ocrx_word' id='word_1_112' title='bbox 1648 1710 1833 1765; x_wconf 82' lang='lat' dir='ltr'><strong>eadem</strong></span> <span class='ocrx_word' id='word_1_113' title='bbox 1872 1709 1984 1776; x_wconf 87' lang='lat' dir='ltr'><strong>ipsa</strong></span> 
     </span>
    </p>
   </div>
   <div class='ocr_carea' id='block_1_17' title="bbox 401 1801 1984 1890">
    <p class='ocr_par' dir='ltr' id='par_1_17' title="bbox 401 1801 1984 1890">
     <span class='ocr_line' id='line_1_18' title="bbox 401 1801 1984 1890; baseline -0.016 -15"><span class='ocrx_word' id='word_1_114' title='bbox 401 1835 504 1890; x_wconf 86' lang='lat' dir='ltr'><strong>qua</strong></span> <span class='ocrx_word' id='word_1_115' title='bbox 534 1827 587 1872; x_wconf 92' lang='lat' dir='ltr'><strong>tu</strong></span> <span class='ocrx_word' id='word_1_116' title='bbox 613 1805 920 1872; x_wconf 87' lang='lat' dir='ltr'><strong>conditione</strong></span> <span class='ocrx_word' id='word_1_117' title='bbox 948 1809 1146 1865; x_wconf 90' lang='lat' dir='ltr'><strong>erant?</strong></span> <span class='ocrx_word' id='word_1_118' title='bbox 1175 1821 1351 1862; x_wconf 89' lang='lat' dir='ltr'><strong>nonne</strong></span> <span class='ocrx_word' id='word_1_119' title='bbox 1393 1806 1443 1858; x_wconf 93' lang='lat' dir='ltr'><strong>iu</strong></span> <span class='ocrx_word' id='word_1_120' title='bbox 1471 1801 1772 1858; x_wconf 88' lang='lat' dir='ltr'><strong>civitatilms</strong></span> <span class='ocrx_word' id='word_1_121' title='bbox 1799 1811 1984 1852; x_wconf 89' lang='lat' dir='ltr'><strong>versa-</strong></span> 
     </span>
    </p>
   </div>
   <div class='ocr_carea' id='block_1_18' title="bbox 402 1890 1982 1965">
    <p class='ocr_par' dir='ltr' id='par_1_18' title="bbox 402 1890 1982 1965">
     <span class='ocr_line' id='line_1_19' title="bbox 402 1890 1982 1965; baseline -0.015 -1"><span class='ocrx_word' id='word_1_122' title='bbox 402 1906 635 1965; x_wconf 85' lang='lat' dir='ltr'><strong>bantur?</strong></span> <span class='ocrx_word' id='word_1_123' title='bbox 679 1919 854 1959; x_wconf 90' lang='lat' dir='ltr'><strong>aunon</strong></span> <span class='ocrx_word' id='word_1_124' title='bbox 901 1898 1210 1957; x_wconf 89' lang='lat' dir='ltr'><strong>eorumdem</strong></span> <span class='ocrx_word' id='word_1_125' title='bbox 1257 1903 1536 1950; x_wconf 87' lang='lat' dir='ltr'><strong>consortes</strong></span> <span class='ocrx_word' id='word_1_126' title='bbox 1573 1890 1766 1946; x_wconf 89' lang='lat' dir='ltr'><strong>erant?</strong></span> <span class='ocrx_word' id='word_1_127' title='bbox 1805 1901 1982 1941; x_wconf 91' lang='lat' dir='ltr'><strong>annon</strong></span> 
     </span>
    </p>
   </div>
   <div class='ocr_carea' id='block_1_19' title="bbox 403 1977 1986 2058">
    <p class='ocr_par' dir='ltr' id='par_1_19' title="bbox 403 1977 1986 2058">
     <span class='ocr_line' id='line_1_20' title="bbox 403 1977 1986 2058; baseline -0.015 -2"><span class='ocrx_word' id='word_1_128' title='bbox 403 2011 547 2056; x_wconf 87' lang='lat' dir='ltr'><strong>artes</strong></span> <span class='ocrx_word' id='word_1_129' title='bbox 593 1993 956 2052; x_wconf 86' lang='lat' dir='ltr'><strong>exercebant?</strong></span> <span class='ocrx_word' id='word_1_130' title='bbox 1000 2005 1125 2045; x_wconf 89' lang='lat' dir='ltr'><strong>num</strong></span> <span class='ocrx_word' id='word_1_131' title='bbox 1157 1988 1326 2058; x_wconf 82' lang='lat' dir='ltr'><strong>angeli</strong></span> <span class='ocrx_word' id='word_1_132' title='bbox 1361 1984 1554 2041; x_wconf 88' lang='lat' dir='ltr'><strong>erant?</strong></span> <span class='ocrx_word' id='word_1_133' title='bbox 1602 1997 1726 2037; x_wconf 91' lang='lat' dir='ltr'><strong>num</strong></span> <span class='ocrx_word' id='word_1_134' title='bbox 1758 1995 1821 2035; x_wconf 83' lang='lat' dir='ltr'><strong>ex</strong></span> <span class='ocrx_word' id='word_1_135' title='bbox 1853 1977 1986 2033; x_wconf 74' lang='grc' dir='ltr'><strong>οωιο</strong></span> 
     </span>
    </p>
   </div>
   <div class='ocr_carea' id='block_1_20' title="bbox 397 2069 1983 2150">
    <p class='ocr_par' dir='ltr' id='par_1_20' title="bbox 397 2069 1983 2150">
     <span class='ocr_line' id='line_1_21' title="bbox 397 2069 1983 2150; baseline -0.016 -2"><span class='ocrx_word' id='word_1_136' title='bbox 397 2086 827 2148; x_wconf 87' lang='lat' dir='ltr'><strong>descenderant?</strong></span> <span class='ocrx_word' id='word_1_137' title='bbox 869 2083 994 2149; x_wconf 87' lang='lat' dir='ltr'><strong>Sed,</strong></span> <span class='ocrx_word' id='word_1_138' title='bbox 1027 2080 1254 2150; x_wconf 89' lang='lat' dir='ltr'><strong>inquies,</strong></span> <span class='ocrx_word' id='word_1_139' title='bbox 1289 2078 1438 2147; x_wconf 89' lang='lat' dir='ltr'><strong>signa</strong></span> <span class='ocrx_word' id='word_1_140' title='bbox 1469 2076 1723 2129; x_wconf 88' lang='lat' dir='ltr'><strong>fecerant.</strong></span> <span class='ocrx_word' id='word_1_141' title='bbox 1768 2069 1883 2125; x_wconf 81' lang='lat' dir='ltr'><strong>Non</strong></span> <span class='ocrx_word' id='word_1_142' title='bbox 1909 2069 1983 2123; x_wconf 85' lang='lat' dir='ltr'><strong>si-</strong></span> 
     </span>
    </p>
   </div>
   <div class='ocr_carea' id='block_1_21' title="bbox 402 2161 1988 2256">
    <p class='ocr_par' dir='ltr' id='par_1_21' title="bbox 402 2161 1988 2256">
     <span class='ocr_line' id='line_1_22' title="bbox 402 2161 1988 2256; baseline -0.018 -16"><span class='ocrx_word' id='word_1_143' title='bbox 402 2199 504 2256; x_wconf 83' lang='lat' dir='ltr'><strong>gna</strong></span> <span class='ocrx_word' id='word_1_144' title='bbox 534 2191 682 2238; x_wconf 92' lang='lat' dir='ltr'><strong>certe</strong></span> <span class='ocrx_word' id='word_1_145' title='bbox 712 2180 858 2248; x_wconf 90' lang='lat' dir='ltr'><strong>ipsos</strong></span> <span class='ocrx_word' id='word_1_146' title='bbox 882 2174 1151 2230; x_wconf 79' lang='lat' dir='ltr'><strong>mirabiles</strong></span> <span class='ocrx_word' id='word_1_147' title='bbox 1176 2171 1486 2226; x_wconf 80' lang='lat' dir='ltr'><strong>effecerunt.</strong></span> <span class='ocrx_word' id='word_1_148' title='bbox 1514 2165 1803 2236; x_wconf 78' lang='lat' dir='ltr'><strong>USquequo</strong></span> <span class='ocrx_word' id='word_1_149' title='bbox 1826 2161 1988 2216; x_wconf 84' lang='lat' dir='ltr'><strong>mira-</strong></span> 
     </span>
    </p>
   </div>
   <div class='ocr_carea' id='block_1_22' title="bbox 403 2253 1986 2340">
    <p class='ocr_par' dir='ltr' id='par_1_22' title="bbox 403 2253 1986 2340">
     <span class='ocr_line' id='line_1_23' title="bbox 403 2253 1986 2340; baseline -0.017 -7"><span class='ocrx_word' id='word_1_150' title='bbox 403 2253 537 2333; x_wconf 76' lang='lat' dir='ltr'><strong>culis</strong></span> <span class='ocrx_word' id='word_1_151' title='bbox 584 2273 686 2328; x_wconf 84' lang='lat' dir='ltr'><strong>illis</strong></span> <span class='ocrx_word' id='word_1_152' title='bbox 733 2271 798 2325; x_wconf 89' lang='lat' dir='ltr'><strong>ad</strong></span> <span class='ocrx_word' id='word_1_153' title='bbox 841 2268 1099 2340; x_wconf 89' lang='lat' dir='ltr'><strong>ignaviam</strong></span> <span class='ocrx_word' id='word_1_154' title='bbox 1141 2272 1378 2318; x_wconf 90' lang='lat' dir='ltr'><strong>nostram</strong></span> <span class='ocrx_word' id='word_1_155' title='bbox 1416 2258 1695 2331; x_wconf 88' lang='lat' dir='ltr'><strong>tegendam</strong></span> <span class='ocrx_word' id='word_1_156' title='bbox 1739 2253 1986 2310; x_wconf 83' lang='lat' dir='ltr'><strong>utemur?</strong></span> 
     </span>
    </p>
   </div>
   <div class='ocr_carea' id='block_1_23' title="bbox 405 2344 1984 2424">
    <p class='ocr_par' dir='ltr' id='par_1_23' title="bbox 405 2344 1984 2424">
     <span class='ocr_line' id='line_1_24' title="bbox 405 2344 1984 2424; baseline -0.016 -1"><span class='ocrx_word' id='word_1_157' title='bbox 405 2366 540 2422; x_wconf 87' lang='lat' dir='ltr'><strong>Vide</strong></span> <span class='ocrx_word' id='word_1_158' title='bbox 566 2369 870 2420; x_wconf 87' lang='lat' dir='ltr'><strong>sanctorum</strong></span> <span class='ocrx_word' id='word_1_159' title='bbox 897 2358 1142 2421; x_wconf 88' lang='lat' dir='ltr'><strong>chorum,</strong></span> <span class='ocrx_word' id='word_1_160' title='bbox 1190 2355 1278 2424; x_wconf 89' lang='lat' dir='ltr'><strong>qui</strong></span> <span class='ocrx_word' id='word_1_161' title='bbox 1315 2367 1422 2406; x_wconf 87' lang='lat' dir='ltr'><strong>non</strong></span> <span class='ocrx_word' id='word_1_162' title='bbox 1449 2349 1720 2404; x_wconf 86' lang='lat' dir='ltr'><strong>miraculis</strong></span> <span class='ocrx_word' id='word_1_163' title='bbox 1745 2347 1851 2400; x_wconf 90' lang='lat' dir='ltr'><strong>illis</strong></span> <span class='ocrx_word' id='word_1_164' title='bbox 1879 2344 1984 2398; x_wconf 85' lang='lat' dir='ltr'><strong>ful-</strong></span> 
     </span>
    </p>
   </div>
   <div class='ocr_carea' id='block_1_24' title="bbox 404 2433 1987 2520">
    <p class='ocr_par' dir='ltr' id='par_1_24' title="bbox 404 2433 1987 2520">
     <span class='ocr_line' id='line_1_25' title="bbox 404 2433 1987 2520; baseline -0.018 -4"><span class='ocrx_word' id='word_1_165' title='bbox 404 2462 494 2516; x_wconf 92' lang='lat' dir='ltr'><strong>sit.</strong></span> <span class='ocrx_word' id='word_1_166' title='bbox 539 2456 687 2512; x_wconf 81' lang='lat' dir='ltr'><strong>Multi</strong></span> <span class='ocrx_word' id='word_1_167' title='bbox 713 2453 854 2510; x_wconf 91' lang='lat' dir='ltr'><strong>enim</strong></span> <span class='ocrx_word' id='word_1_168' title='bbox 881 2450 971 2520; x_wconf 91' lang='lat' dir='ltr'><strong>qui</strong></span> <span class='ocrx_word' id='word_1_169' title='bbox 996 2447 1270 2503; x_wconf 71' lang='lat' dir='ltr'><strong>danuones</strong></span> <span class='ocrx_word' id='word_1_170' title='bbox 1299 2444 1587 2512; x_wconf 87' lang='lat' dir='ltr'><strong>ejecerant,</strong></span> <span class='ocrx_word' id='word_1_171' title='bbox 1630 2440 1750 2509; x_wconf 91' lang='lat' dir='ltr'><strong>quia</strong></span> <span class='ocrx_word' id='word_1_172' title='bbox 1787 2433 1987 2506; x_wconf 82' lang='lat' dir='ltr'><strong>iniqui-</strong></span> 
     </span>
    </p>
   </div>
   <div class='ocr_carea' id='block_1_25' title="bbox 405 2526 1984 2614">
    <p class='ocr_par' dir='ltr' id='par_1_25' title="bbox 405 2526 1984 2614">
     <span class='ocr_line' id='line_1_26' title="bbox 405 2526 1984 2614; baseline -0.019 -10"><span class='ocrx_word' id='word_1_173' title='bbox 405 2560 564 2604; x_wconf 84' lang='lat' dir='ltr'><strong>tatem</strong></span> <span class='ocrx_word' id='word_1_174' title='bbox 604 2544 807 2614; x_wconf 88' lang='lat' dir='ltr'><strong>0perati</strong></span> <span class='ocrx_word' id='word_1_175' title='bbox 847 2549 988 2602; x_wconf 91' lang='lat' dir='ltr'><strong>sunt,</strong></span> <span class='ocrx_word' id='word_1_176' title='bbox 1033 2535 1306 2590; x_wconf 87' lang='lat' dir='ltr'><strong>mirabiles</strong></span> <span class='ocrx_word' id='word_1_177' title='bbox 1335 2548 1440 2586; x_wconf 88' lang='lat' dir='ltr'><strong>non</strong></span> <span class='ocrx_word' id='word_1_178' title='bbox 1469 2530 1702 2593; x_wconf 88' lang='lat' dir='ltr'><strong>fuerunt,</strong></span> <span class='ocrx_word' id='word_1_179' title='bbox 1734 2526 1828 2582; x_wconf 89' lang='lat' dir='ltr'><strong>sed</strong></span> <span class='ocrx_word' id='word_1_180' title='bbox 1855 2541 1984 2595; x_wconf 80' lang='lat' dir='ltr'><strong>sup.</strong></span> 
     </span>
    </p>
   </div>
   <div class='ocr_carea' id='block_1_26' title="bbox 406 2619 1986 2710">
    <p class='ocr_par' dir='ltr' id='par_1_26' title="bbox 406 2619 1986 2710">
     <span class='ocr_line' id='line_1_27' title="bbox 406 2619 1986 2710; baseline -0.013 -20"><span class='ocrx_word' id='word_1_181' title='bbox 406 2637 578 2710; x_wconf 79' lang='lat' dir='ltr'><strong>pliciis</strong></span> <span class='ocrx_word' id='word_1_182' title='bbox 617 2642 740 2688; x_wconf 91' lang='lat' dir='ltr'><strong>sunt</strong></span> <span class='ocrx_word' id='word_1_183' title='bbox 777 2629 972 2685; x_wconf 74' lang='lat' dir='ltr'><strong>allecti.</strong></span> <span class='ocrx_word' id='word_1_184' title='bbox 1017 2625 1252 2696; x_wconf 88' lang='lat' dir='ltr'><strong>Ecquid,</strong></span> <span class='ocrx_word' id='word_1_185' title='bbox 1299 2622 1542 2692; x_wconf 83' lang='lat' dir='ltr'><strong>inquies,</strong></span> <span class='ocrx_word' id='word_1_186' title='bbox 1591 2619 1712 2673; x_wconf 86' lang='lat' dir='ltr'><strong>illos</strong></span> <span class='ocrx_word' id='word_1_187' title='bbox 1766 2631 1986 2686; x_wconf 88' lang='lat' dir='ltr'><strong>magnos</strong></span> 
     </span>
    </p>
   </div>
   <div class='ocr_carea' id='block_1_27' title="bbox 402 2706 1984 2789">
    <p class='ocr_par' dir='ltr' id='par_1_27' title="bbox 402 2706 1984 2789">
     <span class='ocr_line' id='line_1_28' title="bbox 402 2706 1984 2789; baseline -0.016 -5"><span class='ocrx_word' id='word_1_188' title='bbox 402 2706 618 2784; x_wconf 77' lang='lat' dir='ltr'><strong>effecit?</strong></span> <span class='ocrx_word' id='word_1_189' title='bbox 655 2725 1002 2789; x_wconf 83' lang='lat' dir='ltr'><strong>Contemptus</strong></span> <span class='ocrx_word' id='word_1_190' title='bbox 1043 2716 1404 2787; x_wconf 82' lang='lat' dir='ltr'><strong>pecuniarum,</strong></span> <span class='ocrx_word' id='word_1_191' title='bbox 1460 2727 1609 2764; x_wconf 69' lang='lat' dir='ltr'><strong>vana:</strong></span> <span class='ocrx_word' id='word_1_192' title='bbox 1654 2709 1838 2778; x_wconf 72' lang='lat' dir='ltr'><strong>gloria:</strong></span> <span class='ocrx_word' id='word_1_193' title='bbox 1883 2706 1984 2761; x_wconf 91' lang='lat' dir='ltr'><strong>de-</strong></span> 
     </span>
    </p>
   </div>
   <div class='ocr_carea' id='block_1_28' title="bbox 403 2798 1986 2890">
    <p class='ocr_par' dir='ltr' id='par_1_28' title="bbox 403 2798 1986 2890">
     <span class='ocr_line' id='line_1_29' title="bbox 403 2798 1986 2890; baseline -0.015 -15"><span class='ocrx_word' id='word_1_194' title='bbox 403 2827 639 2890; x_wconf 88' lang='lat' dir='ltr'><strong>spectus,</strong></span> <span class='ocrx_word' id='word_1_195' title='bbox 663 2811 1014 2883; x_wconf 86' lang='lat' dir='ltr'><strong>sequestratio</strong></span> <span class='ocrx_word' id='word_1_196' title='bbox 1042 2824 1072 2861; x_wconf 91' lang='lat' dir='ltr'><strong>a</strong></span> <span class='ocrx_word' id='word_1_197' title='bbox 1099 2808 1254 2862; x_wconf 87' lang='lat' dir='ltr'><strong>bonis</strong></span> <span class='ocrx_word' id='word_1_198' title='bbox 1282 2803 1646 2859; x_wconf 61' lang='lat' dir='ltr'><strong>saecularibus.</strong></span> <span class='ocrx_word' id='word_1_199' title='bbox 1679 2802 1778 2868; x_wconf 90' lang='lat' dir='ltr'><strong>Qui</strong></span> <span class='ocrx_word' id='word_1_200' title='bbox 1803 2801 1847 2853; x_wconf 92' lang='lat' dir='ltr'><strong>si</strong></span> <span class='ocrx_word' id='word_1_201' title='bbox 1871 2798 1986 2853; x_wconf 63' lang='lat' dir='ltr'><strong>hcce</strong></span> 
     </span>
    </p>
   </div>
   <div class='ocr_carea' id='block_1_29' title="bbox 407 2891 1983 2967">
    <p class='ocr_par' dir='ltr' id='par_1_29' title="bbox 407 2891 1983 2967">
     <span class='ocr_line' id='line_1_30' title="bbox 407 2891 1983 2967; baseline -0.014 -1"><span class='ocrx_word' id='word_1_202' title='bbox 407 2926 513 2966; x_wconf 86' lang='lat' dir='ltr'><strong>non</strong></span> <span class='ocrx_word' id='word_1_203' title='bbox 542 2906 872 2967; x_wconf 87' lang='lat' dir='ltr'><strong>habuissent,</strong></span> <span class='ocrx_word' id='word_1_204' title='bbox 904 2901 998 2956; x_wconf 89' lang='lat' dir='ltr'><strong>sed</strong></span> <span class='ocrx_word' id='word_1_205' title='bbox 1021 2899 1184 2954; x_wconf 91' lang='lat' dir='ltr'><strong>animi</strong></span> <span class='ocrx_word' id='word_1_206' title='bbox 1213 2896 1413 2952; x_wconf 87' lang='lat' dir='ltr'><strong>morbis</strong></span> <span class='ocrx_word' id='word_1_207' title='bbox 1439 2894 1759 2964; x_wconf 88' lang='lat' dir='ltr'><strong>paruissent.</strong></span> <span class='ocrx_word' id='word_1_208' title='bbox 1777 2891 1983 2946; x_wconf 90' lang='lat' dir='ltr'><strong>etiamsi</strong></span> 
     </span>
    </p>
   </div>
   <div class='ocr_carea' id='block_1_30' title="bbox 405 2980 1984 3055">
    <p class='ocr_par' dir='ltr' id='par_1_30' title="bbox 405 2980 1984 3055">
     <span class='ocr_line' id='line_1_31' title="bbox 405 2980 1984 3055; baseline -0.013 0"><span class='ocrx_word' id='word_1_209' title='bbox 405 3007 686 3055; x_wconf 80' lang='lat' dir='ltr'><strong>sexcentos</strong></span> <span class='ocrx_word' id='word_1_210' title='bbox 723 3003 966 3049; x_wconf 90' lang='lat' dir='ltr'><strong>mortuos</strong></span> <span class='ocrx_word' id='word_1_211' title='bbox 1010 2989 1376 3051; x_wconf 87' lang='lat' dir='ltr'><strong>suscitassent,</strong></span> <span class='ocrx_word' id='word_1_212' title='bbox 1420 3001 1528 3039; x_wconf 92' lang='lat' dir='ltr'><strong>non</strong></span> <span class='ocrx_word' id='word_1_213' title='bbox 1558 2983 1716 3038; x_wconf 92' lang='lat' dir='ltr'><strong>modo</strong></span> <span class='ocrx_word' id='word_1_214' title='bbox 1744 2982 1811 3036; x_wconf 89' lang='lat' dir='ltr'><strong>ad</strong></span> <span class='ocrx_word' id='word_1_215' title='bbox 1843 2980 1984 3035; x_wconf 88' lang='lat' dir='ltr'><strong>nihi-</strong></span> 
     </span>
    </p>
   </div>
   <div class='ocr_carea' id='block_1_31' title="bbox 406 3072 1985 3148">
    <p class='ocr_par' dir='ltr' id='par_1_31' title="bbox 406 3072 1985 3148">
     <span class='ocr_line' id='line_1_32' title="bbox 406 3072 1985 3148; baseline -0.011 -3"><span class='ocrx_word' id='word_1_216' title='bbox 406 3091 514 3146; x_wconf 92' lang='lat' dir='ltr'><strong>lum</strong></span> <span class='ocrx_word' id='word_1_217' title='bbox 540 3081 700 3143; x_wconf 83' lang='lat' dir='ltr'><strong>utiles</strong></span> <span class='ocrx_word' id='word_1_218' title='bbox 731 3083 974 3148; x_wconf 87' lang='lat' dir='ltr'><strong>fuissent,</strong></span> <span class='ocrx_word' id='word_1_219' title='bbox 1021 3079 1116 3135; x_wconf 88' lang='lat' dir='ltr'><strong>sed</strong></span> <span class='ocrx_word' id='word_1_220' title='bbox 1161 3079 1320 3133; x_wconf 90' lang='lat' dir='ltr'><strong>etiam</strong></span> <span class='ocrx_word' id='word_1_221' title='bbox 1350 3076 1664 3145; x_wconf 79' lang='lat' dir='ltr'><strong>deceptores</strong></span> <span class='ocrx_word' id='word_1_222' title='bbox 1689 3083 1740 3129; x_wconf 90' lang='lat' dir='ltr'><strong>et</strong></span> <span class='ocrx_word' id='word_1_223' title='bbox 1766 3072 1985 3128; x_wconf 79' lang='lat' dir='ltr'><strong>fallaces</strong></span> 
     </span>
    </p>
   </div>
   <div class='ocr_carea' id='block_1_32' title="bbox 412 3157 1985 3236">
    <p class='ocr_par' dir='ltr' id='par_1_32' title="bbox 412 3157 1985 3236">
     <span class='ocr_line' id='line_1_33' title="bbox 412 3157 1985 3236; baseline -0.013 -5"><span class='ocrx_word' id='word_1_224' title='bbox 412 3175 580 3231; x_wconf 90' lang='lat' dir='ltr'><strong>habiti</strong></span> <span class='ocrx_word' id='word_1_225' title='bbox 611 3174 860 3230; x_wconf 89' lang='lat' dir='ltr'><strong>fuissent.</strong></span> <span class='ocrx_word' id='word_1_226' title='bbox 881 3170 972 3225; x_wconf 93' lang='lat' dir='ltr'><strong>Sic</strong></span> <span class='ocrx_word' id='word_1_227' title='bbox 987 3177 1132 3224; x_wconf 88' lang='lat' dir='ltr'><strong>certe</strong></span> <span class='ocrx_word' id='word_1_228' title='bbox 1155 3169 1265 3222; x_wconf 89' lang='lat' dir='ltr'><strong>vita</strong></span> <span class='ocrx_word' id='word_1_229' title='bbox 1291 3167 1405 3236; x_wconf 90' lang='lat' dir='ltr'><strong>ipsa</strong></span> <span class='ocrx_word' id='word_1_230' title='bbox 1424 3175 1506 3220; x_wconf 88' lang='lat' dir='ltr'><strong>est</strong></span> <span class='ocrx_word' id='word_1_231' title='bbox 1521 3179 1642 3232; x_wconf 69' lang='lat' dir='ltr'><strong>qua:</strong></span> <span class='ocrx_word' id='word_1_232' title='bbox 1656 3161 1855 3229; x_wconf 88' lang='lat' dir='ltr'><strong>ubique</strong></span> <span class='ocrx_word' id='word_1_233' title='bbox 1879 3157 1985 3211; x_wconf 86' lang='lat' dir='ltr'><strong>ful-</strong></span> 
     </span>
    </p>
   </div>
   <div class='ocr_carea' id='block_1_33' title="bbox 412 3249 1982 3336">
    <p class='ocr_par' dir='ltr' id='par_1_33' title="bbox 412 3249 1982 3336">
     <span class='ocr_line' id='line_1_34' title="bbox 412 3249 1982 3336; baseline -0.015 -15"><span class='ocrx_word' id='word_1_234' title='bbox 412 3274 520 3336; x_wconf 90' lang='lat' dir='ltr'><strong>get,</strong></span> <span class='ocrx_word' id='word_1_235' title='bbox 537 3280 660 3335; x_wconf 63' lang='lat' dir='ltr'><strong>quas</strong></span> <span class='ocrx_word' id='word_1_236' title='bbox 670 3265 832 3319; x_wconf 90' lang='lat' dir='ltr'><strong>etiam</strong></span> <span class='ocrx_word' id='word_1_237' title='bbox 853 3260 1087 3330; x_wconf 86' lang='lat' dir='ltr'><strong>Spiritus</strong></span> <span class='ocrx_word' id='word_1_238' title='bbox 1099 3257 1324 3329; x_wconf 79' lang='lat' dir='ltr'><strong>gratiam</strong></span> <span class='ocrx_word' id='word_1_239' title='bbox 1338 3253 1580 3310; x_wconf 76' lang='lat' dir='ltr'><strong>attraxit.</strong></span> <span class='ocrx_word' id='word_1_240' title='bbox 1598 3249 1754 3318; x_wconf 90' lang='lat' dir='ltr'><strong>Quod</strong></span> <span class='ocrx_word' id='word_1_241' title='bbox 1767 3249 1982 3318; x_wconf 89' lang='lat' dir='ltr'><strong>signum</strong></span> 
     </span>
    </p>
   </div>
   <div class='ocr_carea' id='block_1_34' title="bbox 413 3336 1981 3423">
    <p class='ocr_par' dir='ltr' id='par_1_34' title="bbox 413 3336 1981 3423">
     <span class='ocr_line' id='line_1_35' title="bbox 413 3336 1981 3423; baseline -0.015 -10"><span class='ocrx_word' id='word_1_242' title='bbox 413 3357 543 3413; x_wconf 86' lang='lat' dir='ltr'><strong>fecit</strong></span> <span class='ocrx_word' id='word_1_243' title='bbox 573 3355 833 3418; x_wconf 85' lang='lat' dir='ltr'><strong>Joannes,</strong></span> <span class='ocrx_word' id='word_1_244' title='bbox 867 3353 961 3423; x_wconf 91' lang='lat' dir='ltr'><strong>qui</strong></span> <span class='ocrx_word' id='word_1_245' title='bbox 997 3359 1078 3407; x_wconf 91' lang='lat' dir='ltr'><strong>tot</strong></span> <span class='ocrx_word' id='word_1_246' title='bbox 1107 3349 1352 3404; x_wconf 78' lang='lat' dir='ltr'><strong>civitates</strong></span> <span class='ocrx_word' id='word_1_247' title='bbox 1373 3345 1476 3401; x_wconf 89' lang='lat' dir='ltr'><strong>sibi</strong></span> <span class='ocrx_word' id='word_1_248' title='bbox 1509 3339 1788 3398; x_wconf 74' lang='lat' dir='ltr'><strong>devinxit?</strong></span> <span class='ocrx_word' id='word_1_249' title='bbox 1823 3336 1981 3405; x_wconf 85' lang='lat' dir='ltr'><strong>Quod</strong></span> 
     </span>
    </p>
   </div>
   <div class='ocr_carea' id='block_1_35' title="bbox 405 3435 1985 3506">
    <p class='ocr_par' dir='ltr' id='par_1_35' title="bbox 405 3435 1985 3506">
     <span class='ocr_line' id='line_1_36' title="bbox 405 3435 1985 3506; baseline -0.009 -3"><span class='ocrx_word' id='word_1_250' title='bbox 405 3448 547 3503; x_wconf 91' lang='lat' dir='ltr'><strong>enim</strong></span> <span class='ocrx_word' id='word_1_251' title='bbox 574 3444 889 3500; x_wconf 89' lang='lat' dir='ltr'><strong>miraculum</strong></span> <span class='ocrx_word' id='word_1_252' title='bbox 921 3440 1124 3496; x_wconf 88' lang='lat' dir='ltr'><strong>nullutn</strong></span> <span class='ocrx_word' id='word_1_253' title='bbox 1151 3439 1395 3502; x_wconf 89' lang='lat' dir='ltr'><strong>ediderit,</strong></span> <span class='ocrx_word' id='word_1_254' title='bbox 1441 3436 1563 3491; x_wconf 89' lang='lat' dir='ltr'><strong>audi</strong></span> <span class='ocrx_word' id='word_1_255' title='bbox 1605 3435 1985 3506; x_wconf 82' lang='lat' dir='ltr'><strong>evangelistam</strong></span> 
     </span>
    </p>
   </div>
   <div class='ocr_carea' id='block_1_36' title="bbox 403 3524 1983 3600">
    <p class='ocr_par' dir='ltr' id='par_1_36' title="bbox 403 3524 1983 3600">
     <span class='ocr_line' id='line_1_37' title="bbox 403 3524 1983 3600; baseline -0.01 -6"><span class='ocrx_word' id='word_1_256' title='bbox 403 3541 668 3594; x_wconf 82' lang='lat' dir='ltr'><strong>dicentem</strong></span> <span class='ocrx_word' id='word_1_257' title='bbox 701 3553 713 3589; x_wconf 94' lang='lat'>:</span> <span class='ocrx_word' id='word_1_258' title='bbox 746 3533 971 3587; x_wconf 77' lang='lat' dir='ltr'><strong>Joannes</strong></span> <span class='ocrx_word' id='word_1_259' title='bbox 995 3531 1195 3600; x_wconf 83' lang='lat' dir='ltr'><strong>quidem</strong></span> <span class='ocrx_word' id='word_1_260' title='bbox 1219 3528 1416 3583; x_wconf 86' lang='lat' dir='ltr'><strong>nullam</strong></span> <span class='ocrx_word' id='word_1_261' title='bbox 1443 3528 1557 3594; x_wconf 79' lang='lat' dir='ltr'><strong>fecit</strong></span> <span class='ocrx_word' id='word_1_262' title='bbox 1583 3527 1782 3596; x_wconf 85' lang='lat' dir='ltr'><strong>signum</strong></span> <span class='ocrx_word' id='word_1_263' title='bbox 1805 3524 1983 3596; x_wconf 82' lang='lat' dir='ltr'><strong>(Joan.</strong></span> 
     </span>
    </p>
   </div>
   <div class='ocr_carea' id='block_1_37' title="bbox 405 3615 1988 3697">
    <p class='ocr_par' dir='ltr' id='par_1_37' title="bbox 405 3615 1988 3697">
     <span class='ocr_line' id='line_1_38' title="bbox 405 3615 1988 3697; baseline -0.01 -12"><span class='ocrx_word' id='word_1_264' title='bbox 405 3630 490 3685; x_wconf 80' lang='grc'><strong>10.</strong></span> <span class='ocrx_word' id='word_1_265' title='bbox 521 3629 633 3697; x_wconf 75' lang='grc'><strong>41).</strong></span> <span class='ocrx_word' id='word_1_266' title='bbox 665 3625 818 3682; x_wconf 90' lang='lat' dir='ltr'><strong>Unde</strong></span> <span class='ocrx_word' id='word_1_267' title='bbox 840 3621 1182 3677; x_wconf 87' lang='lat' dir='ltr'><strong>admirandus</strong></span> <span class='ocrx_word' id='word_1_268' title='bbox 1208 3619 1309 3674; x_wconf 91' lang='lat' dir='ltr'><strong>fuit</strong></span> <span class='ocrx_word' id='word_1_269' title='bbox 1335 3619 1546 3672; x_wconf 80' lang='lat' dir='ltr'><strong>Helias?</strong></span> <span class='ocrx_word' id='word_1_270' title='bbox 1573 3620 1761 3671; x_wconf 82' lang='lat' dir='ltr'><strong>Annon</strong></span> <span class='ocrx_word' id='word_1_271' title='bbox 1791 3631 1821 3670; x_wconf 91' lang='lat' dir='ltr'><strong>a</strong></span> <span class='ocrx_word' id='word_1_272' title='bbox 1851 3615 1988 3670; x_wconf 86' lang='lat' dir='ltr'><strong>ﬁdu-</strong></span> 
     </span>
    </p>
   </div>
   <div class='ocr_carea' id='block_1_38' title="bbox 310 3706 1987 3788">
    <p class='ocr_par' dir='ltr' id='par_1_38' title="bbox 310 3706 1987 3788">
     <span class='ocr_line' id='line_1_39' title="bbox 310 3706 1987 3788; baseline -0.009 -13"><span class='ocrx_word' id='word_1_273' title='bbox 310 3721 315 3727; x_wconf 58' lang='lat'><em>’</em></span> <span class='ocrx_word' id='word_1_274' title='bbox 404 3721 506 3783; x_wconf 90' lang='lat' dir='ltr'><strong>cia,</strong></span> <span class='ocrx_word' id='word_1_275' title='bbox 529 3734 630 3788; x_wconf 90' lang='lat' dir='ltr'><strong>qua</strong></span> <span class='ocrx_word' id='word_1_276' title='bbox 649 3731 824 3786; x_wconf 82' lang='lat' dir='ltr'><strong>regem</strong></span> <span class='ocrx_word' id='word_1_277' title='bbox 845 3713 1088 3768; x_wconf 82' lang='lat' dir='ltr'><strong>m&#39;ouuit‘t</strong></span> <span class='ocrx_word' id='word_1_278' title='bbox 1111 3725 1288 3764; x_wconf 91' lang='lat' dir='ltr'><strong>annon</strong></span> <span class='ocrx_word' id='word_1_279' title='bbox 1315 3723 1346 3763; x_wconf 95' lang='lat' dir='ltr'><strong>a</strong></span> <span class='ocrx_word' id='word_1_280' title='bbox 1372 3707 1492 3763; x_wconf 83' lang='lat' dir='ltr'><strong>zelo</strong></span> <span class='ocrx_word' id='word_1_281' title='bbox 1517 3722 1615 3763; x_wconf 85' lang='lat' dir='ltr'><strong>suo</strong></span> <span class='ocrx_word' id='word_1_282' title='bbox 1637 3721 1761 3776; x_wconf 87' lang='lat' dir='ltr'><strong>erga</strong></span> <span class='ocrx_word' id='word_1_283' title='bbox 1785 3706 1987 3761; x_wconf 90' lang='lat' dir='ltr'><strong>Deum?</strong></span> 
     </span>
    </p>
   </div>
   <div class='ocr_carea' id='block_1_39' title="bbox 405 3797 1985 3878">
    <p class='ocr_par' dir='ltr' id='par_1_39' title="bbox 405 3797 1985 3878">
     <span class='ocr_line' id='line_1_40' title="bbox 405 3797 1985 3878; baseline -0.009 -13"><span class='ocrx_word' id='word_1_284' title='bbox 405 3828 581 3865; x_wconf 89' lang='lat' dir='ltr'><strong>annon</strong></span> <span class='ocrx_word' id='word_1_285' title='bbox 610 3827 637 3861; x_wconf 91' lang='lat' dir='ltr'><strong>a</strong></span> <span class='ocrx_word' id='word_1_286' title='bbox 670 3815 1004 3878; x_wconf 86' lang='lat' dir='ltr'><strong>paupertate,</strong></span> <span class='ocrx_word' id='word_1_287' title='bbox 1030 3819 1059 3856; x_wconf 89' lang='lat' dir='ltr'><strong>a</strong></span> <span class='ocrx_word' id='word_1_288' title='bbox 1089 3802 1306 3866; x_wconf 89' lang='lat' dir='ltr'><strong>melote,</strong></span> <span class='ocrx_word' id='word_1_289' title='bbox 1355 3817 1383 3852; x_wconf 90' lang='lat' dir='ltr'><strong>a</strong></span> <span class='ocrx_word' id='word_1_290' title='bbox 1413 3800 1690 3870; x_wconf 87' lang='lat' dir='ltr'><strong>spelunca,</strong></span> <span class='ocrx_word' id='word_1_291' title='bbox 1726 3813 1756 3852; x_wconf 90' lang='lat' dir='ltr'><strong>a</strong></span> <span class='ocrx_word' id='word_1_292' title='bbox 1786 3797 1985 3853; x_wconf 89' lang='lat' dir='ltr'><strong>monti-</strong></span> 
     </span>
    </p>
   </div>
   <div class='ocr_carea' id='block_1_40' title="bbox 405 3889 1984 3969">
    <p class='ocr_par' dir='ltr' id='par_1_40' title="bbox 405 3889 1984 3969">
     <span class='ocr_line' id='line_1_41' title="bbox 405 3889 1984 3969; baseline -0.008 -12"><span class='ocrx_word' id='word_1_293' title='bbox 405 3903 504 3957; x_wconf 91' lang='lat' dir='ltr'><strong>bus</strong></span> <span class='ocrx_word' id='word_1_294' title='bbox 525 3899 692 3955; x_wconf 85' lang='lat' dir='ltr'><strong>?Nam</strong></span> <span class='ocrx_word' id='word_1_295' title='bbox 715 3899 862 3969; x_wconf 89' lang='lat' dir='ltr'><strong>signa</strong></span> <span class='ocrx_word' id='word_1_296' title='bbox 891 3897 1068 3951; x_wconf 88' lang='lat' dir='ltr'><strong>omnia</strong></span> <span class='ocrx_word' id='word_1_297' title='bbox 1096 3903 1216 3964; x_wconf 88' lang='lat' dir='ltr'><strong>post</strong></span> <span class='ocrx_word' id='word_1_298' title='bbox 1242 3893 1356 3946; x_wconf 67' lang='lat' dir='ltr'><strong>haec</strong></span> <span class='ocrx_word' id='word_1_299' title='bbox 1379 3891 1521 3946; x_wconf 84' lang='lat' dir='ltr'><strong>fecit.</strong></span> <span class='ocrx_word' id='word_1_300' title='bbox 1545 3891 1665 3947; x_wconf 82' lang='lat' dir='ltr'><strong>Jobi</strong></span> <span class='ocrx_word' id='word_1_301' title='bbox 1692 3905 1818 3945; x_wconf 89' lang='lat' dir='ltr'><strong>vero</strong></span> <span class='ocrx_word' id='word_1_302' title='bbox 1844 3889 1984 3960; x_wconf 89' lang='lat' dir='ltr'><strong>quod</strong></span> 
     </span>
    </p>
   </div>
   <div class='ocr_carea' id='block_1_41' title="bbox 405 3985 1983 4066">
    <p class='ocr_par' dir='ltr' id='par_1_41' title="bbox 405 3985 1983 4066">
     <span class='ocr_line' id='line_1_42' title="bbox 405 3985 1983 4066; baseline -0.008 -17"><span class='ocrx_word' id='word_1_303' title='bbox 405 3998 614 4066; x_wconf 88' lang='lat' dir='ltr'><strong>signum</strong></span> <span class='ocrx_word' id='word_1_304' title='bbox 659 3992 844 4047; x_wconf 83' lang='lat' dir='ltr'><strong>videns</strong></span> <span class='ocrx_word' id='word_1_305' title='bbox 894 3989 1137 4044; x_wconf 85' lang='lat' dir='ltr'><strong>diabolus</strong></span> <span class='ocrx_word' id='word_1_306' title='bbox 1177 3985 1576 4055; x_wconf 87' lang='lat' dir='ltr'><strong>obstupefactus</strong></span> <span class='ocrx_word' id='word_1_307' title='bbox 1616 3985 1736 4041; x_wconf 89' lang='lat' dir='ltr'><strong>est?</strong></span> <span class='ocrx_word' id='word_1_308' title='bbox 1765 3985 1983 4053; x_wconf 84' lang='lat' dir='ltr'><strong>Signum</strong></span> 
     </span>
    </p>
   </div>
   <div class='ocr_carea' id='block_1_42' title="bbox 405 4075 1983 4150">
    <p class='ocr_par' dir='ltr' id='par_1_42' title="bbox 405 4075 1983 4150">
     <span class='ocr_line' id='line_1_43' title="bbox 405 4075 1983 4150; baseline -0.008 -8"><span class='ocrx_word' id='word_1_309' title='bbox 405 4098 550 4142; x_wconf 90' lang='lat' dir='ltr'><strong>certe</strong></span> <span class='ocrx_word' id='word_1_310' title='bbox 579 4085 802 4148; x_wconf 92' lang='lat' dir='ltr'><strong>nullum,</strong></span> <span class='ocrx_word' id='word_1_311' title='bbox 833 4081 928 4138; x_wconf 88' lang='lat' dir='ltr'><strong>sed</strong></span> <span class='ocrx_word' id='word_1_312' title='bbox 955 4081 1116 4134; x_wconf 92' lang='lat' dir='ltr'><strong>vitam</strong></span> <span class='ocrx_word' id='word_1_313' title='bbox 1151 4079 1482 4150; x_wconf 74' lang='lat' dir='ltr'><strong>prmclaram,</strong></span> <span class='ocrx_word' id='word_1_314' title='bbox 1510 4077 1822 4147; x_wconf 86' lang='lat' dir='ltr'><strong>patientiam</strong></span> <span class='ocrx_word' id='word_1_315' title='bbox 1852 4075 1983 4130; x_wconf 79' lang='lat' dir='ltr'><strong>ada—</strong></span> 
     </span>
    </p>
   </div>
   <div class='ocr_carea' id='block_1_43' title="bbox 406 4164 1981 4245">
    <p class='ocr_par' dir='ltr' id='par_1_43' title="bbox 406 4164 1981 4245">
     <span class='ocr_line' id='line_1_44' title="bbox 406 4164 1981 4245; baseline -0.009 -14"><span class='ocrx_word' id='word_1_316' title='bbox 406 4185 583 4231; x_wconf 90' lang='lat' dir='ltr'><strong>mante</strong></span> <span class='ocrx_word' id='word_1_317' title='bbox 617 4175 807 4245; x_wconf 84' lang='lat' dir='ltr'><strong>quovis</strong></span> <span class='ocrx_word' id='word_1_318' title='bbox 869 4171 1180 4226; x_wconf 83' lang='lat' dir='ltr'><strong>firmiorem.</strong></span> <span class='ocrx_word' id='word_1_319' title='bbox 1209 4168 1362 4234; x_wconf 89' lang='lat' dir='ltr'><strong>Quod</strong></span> <span class='ocrx_word' id='word_1_320' title='bbox 1389 4167 1595 4236; x_wconf 87' lang='lat' dir='ltr'><strong>signum</strong></span> <span class='ocrx_word' id='word_1_321' title='bbox 1630 4165 1790 4219; x_wconf 86' lang='lat' dir='ltr'><strong>David</strong></span> <span class='ocrx_word' id='word_1_322' title='bbox 1820 4164 1942 4218; x_wconf 77' lang='lat' dir='ltr'><strong>fecit</strong></span> <span class='ocrx_word' id='word_1_323' title='bbox 1966 4205 1981 4228; x_wconf 91' lang='lat'><strong>,</strong></span> 
     </span>
    </p>
   </div>
   <div class='ocr_carea' id='block_1_44' title="bbox 399 4251 1986 4340">
    <p class='ocr_par' dir='ltr' id='par_1_44' title="bbox 399 4251 1986 4340">
     <span class='ocr_line' id='line_1_45' title="bbox 399 4251 1986 4340; baseline -0.011 -21"><span class='ocrx_word' id='word_1_324' title='bbox 399 4269 612 4340; x_wconf 87' lang='lat' dir='ltr'><strong>juvenis</strong></span> <span class='ocrx_word' id='word_1_325' title='bbox 654 4281 774 4320; x_wconf 90' lang='lat' dir='ltr'><strong>cum</strong></span> <span class='ocrx_word' id='word_1_326' title='bbox 820 4275 985 4327; x_wconf 88' lang='lat' dir='ltr'><strong>esset,</strong></span> <span class='ocrx_word' id='word_1_327' title='bbox 1034 4271 1090 4315; x_wconf 93' lang='lat' dir='ltr'><strong>ut</strong></span> <span class='ocrx_word' id='word_1_328' title='bbox 1138 4262 1276 4316; x_wconf 85' lang='lat' dir='ltr'><strong>Deus</strong></span> <span class='ocrx_word' id='word_1_329' title='bbox 1319 4259 1566 4314; x_wconf 89' lang='lat' dir='ltr'><strong>diceret:</strong></span> <span class='ocrx_word' id='word_1_330' title='bbox 1601 4255 1776 4310; x_wconf 77' lang='lat' dir='ltr'><strong>Inveni</strong></span> <span class='ocrx_word' id='word_1_331' title='bbox 1799 4251 1986 4318; x_wconf 87' lang='lat' dir='ltr'><strong>David,</strong></span> 
     </span>
    </p>
   </div>
   <div class='ocr_carea' id='block_1_45' title="bbox 405 4345 1985 4430">
    <p class='ocr_par' dir='ltr' id='par_1_45' title="bbox 405 4345 1985 4430">
     <span class='ocr_line' id='line_1_46' title="bbox 405 4345 1985 4430; baseline -0.009 -15"><span class='ocrx_word' id='word_1_332' title='bbox 405 4363 566 4430; x_wconf 78' lang='lat' dir='ltr'><strong>filium</strong></span> <span class='ocrx_word' id='word_1_333' title='bbox 591 4357 936 4421; x_wconf 73' lang='lat' dir='ltr'><strong>Jessae;virum</strong></span> <span class='ocrx_word' id='word_1_334' title='bbox 960 4355 1236 4409; x_wconf 82' lang='lat' dir='ltr'><strong>secundum</strong></span> <span class='ocrx_word' id='word_1_335' title='bbox 1259 4367 1348 4405; x_wconf 87' lang='lat' dir='ltr'><strong>cor</strong></span> <span class='ocrx_word' id='word_1_336' title='bbox 1373 4367 1538 4404; x_wconf 87' lang='lat' dir='ltr'><strong>meum</strong></span> <span class='ocrx_word' id='word_1_337' title='bbox 1567 4349 1705 4419; x_wconf 81' lang='lat' dir='ltr'><strong>(Act.</strong></span> <span class='ocrx_word' id='word_1_338' title='bbox 1742 4349 1824 4404; x_wconf 79' lang='grc'><strong>15.</strong></span> <span class='ocrx_word' id='word_1_339' title='bbox 1851 4345 1985 4414; x_wconf 71' lang='lat'><strong>22)?</strong></span> 
     </span>
    </p>
   </div>
   <div class='ocr_carea' id='block_1_46' title="bbox 406 4440 1984 4516">
    <p class='ocr_par' dir='ltr' id='par_1_46' title="bbox 406 4440 1984 4516">
     <span class='ocr_line' id='line_1_47' title="bbox 406 4440 1984 4516; baseline -0.012 -5"><span class='ocrx_word' id='word_1_340' title='bbox 406 4454 690 4516; x_wconf 87' lang='lat' dir='ltr'><strong>Abraham,</strong></span> <span class='ocrx_word' id='word_1_341' title='bbox 723 4451 865 4504; x_wconf 86' lang='lat' dir='ltr'><strong>Isaac</strong></span> <span class='ocrx_word' id='word_1_342' title='bbox 885 4457 938 4502; x_wconf 91' lang='lat' dir='ltr'><strong>et</strong></span> <span class='ocrx_word' id='word_1_343' title='bbox 962 4447 1127 4501; x_wconf 83' lang='lat' dir='ltr'><strong>Jacob</strong></span> <span class='ocrx_word' id='word_1_344' title='bbox 1152 4460 1309 4514; x_wconf 84' lang='lat' dir='ltr'><strong>quem</strong></span> <span class='ocrx_word' id='word_1_345' title='bbox 1337 4452 1606 4498; x_wconf 88' lang='lat' dir='ltr'><strong>mortuum</strong></span> <span class='ocrx_word' id='word_1_346' title='bbox 1630 4440 1984 4495; x_wconf 87' lang='lat' dir='ltr'><strong>suscitarunt?</strong></span> 
     </span>
    </p>
   </div>
   <div class='ocr_carea' id='block_1_47' title="bbox 405 4532 1984 4618">
    <p class='ocr_par' dir='ltr' id='par_1_47' title="bbox 405 4532 1984 4618">
     <span class='ocr_line' id='line_1_48' title="bbox 405 4532 1984 4618; baseline -0.009 -18"><span class='ocrx_word' id='word_1_347' title='bbox 405 4562 562 4618; x_wconf 89' lang='lat' dir='ltr'><strong>quem</strong></span> <span class='ocrx_word' id='word_1_348' title='bbox 595 4545 862 4612; x_wconf 86' lang='lat' dir='ltr'><strong>leprosum</strong></span> <span class='ocrx_word' id='word_1_349' title='bbox 890 4537 1248 4592; x_wconf 86' lang='lat' dir='ltr'><strong>mundarunt?</strong></span> <span class='ocrx_word' id='word_1_350' title='bbox 1292 4537 1374 4588; x_wconf 83' lang='lat' dir='ltr'><strong>An</strong></span> <span class='ocrx_word' id='word_1_351' title='bbox 1405 4534 1638 4603; x_wconf 88' lang='lat' dir='ltr'><strong>ignoras,</strong></span> <span class='ocrx_word' id='word_1_352' title='bbox 1679 4533 1848 4602; x_wconf 89' lang='lat' dir='ltr'><strong>signa,</strong></span> <span class='ocrx_word' id='word_1_353' title='bbox 1883 4532 1984 4586; x_wconf 90' lang='lat' dir='ltr'><strong>nisi</strong></span> 
     </span>
    </p>
   </div>
   <div class='ocr_carea' id='block_1_48' title="bbox 409 4625 1984 4707">
    <p class='ocr_par' dir='ltr' id='par_1_48' title="bbox 409 4625 1984 4707">
     <span class='ocr_line' id='line_1_49' title="bbox 409 4625 1984 4707; baseline -0.01 -14"><span class='ocrx_word' id='word_1_354' title='bbox 409 4637 704 4707; x_wconf 81' lang='lat' dir='ltr'><strong>vigilemus,</strong></span> <span class='ocrx_word' id='word_1_355' title='bbox 751 4633 1064 4703; x_wconf 90' lang='lat' dir='ltr'><strong>plerumque</strong></span> <span class='ocrx_word' id='word_1_356' title='bbox 1093 4628 1330 4684; x_wconf 80' lang='lat' dir='ltr'><strong>nocere?</strong></span> <span class='ocrx_word' id='word_1_357' title='bbox 1370 4627 1459 4682; x_wconf 91' lang='lat' dir='ltr'><strong>Sic</strong></span> <span class='ocrx_word' id='word_1_358' title='bbox 1496 4626 1642 4680; x_wconf 89' lang='lat' dir='ltr'><strong>multi</strong></span> <span class='ocrx_word' id='word_1_359' title='bbox 1671 4625 1984 4680; x_wconf 91' lang='lat' dir='ltr'><strong>Corinthio-</strong></span> 
     </span>
    </p>
   </div>
   <div class='ocr_carea' id='block_1_49' title="bbox 407 4716 1984 4782">
    <p class='ocr_par' dir='ltr' id='par_1_49' title="bbox 407 4716 1984 4782">
     <span class='ocr_line' id='line_1_50' title="bbox 407 4716 1984 4782; baseline -0.008 0"><span class='ocrx_word' id='word_1_360' title='bbox 407 4743 522 4782; x_wconf 89' lang='lat' dir='ltr'><strong>rum</strong></span> <span class='ocrx_word' id='word_1_361' title='bbox 551 4723 641 4779; x_wconf 91' lang='lat' dir='ltr'><strong>alii</strong></span> <span class='ocrx_word' id='word_1_362' title='bbox 668 4723 736 4777; x_wconf 88' lang='lat' dir='ltr'><strong>ab</strong></span> <span class='ocrx_word' id='word_1_363' title='bbox 763 4722 881 4776; x_wconf 90' lang='lat' dir='ltr'><strong>aliis</strong></span> <span class='ocrx_word' id='word_1_364' title='bbox 918 4719 1128 4774; x_wconf 85' lang='lat' dir='ltr'><strong>discissi</strong></span> <span class='ocrx_word' id='word_1_365' title='bbox 1155 4727 1280 4773; x_wconf 91' lang='lat' dir='ltr'><strong>sunt</strong></span> <span class='ocrx_word' id='word_1_366' title='bbox 1305 4736 1318 4770; x_wconf 90' lang='lat'><strong>:</strong></span> <span class='ocrx_word' id='word_1_367' title='bbox 1347 4717 1424 4772; x_wconf 91' lang='lat' dir='ltr'><strong>sic</strong></span> <span class='ocrx_word' id='word_1_368' title='bbox 1450 4717 1598 4771; x_wconf 92' lang='lat' dir='ltr'><strong>multi</strong></span> <span class='ocrx_word' id='word_1_369' title='bbox 1620 4716 1984 4771; x_wconf 81' lang='lat' dir='ltr'><strong>Romanorum</strong></span> 
     </span>
    </p>
   </div>
   <div class='ocr_carea' id='block_1_50' title="bbox 404 4808 1984 4888">
    <p class='ocr_par' dir='ltr' id='par_1_50' title="bbox 404 4808 1984 4888">
     <span class='ocr_line' id='line_1_51' title="bbox 404 4808 1984 4888; baseline -0.008 -14"><span class='ocrx_word' id='word_1_370' title='bbox 404 4817 781 4888; x_wconf 88' lang='lat' dir='ltr'><strong>superbieruut</strong></span> <span class='ocrx_word' id='word_1_371' title='bbox 834 4831 849 4868; x_wconf 94' lang='lat'>:</span> <span class='ocrx_word' id='word_1_372' title='bbox 898 4813 977 4866; x_wconf 92' lang='lat' dir='ltr'><strong>sic</strong></span> <span class='ocrx_word' id='word_1_373' title='bbox 1016 4811 1202 4866; x_wconf 91' lang='lat' dir='ltr'><strong>Simon</strong></span> <span class='ocrx_word' id='word_1_374' title='bbox 1241 4809 1444 4879; x_wconf 87' lang='lat' dir='ltr'><strong>ejectus</strong></span> <span class='ocrx_word' id='word_1_375' title='bbox 1493 4817 1597 4863; x_wconf 89' lang='lat' dir='ltr'><strong>est.</strong></span> <span class='ocrx_word' id='word_1_376' title='bbox 1633 4808 1720 4864; x_wconf 86' lang='lat' dir='ltr'><strong>Sic</strong></span> <span class='ocrx_word' id='word_1_377' title='bbox 1765 4809 1855 4863; x_wconf 89' lang='lat' dir='ltr'><strong>ille</strong></span> <span class='ocrx_word' id='word_1_378' title='bbox 1895 4808 1984 4876; x_wconf 91' lang='lat' dir='ltr'><strong>qui</strong></span> 
     </span>
    </p>
   </div>
   <div class='ocr_carea' id='block_1_51' title="bbox 403 4897 1982 4974">
    <p class='ocr_par' dir='ltr' id='par_1_51' title="bbox 403 4897 1982 4974">
     <span class='ocr_line' id='line_1_52' title="bbox 403 4897 1982 4974; baseline -0.009 -10"><span class='ocrx_word' id='word_1_379' title='bbox 403 4908 676 4964; x_wconf 88' lang='lat' dir='ltr'><strong>Christum</strong></span> <span class='ocrx_word' id='word_1_380' title='bbox 705 4903 858 4974; x_wconf 89' lang='lat' dir='ltr'><strong>sequi</strong></span> <span class='ocrx_word' id='word_1_381' title='bbox 891 4908 1188 4971; x_wconf 86' lang='lat' dir='ltr'><strong>optaverat,</strong></span> <span class='ocrx_word' id='word_1_382' title='bbox 1233 4898 1551 4968; x_wconf 86' lang='lat' dir='ltr'><strong>reprobatus</strong></span> <span class='ocrx_word' id='word_1_383' title='bbox 1593 4906 1694 4963; x_wconf 87' lang='lat' dir='ltr'><strong>est,</strong></span> <span class='ocrx_word' id='word_1_384' title='bbox 1738 4897 1982 4962; x_wconf 87' lang='lat' dir='ltr'><strong>audiens,</strong></span> 
     </span>
    </p>
   </div>
   <div class='ocr_carea' id='block_1_52' title="bbox 417 4986 1982 5067">
    <p class='ocr_par' dir='ltr' id='par_1_52' title="bbox 417 4986 1982 5067">
     <span class='ocr_line' id='line_1_53' title="bbox 417 4986 1982 5067; baseline -0.009 -13"><span class='ocrx_word' id='word_1_385' title='bbox 417 4999 600 5067; x_wconf 80' lang='lat' dir='ltr'><strong>Vulpes</strong></span> <span class='ocrx_word' id='word_1_386' title='bbox 629 5000 796 5067; x_wconf 79' lang='lat' dir='ltr'><strong>foveas</strong></span> <span class='ocrx_word' id='word_1_387' title='bbox 822 4993 1024 5057; x_wconf 81' lang='lat' dir='ltr'><strong>habent,</strong></span> <span class='ocrx_word' id='word_1_388' title='bbox 1057 4999 1104 5043; x_wconf 93' lang='lat' dir='ltr'><strong>et</strong></span> <span class='ocrx_word' id='word_1_389' title='bbox 1135 4987 1360 5043; x_wconf 77' lang='lat' dir='ltr'><strong>volucres</strong></span> <span class='ocrx_word' id='word_1_390' title='bbox 1383 4989 1493 5042; x_wconf 72' lang='grc' dir='ltr'><strong>εωιὶ</strong></span> <span class='ocrx_word' id='word_1_391' title='bbox 1521 4987 1667 5041; x_wconf 82' lang='lat' dir='ltr'><strong>nidos</strong></span> <span class='ocrx_word' id='word_1_392' title='bbox 1686 4986 1898 5055; x_wconf 81' lang='lat' dir='ltr'><strong>(Matth.</strong></span> <span class='ocrx_word' id='word_1_393' title='bbox 1929 4987 1982 5042; x_wconf 92' lang='lat'><strong>8.</strong></span> 
     </span>
    </p>
   </div>
   <div class='ocr_carea' id='block_1_53' title="bbox 402 5081 1982 5158">
    <p class='ocr_par' dir='ltr' id='par_1_53' title="bbox 402 5081 1982 5158">
     <span class='ocr_line' id='line_1_54' title="bbox 402 5081 1982 5158; baseline -0.006 -13"><span class='ocrx_word' id='word_1_394' title='bbox 402 5093 505 5155; x_wconf 72' lang='lat'><strong>20;</strong></span> <span class='ocrx_word' id='word_1_395' title='bbox 538 5089 664 5143; x_wconf 84' lang='lat' dir='ltr'><strong>Luc.</strong></span> <span class='ocrx_word' id='word_1_396' title='bbox 693 5090 747 5143; x_wconf 89' lang='lat'><strong>9.</strong></span> <span class='ocrx_word' id='word_1_397' title='bbox 777 5085 889 5158; x_wconf 83' lang='lat'><strong>58).</strong></span> <span class='ocrx_word' id='word_1_398' title='bbox 925 5085 1124 5140; x_wconf 91' lang='lat' dir='ltr'><strong>llorum</strong></span> <span class='ocrx_word' id='word_1_399' title='bbox 1155 5083 1370 5153; x_wconf 87' lang='lat' dir='ltr'><strong>singuli,</strong></span> <span class='ocrx_word' id='word_1_400' title='bbox 1397 5085 1509 5137; x_wconf 87' lang='lat' dir='ltr'><strong>sive</strong></span> <span class='ocrx_word' id='word_1_401' title='bbox 1531 5081 1672 5152; x_wconf 89' lang='lat' dir='ltr'><strong>quod</strong></span> <span class='ocrx_word' id='word_1_402' title='bbox 1698 5082 1948 5151; x_wconf 86' lang='lat' dir='ltr'><strong>pecunias</strong></span> <span class='ocrx_word' id='word_1_403' title='bbox 1967 5124 1982 5147; x_wconf 92' lang='lat'><strong>,</strong></span> 
     </span>
    </p>
   </div>
   <div class='ocr_carea' id='block_1_54' title="bbox 403 5173 1989 5250">
    <p class='ocr_par' dir='ltr' id='par_1_54' title="bbox 403 5173 1989 5250">
     <span class='ocr_line' id='line_1_55' title="bbox 403 5173 1989 5250; baseline -0.005 -14"><span class='ocrx_word' id='word_1_404' title='bbox 403 5185 516 5236; x_wconf 82' lang='lat' dir='ltr'><strong>sive</strong></span> <span class='ocrx_word' id='word_1_405' title='bbox 557 5179 698 5250; x_wconf 89' lang='lat' dir='ltr'><strong>quod</strong></span> <span class='ocrx_word' id='word_1_406' title='bbox 743 5179 965 5248; x_wconf 81' lang='lat' dir='ltr'><strong>gloriam</strong></span> <span class='ocrx_word' id='word_1_407' title='bbox 995 5191 1059 5231; x_wconf 84' lang='lat' dir='ltr'><strong>ex</strong></span> <span class='ocrx_word' id='word_1_408' title='bbox 1099 5175 1265 5245; x_wconf 78' lang='lat' dir='ltr'><strong>signis</strong></span> <span class='ocrx_word' id='word_1_409' title='bbox 1307 5183 1629 5243; x_wconf 81' lang='lat' dir='ltr'><strong>qinererent,</strong></span> <span class='ocrx_word' id='word_1_410' title='bbox 1676 5173 1989 5228; x_wconf 81' lang='lat' dir='ltr'><strong>exciderunt</strong></span> 
     </span>
    </p>
   </div>
   <div class='ocr_carea' id='block_1_55' title="bbox 402 5265 1988 5340">
    <p class='ocr_par' dir='ltr' id='par_1_55' title="bbox 402 5265 1988 5340">
     <span class='ocr_line' id='line_1_56' title="bbox 402 5265 1988 5340; baseline -0.006 -13"><span class='ocrx_word' id='word_1_411' title='bbox 402 5283 457 5327; x_wconf 89' lang='lat' dir='ltr'><strong>et</strong></span> <span class='ocrx_word' id='word_1_412' title='bbox 512 5272 802 5340; x_wconf 89' lang='lat' dir='ltr'><strong>perierunt.</strong></span> <span class='ocrx_word' id='word_1_413' title='bbox 861 5267 999 5322; x_wconf 69' lang='lat' dir='ltr'><strong>Vita:</strong></span> <span class='ocrx_word' id='word_1_414' title='bbox 1044 5275 1223 5321; x_wconf 88' lang='lat' dir='ltr'><strong>autem</strong></span> <span class='ocrx_word' id='word_1_415' title='bbox 1289 5273 1537 5319; x_wconf 88' lang='lat' dir='ltr'><strong>accurata</strong></span> <span class='ocrx_word' id='word_1_416' title='bbox 1586 5265 1878 5330; x_wconf 87' lang='lat' dir='ltr'><strong>sanctitas,</strong></span> <span class='ocrx_word' id='word_1_417' title='bbox 1933 5274 1988 5319; x_wconf 91' lang='lat' dir='ltr'><strong>et</strong></span> 
     </span>
    </p>
   </div>
   <div class='ocr_carea' id='block_1_56' title="bbox 407 5357 1984 5427">
    <p class='ocr_par' dir='ltr' id='par_1_56' title="bbox 407 5357 1984 5427">
     <span class='ocr_line' id='line_1_57' title="bbox 407 5357 1984 5427; baseline -0.005 -10"><span class='ocrx_word' id='word_1_418' title='bbox 407 5366 656 5418; x_wconf 90' lang='lat' dir='ltr'><strong>virtutum</strong></span> <span class='ocrx_word' id='word_1_419' title='bbox 707 5376 858 5415; x_wconf 91' lang='lat' dir='ltr'><strong>amor</strong></span> <span class='ocrx_word' id='word_1_420' title='bbox 901 5375 1006 5414; x_wconf 91' lang='lat' dir='ltr'><strong>non</strong></span> <span class='ocrx_word' id='word_1_421' title='bbox 1049 5361 1209 5414; x_wconf 88' lang='lat' dir='ltr'><strong>modo</strong></span> <span class='ocrx_word' id='word_1_422' title='bbox 1250 5373 1354 5412; x_wconf 91' lang='lat' dir='ltr'><strong>non</strong></span> <span class='ocrx_word' id='word_1_423' title='bbox 1395 5358 1533 5427; x_wconf 86' lang='lat' dir='ltr'><strong>parit</strong></span> <span class='ocrx_word' id='word_1_424' title='bbox 1574 5357 1732 5412; x_wconf 83' lang='lat' dir='ltr'><strong>talem</strong></span> <span class='ocrx_word' id='word_1_425' title='bbox 1777 5357 1984 5425; x_wconf 83' lang='lat' dir='ltr'><strong>cupidi-</strong></span> 
     </span>
    </p>
   </div>
   <div class='ocr_carea' id='block_1_57' title="bbox 407 5448 1982 5519">
    <p class='ocr_par' dir='ltr' id='par_1_57' title="bbox 407 5448 1982 5519">
     <span class='ocr_line' id='line_1_58' title="bbox 407 5448 1982 5519; baseline -0.004 -10"><span class='ocrx_word' id='word_1_426' title='bbox 407 5465 594 5519; x_wconf 88' lang='lat' dir='ltr'><strong>tatem,</strong></span> <span class='ocrx_word' id='word_1_427' title='bbox 641 5451 738 5508; x_wconf 90' lang='lat' dir='ltr'><strong>sed</strong></span> <span class='ocrx_word' id='word_1_428' title='bbox 766 5452 812 5507; x_wconf 89' lang='lat' dir='ltr'><strong>si</strong></span> <span class='ocrx_word' id='word_1_429' title='bbox 839 5450 980 5506; x_wconf 86' lang='lat' dir='ltr'><strong>adsit</strong></span> <span class='ocrx_word' id='word_1_430' title='bbox 1005 5448 1199 5505; x_wconf 86' lang='lat' dir='ltr'><strong>aufert.</strong></span> <span class='ocrx_word' id='word_1_431' title='bbox 1245 5448 1362 5519; x_wconf 85' lang='lat' dir='ltr'><strong>Ipse</strong></span> <span class='ocrx_word' id='word_1_432' title='bbox 1393 5465 1520 5505; x_wconf 86' lang='lat' dir='ltr'><strong>vero</strong></span> <span class='ocrx_word' id='word_1_433' title='bbox 1545 5449 1813 5514; x_wconf 86' lang='lat' dir='ltr'><strong>Christus,</strong></span> <span class='ocrx_word' id='word_1_434' title='bbox 1863 5465 1982 5503; x_wconf 92' lang='lat' dir='ltr'><strong>cum</strong></span> 
     </span>
    </p>
   </div>
   <div class='ocr_carea' id='block_1_58' title="bbox 404 5541 1981 5616">
    <p class='ocr_par' dir='ltr' id='par_1_58' title="bbox 404 5541 1981 5616">
     <span class='ocr_line' id='line_1_59' title="bbox 404 5541 1981 5616; baseline -0.002 -16"><span class='ocrx_word' id='word_1_435' title='bbox 404 5546 550 5616; x_wconf 77' lang='lat' dir='ltr'><strong>leges</strong></span> <span class='ocrx_word' id='word_1_436' title='bbox 575 5544 731 5600; x_wconf 88' lang='lat' dir='ltr'><strong>daret</strong></span> <span class='ocrx_word' id='word_1_437' title='bbox 749 5543 1042 5612; x_wconf 89' lang='lat' dir='ltr'><strong>discipulis,</strong></span> <span class='ocrx_word' id='word_1_438' title='bbox 1065 5542 1192 5613; x_wconf 90' lang='lat' dir='ltr'><strong>quid</strong></span> <span class='ocrx_word' id='word_1_439' title='bbox 1220 5541 1432 5597; x_wconf 89' lang='lat' dir='ltr'><strong>dicebat</strong></span> <span class='ocrx_word' id='word_1_440' title='bbox 1449 5543 1472 5597; x_wconf 88' lang='lat'><strong>?</strong></span> <span class='ocrx_word' id='word_1_441' title='bbox 1492 5557 1581 5609; x_wconf 92' lang='lat' dir='ltr'><strong>an,</strong></span> <span class='ocrx_word' id='word_1_442' title='bbox 1611 5541 1770 5612; x_wconf 88' lang='lat' dir='ltr'><strong>Signa</strong></span> <span class='ocrx_word' id='word_1_443' title='bbox 1803 5542 1981 5608; x_wconf 88' lang='lat' dir='ltr'><strong>facite,</strong></span> 
     </span>
    </p>
   </div>
   <div class='ocr_carea' id='block_1_59' title="bbox 408 5633 1984 5704">
    <p class='ocr_par' dir='ltr' id='par_1_59' title="bbox 408 5633 1984 5704">
     <span class='ocr_line' id='line_1_60' title="bbox 408 5633 1984 5704; baseline 0 -15"><span class='ocrx_word' id='word_1_444' title='bbox 408 5646 465 5689; x_wconf 92' lang='lat' dir='ltr'><strong>ut</strong></span> <span class='ocrx_word' id='word_1_445' title='bbox 488 5634 703 5689; x_wconf 90' lang='lat' dir='ltr'><strong>videant</strong></span> <span class='ocrx_word' id='word_1_446' title='bbox 727 5633 1009 5689; x_wconf 82' lang='lat' dir='ltr'><strong>homines?</strong></span> <span class='ocrx_word' id='word_1_447' title='bbox 1052 5633 1396 5704; x_wconf 86' lang='lat' dir='ltr'><strong>Nequaquam</strong></span> <span class='ocrx_word' id='word_1_448' title='bbox 1429 5651 1444 5687; x_wconf 87' lang='lat'><strong>:</strong></span> <span class='ocrx_word' id='word_1_449' title='bbox 1479 5633 1574 5688; x_wconf 90' lang='lat' dir='ltr'><strong>sed</strong></span> <span class='ocrx_word' id='word_1_450' title='bbox 1603 5634 1769 5704; x_wconf 85' lang='lat' dir='ltr'><strong>quid?</strong></span> <span class='ocrx_word' id='word_1_451' title='bbox 1796 5633 1984 5689; x_wconf 88' lang='lat' dir='ltr'><strong>Luceat</strong></span> 
     </span>
    </p>
   </div>
   <div class='ocr_carea' id='block_1_60' title="bbox 407 5725 1982 5798">
    <p class='ocr_par' dir='ltr' id='par_1_60' title="bbox 407 5725 1982 5798">
     <span class='ocr_line' id='line_1_61' title="bbox 407 5725 1982 5798; baseline 0.002 -18"><span class='ocrx_word' id='word_1_452' title='bbox 407 5727 498 5782; x_wconf 72' lang='lat' dir='ltr'><strong>lux</strong></span> <span class='ocrx_word' id='word_1_453' title='bbox 532 5735 694 5782; x_wconf 80' lang='lat' dir='ltr'><strong>vestra</strong></span> <span class='ocrx_word' id='word_1_454' title='bbox 734 5742 904 5781; x_wconf 85' lang='lat' dir='ltr'><strong>coram</strong></span> <span class='ocrx_word' id='word_1_455' title='bbox 945 5725 1249 5797; x_wconf 78' lang='lat' dir='ltr'><strong>hominibus,</strong></span> <span class='ocrx_word' id='word_1_456' title='bbox 1291 5736 1345 5782; x_wconf 85' lang='lat' dir='ltr'><strong>ut</strong></span> <span class='ocrx_word' id='word_1_457' title='bbox 1385 5727 1585 5782; x_wconf 88' lang='lat' dir='ltr'><strong>videant</strong></span> <span class='ocrx_word' id='word_1_458' title='bbox 1628 5743 1781 5798; x_wconf 81' lang='lat' dir='ltr'><strong>apem</strong></span> <span class='ocrx_word' id='word_1_459' title='bbox 1819 5738 1982 5785; x_wconf 77' lang='lat' dir='ltr'><strong>ucstra</strong></span> 
     </span>
    </p>
   </div>
   <div class='ocr_carea' id='block_1_61' title="bbox 1135 313 2926 397">
    <p class='ocr_par' dir='ltr' id='par_1_61' title="bbox 1135 313 2926 397">
     <span class='ocr_line' id='line_1_62' title="bbox 1135 313 2926 397; baseline -0.004 -16"><span class='ocrx_word' id='word_1_460' title='bbox 1135 323 1192 381; x_wconf 90' lang='lat' dir='ltr'><strong>S.</strong></span> <span class='ocrx_word' id='word_1_461' title='bbox 1231 321 1522 397; x_wconf 78' lang='lat' dir='ltr'><strong>JOANNIS</strong></span> <span class='ocrx_word' id='word_1_462' title='bbox 1545 313 2018 376; x_wconf 76' lang='lat' dir='ltr'><strong>CHRYSOSTOMI</strong></span> <span class='ocrx_word' id='word_1_463' title='bbox 2046 314 2364 374; x_wconf 80' lang='lat' dir='ltr'><strong>ARCIIIEP.</strong></span> <span class='ocrx_word' id='word_1_464' title='bbox 2395 317 2926 376; x_wconf 77' lang='lat' dir='ltr'><strong>CONSTANTINOP.</strong></span> 
     </span>
    </p>
   </div>
   <div class='ocr_carea' id='block_1_62' title="bbox 2093 431 3671 504">
    <p class='ocr_par' dir='ltr' id='par_1_62' title="bbox 2093 431 3671 504">
     <span class='ocr_line' id='line_1_63' title="bbox 2093 431 3671 504; baseline 0.011 -21"><span class='ocrx_word' id='word_1_465' title='bbox 2093 431 2244 497; x_wconf 80' lang='lat' dir='ltr'><strong>bona,</strong></span> <span class='ocrx_word' id='word_1_466' title='bbox 2285 442 2333 486; x_wconf 88' lang='lat' dir='ltr'><strong>et</strong></span> <span class='ocrx_word' id='word_1_467' title='bbox 2365 433 2648 504; x_wconf 79' lang='lat' dir='ltr'><strong>gloriﬁcent</strong></span> <span class='ocrx_word' id='word_1_468' title='bbox 2696 434 2906 489; x_wconf 71' lang='lat' dir='ltr'><strong>Patrem</strong></span> <span class='ocrx_word' id='word_1_469' title='bbox 2943 445 3160 491; x_wconf 78' lang='lat' dir='ltr'><strong>vestrum</strong></span> <span class='ocrx_word' id='word_1_470' title='bbox 3197 438 3286 501; x_wconf 81' lang='lat' dir='ltr'><strong>qui</strong></span> <span class='ocrx_word' id='word_1_471' title='bbox 3325 439 3380 494; x_wconf 90' lang='lat' dir='ltr'><strong>in</strong></span> <span class='ocrx_word' id='word_1_472' title='bbox 3422 441 3558 498; x_wconf 71' lang='lat' dir='ltr'><strong>cclis</strong></span> <span class='ocrx_word' id='word_1_473' title='bbox 3594 456 3671 500; x_wconf 88' lang='lat' dir='ltr'><strong>est</strong></span> 
     </span>
    </p>
   </div>
   <div class='ocr_carea' id='block_1_63' title="bbox 2090 521 3665 602">
    <p class='ocr_par' dir='ltr' id='par_1_63' title="bbox 2090 521 3665 602">
     <span class='ocr_line' id='line_1_64' title="bbox 2090 521 3665 602; baseline 0.011 -29"><span class='ocrx_word' id='word_1_474' title='bbox 2090 521 2302 593; x_wconf 72' lang='lat' dir='ltr'><strong>(Matth.</strong></span> <span class='ocrx_word' id='word_1_475' title='bbox 2329 524 2383 578; x_wconf 81' lang='grc'><strong>5.</strong></span> <span class='ocrx_word' id='word_1_476' title='bbox 2409 526 2522 596; x_wconf 82' lang='lat' dir='ltr'><strong>l6).</strong></span> <span class='ocrx_word' id='word_1_477' title='bbox 2552 525 2711 581; x_wconf 81' lang='lat' dir='ltr'><strong>Petro</strong></span> <span class='ocrx_word' id='word_1_478' title='bbox 2734 542 2946 598; x_wconf 89' lang='lat' dir='ltr'><strong>quoque</strong></span> <span class='ocrx_word' id='word_1_479' title='bbox 2976 543 3080 583; x_wconf 92' lang='lat' dir='ltr'><strong>non</strong></span> <span class='ocrx_word' id='word_1_480' title='bbox 3109 529 3262 596; x_wconf 82' lang='lat' dir='ltr'><strong>dixit,</strong></span> <span class='ocrx_word' id='word_1_481' title='bbox 3303 530 3358 586; x_wconf 92' lang='lat' dir='ltr'><strong>Si</strong></span> <span class='ocrx_word' id='word_1_482' title='bbox 3385 548 3472 588; x_wconf 88' lang='lat' dir='ltr'><strong>me</strong></span> <span class='ocrx_word' id='word_1_483' title='bbox 3498 549 3665 602; x_wconf 86' lang='lat' dir='ltr'><strong>amas,</strong></span> 
     </span>
    </p>
   </div>
   <div class='ocr_carea' id='block_1_64' title="bbox 2089 611 3670 698">
    <p class='ocr_par' dir='ltr' id='par_1_64' title="bbox 2089 611 3670 698">
     <span class='ocr_line' id='line_1_65' title="bbox 2089 611 3670 698; baseline 0.013 -34"><span class='ocrx_word' id='word_1_484' title='bbox 2089 611 2238 681; x_wconf 88' lang='lat' dir='ltr'><strong>signa</strong></span> <span class='ocrx_word' id='word_1_485' title='bbox 2264 612 2380 679; x_wconf 87' lang='lat' dir='ltr'><strong>fac;</strong></span> <span class='ocrx_word' id='word_1_486' title='bbox 2423 615 2540 681; x_wconf 89' lang='lat' dir='ltr'><strong>sed,</strong></span> <span class='ocrx_word' id='word_1_487' title='bbox 2585 615 2748 672; x_wconf 83' lang='lat' dir='ltr'><strong>Pasce</strong></span> <span class='ocrx_word' id='word_1_488' title='bbox 2783 633 2897 672; x_wconf 87' lang='lat' dir='ltr'><strong>oves</strong></span> <span class='ocrx_word' id='word_1_489' title='bbox 2938 635 3073 674; x_wconf 87' lang='lat' dir='ltr'><strong>meas</strong></span> <span class='ocrx_word' id='word_1_490' title='bbox 3112 619 3292 690; x_wconf 85' lang='lat' dir='ltr'><strong>(loan.</strong></span> <span class='ocrx_word' id='word_1_491' title='bbox 3327 623 3418 678; x_wconf 59' lang='lat' dir='ltr'><strong>Si.</strong></span> <span class='ocrx_word' id='word_1_492' title='bbox 3453 624 3562 698; x_wconf 81' lang='lat' dir='ltr'><strong>l5).</strong></span> <span class='ocrx_word' id='word_1_493' title='bbox 3601 627 3670 684; x_wconf 79' lang='lat' dir='ltr'><strong>Et</strong></span> 
     </span>
    </p>
   </div>
   <div class='ocr_carea' id='block_1_65' title="bbox 2087 708 3670 780">
    <p class='ocr_par' dir='ltr' id='par_1_65' title="bbox 2087 708 3670 780">
     <span class='ocr_line' id='line_1_66' title="bbox 2087 708 3670 780; baseline 0.011 -22"><span class='ocrx_word' id='word_1_494' title='bbox 2087 717 2208 758; x_wconf 89' lang='lat' dir='ltr'><strong>cum</strong></span> <span class='ocrx_word' id='word_1_495' title='bbox 2240 720 2456 778; x_wconf 89' lang='lat' dir='ltr'><strong>semper</strong></span> <span class='ocrx_word' id='word_1_496' title='bbox 2481 708 2628 762; x_wconf 92' lang='lat' dir='ltr'><strong>illum</strong></span> <span class='ocrx_word' id='word_1_497' title='bbox 2653 711 2862 764; x_wconf 74' lang='lat' dir='ltr'><strong>caneris</strong></span> <span class='ocrx_word' id='word_1_498' title='bbox 2887 723 3181 780; x_wconf 74' lang='lat' dir='ltr'><strong>praeponat,</strong></span> <span class='ocrx_word' id='word_1_499' title='bbox 3206 731 3307 768; x_wconf 85' lang='lat' dir='ltr'><strong>una</strong></span> <span class='ocrx_word' id='word_1_500' title='bbox 3334 731 3455 771; x_wconf 90' lang='lat' dir='ltr'><strong>cum</strong></span> <span class='ocrx_word' id='word_1_501' title='bbox 3473 717 3670 775; x_wconf 81' lang='lat' dir='ltr'><strong>Jacobo</strong></span> 
     </span>
    </p>
   </div>
   <div class='ocr_carea' id='block_1_66' title="bbox 2087 793 3672 881">
    <p class='ocr_par' dir='ltr' id='par_1_66' title="bbox 2087 793 3672 881">
     <span class='ocr_line' id='line_1_67' title="bbox 2087 793 3672 881; baseline 0.011 -32"><span class='ocrx_word' id='word_1_502' title='bbox 2087 803 2142 849; x_wconf 88' lang='lat' dir='ltr'><strong>et</strong></span> <span class='ocrx_word' id='word_1_503' title='bbox 2171 793 2399 863; x_wconf 79' lang='lat' dir='ltr'><strong>Joanne,</strong></span> <span class='ocrx_word' id='word_1_504' title='bbox 2447 798 2610 864; x_wconf 91' lang='lat' dir='ltr'><strong>unde,</strong></span> <span class='ocrx_word' id='word_1_505' title='bbox 2657 816 2862 870; x_wconf 62' lang='lat' dir='ltr'><strong>(iusisse,</strong></span> <span class='ocrx_word' id='word_1_506' title='bbox 2895 805 3190 872; x_wconf 66' lang='lat' dir='ltr'><strong>praeponit?</strong></span> <span class='ocrx_word' id='word_1_507' title='bbox 3233 822 3360 862; x_wconf 89' lang='lat' dir='ltr'><strong>num</strong></span> <span class='ocrx_word' id='word_1_508' title='bbox 3396 824 3426 862; x_wconf 86' lang='lat' dir='ltr'><strong>a</strong></span> <span class='ocrx_word' id='word_1_509' title='bbox 3469 810 3672 881; x_wconf 87' lang='lat' dir='ltr'><strong>signis?</strong></span> 
     </span>
    </p>
   </div>
   <div class='ocr_carea' id='block_1_67' title="bbox 2088 887 3672 966">
    <p class='ocr_par' dir='ltr' id='par_1_67' title="bbox 2088 887 3672 966">
     <span class='ocr_line' id='line_1_68' title="bbox 2088 887 3672 966; baseline 0.013 -27"><span class='ocrx_word' id='word_1_510' title='bbox 2088 887 2247 957; x_wconf 84' lang='lat' dir='ltr'><strong>Atqui</strong></span> <span class='ocrx_word' id='word_1_511' title='bbox 2275 903 2462 944; x_wconf 88' lang='lat' dir='ltr'><strong>omnes</strong></span> <span class='ocrx_word' id='word_1_512' title='bbox 2485 890 2731 960; x_wconf 89' lang='lat' dir='ltr'><strong>discipuli</strong></span> <span class='ocrx_word' id='word_1_513' title='bbox 2759 893 3000 963; x_wconf 88' lang='lat' dir='ltr'><strong>leprosos</strong></span> <span class='ocrx_word' id='word_1_514' title='bbox 3029 897 3378 966; x_wconf 83' lang='lat' dir='ltr'><strong>mandabant,</strong></span> <span class='ocrx_word' id='word_1_515' title='bbox 3431 913 3672 960; x_wconf 86' lang='lat' dir='ltr'><strong>mortuos</strong></span> 
     </span>
    </p>
   </div>
   <div class='ocr_carea' id='block_1_68' title="bbox 2087 979 3674 1056">
    <p class='ocr_par' dir='ltr' id='par_1_68' title="bbox 2087 979 3674 1056">
     <span class='ocr_line' id='line_1_69' title="bbox 2087 979 3674 1056; baseline 0.011 -24"><span class='ocrx_word' id='word_1_516' title='bbox 2087 979 2418 1034; x_wconf 88' lang='lat' dir='ltr'><strong>suscitabaut</strong></span> <span class='ocrx_word' id='word_1_517' title='bbox 2445 997 2459 1046; x_wconf 94' lang='lat'><strong>;</strong></span> <span class='ocrx_word' id='word_1_518' title='bbox 2491 983 2849 1053; x_wconf 87' lang='lat' dir='ltr'><strong>omnibusque</strong></span> <span class='ocrx_word' id='word_1_519' title='bbox 2892 985 3143 1040; x_wconf 80' lang='lat' dir='ltr'><strong>similiter</strong></span> <span class='ocrx_word' id='word_1_520' title='bbox 3186 997 3503 1056; x_wconf 90' lang='lat' dir='ltr'><strong>potestatem</strong></span> <span class='ocrx_word' id='word_1_521' title='bbox 3547 1006 3674 1048; x_wconf 17' lang='lat' dir='ltr'><strong>con;-</strong></span> 
     </span>
    </p>
   </div>
   <div class='ocr_carea' id='block_1_69' title="bbox 2088 1071 3674 1146">
    <p class='ocr_par' dir='ltr' id='par_1_69' title="bbox 2088 1071 3674 1146">
     <span class='ocr_line' id='line_1_70' title="bbox 2088 1071 3674 1146; baseline 0.009 -22"><span class='ocrx_word' id='word_1_522' title='bbox 2088 1071 2269 1124; x_wconf 84' lang='lat' dir='ltr'><strong>cessit.</strong></span> <span class='ocrx_word' id='word_1_523' title='bbox 2303 1071 2409 1126; x_wconf 93' lang='lat' dir='ltr'><strong>Cur</strong></span> <span class='ocrx_word' id='word_1_524' title='bbox 2436 1087 2566 1142; x_wconf 90' lang='lat' dir='ltr'><strong>ergo</strong></span> <span class='ocrx_word' id='word_1_525' title='bbox 2607 1083 2717 1129; x_wconf 90' lang='lat' dir='ltr'><strong>tres</strong></span> <span class='ocrx_word' id='word_1_526' title='bbox 2746 1075 2818 1128; x_wconf 93' lang='lat' dir='ltr'><strong>illi</strong></span> <span class='ocrx_word' id='word_1_527' title='bbox 2846 1078 3357 1146; x_wconf 78' lang='lat' dir='ltr'><strong>anteponebantur?</strong></span> <span class='ocrx_word' id='word_1_528' title='bbox 3397 1081 3484 1136; x_wconf 83' lang='lat' dir='ltr'><strong>Ex</strong></span> <span class='ocrx_word' id='word_1_529' title='bbox 3511 1083 3674 1139; x_wconf 83' lang='lat' dir='ltr'><strong>animi</strong></span> 
     </span>
    </p>
   </div>
   <div class='ocr_carea' id='block_1_70' title="bbox 2088 1163 3674 1240">
    <p class='ocr_par' dir='ltr' id='par_1_70' title="bbox 2088 1163 3674 1240">
     <span class='ocr_line' id='line_1_71' title="bbox 2088 1163 3674 1240; baseline 0.009 -24"><span class='ocrx_word' id='word_1_530' title='bbox 2088 1177 2280 1232; x_wconf 91' lang='lat' dir='ltr'><strong>nempe</strong></span> <span class='ocrx_word' id='word_1_531' title='bbox 2309 1163 2526 1220; x_wconf 91' lang='lat' dir='ltr'><strong>virtute.</strong></span> <span class='ocrx_word' id='word_1_532' title='bbox 2551 1165 2737 1220; x_wconf 71' lang='lat' dir='ltr'><strong>Viden”</strong></span> <span class='ocrx_word' id='word_1_533' title='bbox 2767 1166 2963 1236; x_wconf 89' lang='lat' dir='ltr'><strong>ubique</strong></span> <span class='ocrx_word' id='word_1_534' title='bbox 2991 1168 3126 1223; x_wconf 90' lang='lat' dir='ltr'><strong>bona</strong></span> <span class='ocrx_word' id='word_1_535' title='bbox 3153 1185 3287 1240; x_wconf 91' lang='lat' dir='ltr'><strong>opus</strong></span> <span class='ocrx_word' id='word_1_536' title='bbox 3311 1185 3432 1228; x_wconf 88' lang='lat' dir='ltr'><strong>esse</strong></span> <span class='ocrx_word' id='word_1_537' title='bbox 3463 1173 3591 1238; x_wconf 83' lang='lat' dir='ltr'><strong>vita,</strong></span> <span class='ocrx_word' id='word_1_538' title='bbox 3621 1184 3674 1231; x_wconf 69' lang='grc' dir='ltr'><strong>«ιι</strong></span> 
     </span>
    </p>
   </div>
   <div class='ocr_carea' id='block_1_71' title="bbox 2088 1253 3674 1336">
    <p class='ocr_par' dir='ltr' id='par_1_71' title="bbox 2088 1253 3674 1336">
     <span class='ocr_line' id='line_1_72' title="bbox 2088 1253 3674 1336; baseline 0.011 -30"><span class='ocrx_word' id='word_1_539' title='bbox 2088 1253 2248 1308; x_wconf 89' lang='lat' dir='ltr'><strong>rectis</strong></span> <span class='ocrx_word' id='word_1_540' title='bbox 2287 1256 2579 1324; x_wconf 87' lang='lat' dir='ltr'><strong>operibus?</strong></span> <span class='ocrx_word' id='word_1_541' title='bbox 2624 1254 2709 1310; x_wconf 79' lang='lat' dir='ltr'><strong>Ea:</strong></span> <span class='ocrx_word' id='word_1_542' title='bbox 2751 1258 3019 1326; x_wconf 77' lang='lat' dir='ltr'><strong>fructibus,</strong></span> <span class='ocrx_word' id='word_1_543' title='bbox 3059 1262 3225 1330; x_wconf 88' lang='lat' dir='ltr'><strong>enim,</strong></span> <span class='ocrx_word' id='word_1_544' title='bbox 3270 1264 3461 1336; x_wconf 84' lang='lat' dir='ltr'><strong>inquit,</strong></span> <span class='ocrx_word' id='word_1_545' title='bbox 3501 1283 3674 1322; x_wconf 83' lang='lat' dir='ltr'><strong>eorum</strong></span> 
     </span>
    </p>
   </div>
   <div class='ocr_carea' id='block_1_72' title="bbox 2085 1347 2971 1423">
    <p class='ocr_par' dir='ltr' id='par_1_72' title="bbox 2085 1347 2971 1423">
     <span class='ocr_line' id='line_1_73' title="bbox 2085 1347 2971 1423; baseline 0.01 -25"><span class='ocrx_word' id='word_1_546' title='bbox 2085 1347 2392 1416; x_wconf 79' lang='lat' dir='ltr'><strong>cognoscetis</strong></span> <span class='ocrx_word' id='word_1_547' title='bbox 2421 1364 2505 1402; x_wconf 88' lang='lat' dir='ltr'><strong>eos</strong></span> <span class='ocrx_word' id='word_1_548' title='bbox 2533 1347 2745 1419; x_wconf 79' lang='lat' dir='ltr'><strong>(Matth.</strong></span> <span class='ocrx_word' id='word_1_549' title='bbox 2773 1350 2827 1404; x_wconf 86' lang='grc'><strong>7.</strong></span> <span class='ocrx_word' id='word_1_550' title='bbox 2857 1351 2971 1423; x_wconf 78' lang='grc'><strong>16).</strong></span> 
     </span>
    </p>
   </div>
   <div class='ocr_carea' id='block_1_73' title="bbox 2157 1436 3671 1523">
    <p class='ocr_par' dir='ltr' id='par_1_73' title="bbox 2157 1436 3671 1523">
     <span class='ocr_line' id='line_1_74' title="bbox 2157 1436 3671 1523; baseline 0.011 -33"><span class='ocrx_word' id='word_1_551' title='bbox 2157 1437 2212 1490; x_wconf 77' lang='grc'><strong>4.</strong></span> <span class='ocrx_word' id='word_1_552' title='bbox 2241 1436 2377 1504; x_wconf 88' lang='lat' dir='ltr'><strong>Quid</strong></span> <span class='ocrx_word' id='word_1_553' title='bbox 2403 1446 2579 1494; x_wconf 90' lang='lat' dir='ltr'><strong>autem</strong></span> <span class='ocrx_word' id='word_1_554' title='bbox 2603 1440 2760 1494; x_wconf 87' lang='lat' dir='ltr'><strong>vitam</strong></span> <span class='ocrx_word' id='word_1_555' title='bbox 2793 1452 3030 1498; x_wconf 89' lang='lat' dir='ltr'><strong>nostram</strong></span> <span class='ocrx_word' id='word_1_556' title='bbox 3058 1447 3364 1503; x_wconf 86' lang='lat' dir='ltr'><strong>constituit?</strong></span> <span class='ocrx_word' id='word_1_557' title='bbox 3393 1450 3474 1504; x_wconf 82' lang='lat' dir='ltr'><strong>An</strong></span> <span class='ocrx_word' id='word_1_558' title='bbox 3497 1451 3671 1523; x_wconf 86' lang='lat' dir='ltr'><strong>signa,</strong></span> 
     </span>
    </p>
   </div>
   <div class='ocr_carea' id='block_1_74' title="bbox 2087 1527 3675 1615">
    <p class='ocr_par' dir='ltr' id='par_1_74' title="bbox 2087 1527 3675 1615">
     <span class='ocr_line' id='line_1_75' title="bbox 2087 1527 3675 1615; baseline 0.013 -36"><span class='ocrx_word' id='word_1_559' title='bbox 2087 1539 2154 1580; x_wconf 90' lang='lat' dir='ltr'><strong>an</strong></span> <span class='ocrx_word' id='word_1_560' title='bbox 2182 1527 2286 1581; x_wconf 89' lang='lat' dir='ltr'><strong>vita</strong></span> <span class='ocrx_word' id='word_1_561' title='bbox 2316 1537 2462 1583; x_wconf 87' lang='lat' dir='ltr'><strong>recte</strong></span> <span class='ocrx_word' id='word_1_562' title='bbox 2490 1538 2545 1584; x_wconf 93' lang='lat' dir='ltr'><strong>et</strong></span> <span class='ocrx_word' id='word_1_563' title='bbox 2564 1544 2812 1589; x_wconf 90' lang='lat' dir='ltr'><strong>accurate</strong></span> <span class='ocrx_word' id='word_1_564' title='bbox 2832 1536 2982 1589; x_wconf 81' lang='lat' dir='ltr'><strong>acta?</strong></span> <span class='ocrx_word' id='word_1_565' title='bbox 3013 1536 3185 1593; x_wconf 85' lang='lat' dir='ltr'><strong>Vitam</strong></span> <span class='ocrx_word' id='word_1_566' title='bbox 3212 1551 3358 1596; x_wconf 90' lang='lat' dir='ltr'><strong>certe</strong></span> <span class='ocrx_word' id='word_1_567' title='bbox 3379 1556 3498 1598; x_wconf 87' lang='lat' dir='ltr'><strong>esse</strong></span> <span class='ocrx_word' id='word_1_568' title='bbox 3519 1544 3675 1615; x_wconf 89' lang='lat' dir='ltr'><strong>liqui-</strong></span> 
     </span>
    </p>
   </div>
   <div class='ocr_carea' id='block_1_75' title="bbox 2087 1617 3676 1699">
    <p class='ocr_par' dir='ltr' id='par_1_75' title="bbox 2087 1617 3676 1699">
     <span class='ocr_line' id='line_1_76' title="bbox 2087 1617 3676 1699; baseline 0.014 -28"><span class='ocrx_word' id='word_1_569' title='bbox 2087 1617 2213 1671; x_wconf 93' lang='lat' dir='ltr'><strong>dum</strong></span> <span class='ocrx_word' id='word_1_570' title='bbox 2243 1629 2322 1673; x_wconf 88' lang='lat' dir='ltr'><strong>est</strong></span> <span class='ocrx_word' id='word_1_571' title='bbox 2354 1637 2368 1674; x_wconf 91' lang='lat'><strong>:</strong></span> <span class='ocrx_word' id='word_1_572' title='bbox 2399 1620 2548 1690; x_wconf 89' lang='lat' dir='ltr'><strong>signa</strong></span> <span class='ocrx_word' id='word_1_573' title='bbox 2576 1636 2706 1677; x_wconf 85' lang='lat' dir='ltr'><strong>vero</strong></span> <span class='ocrx_word' id='word_1_574' title='bbox 2754 1623 2876 1680; x_wconf 90' lang='lat' dir='ltr'><strong>inde</strong></span> <span class='ocrx_word' id='word_1_575' title='bbox 2917 1625 3120 1682; x_wconf 86' lang='lat' dir='ltr'><strong>ducunt</strong></span> <span class='ocrx_word' id='word_1_576' title='bbox 3156 1630 3511 1699; x_wconf 84' lang='lat' dir='ltr'><strong>occasionem,</strong></span> <span class='ocrx_word' id='word_1_577' title='bbox 3541 1644 3597 1690; x_wconf 90' lang='lat' dir='ltr'><strong>et</strong></span> <span class='ocrx_word' id='word_1_578' title='bbox 3622 1633 3676 1694; x_wconf 81' lang='lat' dir='ltr'><strong>iu</strong></span> 
     </span>
    </p>
   </div>
   <div class='ocr_carea' id='block_1_76' title="bbox 2087 1711 3674 1794">
    <p class='ocr_par' dir='ltr' id='par_1_76' title="bbox 2087 1711 3674 1794">
     <span class='ocr_line' id='line_1_77' title="bbox 2087 1711 3674 1794; baseline 0.013 -35"><span class='ocrx_word' id='word_1_579' title='bbox 2087 1722 2208 1760; x_wconf 83' lang='lat' dir='ltr'><strong>eum</strong></span> <span class='ocrx_word' id='word_1_580' title='bbox 2237 1711 2396 1763; x_wconf 90' lang='lat' dir='ltr'><strong>linem</strong></span> <span class='ocrx_word' id='word_1_581' title='bbox 2417 1711 2686 1766; x_wconf 91' lang='lat' dir='ltr'><strong>desinunt.</strong></span> <span class='ocrx_word' id='word_1_582' title='bbox 2719 1714 2846 1769; x_wconf 78' lang='lat' dir='ltr'><strong>Nam</strong></span> <span class='ocrx_word' id='word_1_583' title='bbox 2871 1718 2959 1786; x_wconf 90' lang='lat' dir='ltr'><strong>qui</strong></span> <span class='ocrx_word' id='word_1_584' title='bbox 2979 1718 3140 1772; x_wconf 87' lang='lat' dir='ltr'><strong>vitam</strong></span> <span class='ocrx_word' id='word_1_585' title='bbox 3161 1719 3376 1777; x_wconf 83' lang='lat' dir='ltr'><strong>exhibet</strong></span> <span class='ocrx_word' id='word_1_586' title='bbox 3393 1725 3674 1794; x_wconf 90' lang='lat' dir='ltr'><strong>optimam,</strong></span> 
     </span>
    </p>
   </div>
   <div class='ocr_carea' id='block_1_77' title="bbox 2088 1797 3672 1888">
    <p class='ocr_par' dir='ltr' id='par_1_77' title="bbox 2088 1797 3672 1888">
     <span class='ocr_line' id='line_1_78' title="bbox 2088 1797 3672 1888; baseline 0.015 -38"><span class='ocrx_word' id='word_1_587' title='bbox 2088 1797 2226 1888; x_wconf 80' lang='lat' dir='ltr'><strong>hanc</strong></span> <span class='ocrx_word' id='word_1_588' title='bbox 2253 1800 2355 1855; x_wconf 88' lang='lat' dir='ltr'><strong>sibi</strong></span> <span class='ocrx_word' id='word_1_589' title='bbox 2381 1802 2598 1857; x_wconf 89' lang='lat' dir='ltr'><strong>attrahit</strong></span> <span class='ocrx_word' id='word_1_590' title='bbox 2624 1805 2880 1873; x_wconf 79' lang='lat' dir='ltr'><strong>gratiam;</strong></span> <span class='ocrx_word' id='word_1_591' title='bbox 2909 1810 2998 1879; x_wconf 90' lang='lat' dir='ltr'><strong>qui</strong></span> <span class='ocrx_word' id='word_1_592' title='bbox 3027 1825 3155 1865; x_wconf 80' lang='lat' dir='ltr'><strong>vero</strong></span> <span class='ocrx_word' id='word_1_593' title='bbox 3177 1813 3401 1881; x_wconf 85' lang='lat' dir='ltr'><strong>gratiam</strong></span> <span class='ocrx_word' id='word_1_594' title='bbox 3435 1817 3630 1888; x_wconf 88' lang='lat' dir='ltr'><strong>accipit</strong></span> <span class='ocrx_word' id='word_1_595' title='bbox 3654 1859 3672 1884; x_wconf 94' lang='lat'><strong>,</strong></span> 
     </span>
    </p>
   </div>
   <div class='ocr_carea' id='block_1_78' title="bbox 2088 1887 3674 1979">
    <p class='ocr_par' dir='ltr' id='par_1_78' title="bbox 2088 1887 3674 1979">
     <span class='ocr_line' id='line_1_79' title="bbox 2088 1887 3674 1979; baseline 0.013 -38"><span class='ocrx_word' id='word_1_596' title='bbox 2088 1887 2212 1979; x_wconf 89' lang='lat' dir='ltr'><strong>ideo</strong></span> <span class='ocrx_word' id='word_1_597' title='bbox 2237 1891 2465 1960; x_wconf 91' lang='lat' dir='ltr'><strong>accipit,</strong></span> <span class='ocrx_word' id='word_1_598' title='bbox 2499 1902 2555 1946; x_wconf 93' lang='lat' dir='ltr'><strong>ut</strong></span> <span class='ocrx_word' id='word_1_599' title='bbox 2582 1894 2808 1950; x_wconf 91' lang='lat' dir='ltr'><strong>aliorum</strong></span> <span class='ocrx_word' id='word_1_600' title='bbox 2839 1899 2998 1953; x_wconf 90' lang='lat' dir='ltr'><strong>vitam</strong></span> <span class='ocrx_word' id='word_1_601' title='bbox 3027 1903 3294 1958; x_wconf 91' lang='lat' dir='ltr'><strong>emendet.</strong></span> <span class='ocrx_word' id='word_1_602' title='bbox 3324 1887 3674 1979; x_wconf 84' lang='lat' dir='ltr'><strong>Quandoqui-</strong></span> 
     </span>
    </p>
   </div>
   <div class='ocr_carea' id='block_1_79' title="bbox 2087 1978 3680 2055">
    <p class='ocr_par' dir='ltr' id='par_1_79' title="bbox 2087 1978 3680 2055">
     <span class='ocr_line' id='line_1_80' title="bbox 2087 1978 3680 2055; baseline 0.013 -22"><span class='ocrx_word' id='word_1_603' title='bbox 2087 1978 2208 2034; x_wconf 91' lang='lat' dir='ltr'><strong>dem</strong></span> <span class='ocrx_word' id='word_1_604' title='bbox 2239 1980 2484 2037; x_wconf 86' lang='lat' dir='ltr'><strong>Christus</strong></span> <span class='ocrx_word' id='word_1_605' title='bbox 2511 1984 2764 2040; x_wconf 91' lang='lat' dir='ltr'><strong>miracula</strong></span> <span class='ocrx_word' id='word_1_606' title='bbox 2796 1988 2880 2041; x_wconf 88' lang='lat' dir='ltr'><strong>illa</strong></span> <span class='ocrx_word' id='word_1_607' title='bbox 2909 1988 3030 2044; x_wconf 91' lang='lat' dir='ltr'><strong>ideo</strong></span> <span class='ocrx_word' id='word_1_608' title='bbox 3056 1992 3199 2055; x_wconf 91' lang='lat' dir='ltr'><strong>fecit,</strong></span> <span class='ocrx_word' id='word_1_609' title='bbox 3233 2003 3288 2048; x_wconf 92' lang='lat' dir='ltr'><strong>ut</strong></span> <span class='ocrx_word' id='word_1_610' title='bbox 3319 1995 3440 2051; x_wconf 91' lang='lat' dir='ltr'><strong>inde</strong></span> <span class='ocrx_word' id='word_1_611' title='bbox 3469 1978 3580 2053; x_wconf 81' lang='lat' dir='ltr'><strong>fide</strong></span> <span class='ocrx_word' id='word_1_612' title='bbox 3597 1999 3680 2053; x_wconf 84' lang='lat' dir='ltr'><strong>di-</strong></span> 
     </span>
    </p>
   </div>
   <div class='ocr_carea' id='block_1_80' title="bbox 2086 2071 3677 2148">
    <p class='ocr_par' dir='ltr' id='par_1_80' title="bbox 2086 2071 3677 2148">
     <span class='ocr_line' id='line_1_81' title="bbox 2086 2071 3677 2148; baseline 0.016 -25"><span class='ocrx_word' id='word_1_613' title='bbox 2086 2084 2224 2140; x_wconf 91' lang='lat' dir='ltr'><strong>gnus</strong></span> <span class='ocrx_word' id='word_1_614' title='bbox 2245 2071 2311 2126; x_wconf 91' lang='lat' dir='ltr'><strong>ad</strong></span> <span class='ocrx_word' id='word_1_615' title='bbox 2341 2087 2400 2128; x_wconf 92' lang='lat' dir='ltr'><strong>se</strong></span> <span class='ocrx_word' id='word_1_616' title='bbox 2430 2073 2674 2130; x_wconf 90' lang='lat' dir='ltr'><strong>homines</strong></span> <span class='ocrx_word' id='word_1_617' title='bbox 2699 2077 3031 2146; x_wconf 89' lang='lat' dir='ltr'><strong>pertrahens,</strong></span> <span class='ocrx_word' id='word_1_618' title='bbox 3061 2081 3312 2139; x_wconf 86' lang='lat' dir='ltr'><strong>virtutem</strong></span> <span class='ocrx_word' id='word_1_619' title='bbox 3340 2089 3390 2140; x_wconf 92' lang='lat' dir='ltr'><strong>in</strong></span> <span class='ocrx_word' id='word_1_620' title='bbox 3418 2089 3677 2148; x_wconf 84' lang='lat' dir='ltr'><strong>mundum</strong></span> 
     </span>
    </p>
   </div>
   <div class='ocr_carea' id='block_1_81' title="bbox 2089 2161 3676 2242">
    <p class='ocr_par' dir='ltr' id='par_1_81' title="bbox 2089 2161 3676 2242">
     <span class='ocr_line' id='line_1_82' title="bbox 2089 2161 3676 2242; baseline 0.013 -26"><span class='ocrx_word' id='word_1_621' title='bbox 2089 2161 2386 2218; x_wconf 86' lang='lat' dir='ltr'><strong>induceret.</strong></span> <span class='ocrx_word' id='word_1_622' title='bbox 2431 2165 2555 2220; x_wconf 92' lang='lat' dir='ltr'><strong>Ideo</strong></span> <span class='ocrx_word' id='word_1_623' title='bbox 2597 2169 2880 2224; x_wconf 77' lang='lat' dir='ltr'><strong>maximam</strong></span> <span class='ocrx_word' id='word_1_624' title='bbox 2919 2169 3139 2242; x_wconf 90' lang='lat' dir='ltr'><strong>hujusce</strong></span> <span class='ocrx_word' id='word_1_625' title='bbox 3169 2176 3243 2230; x_wconf 88' lang='lat' dir='ltr'><strong>rei</strong></span> <span class='ocrx_word' id='word_1_626' title='bbox 3273 2191 3455 2232; x_wconf 86' lang='lat' dir='ltr'><strong>curam</strong></span> <span class='ocrx_word' id='word_1_627' title='bbox 3495 2180 3676 2236; x_wconf 88' lang='lat' dir='ltr'><strong>habet.</strong></span> 
     </span>
    </p>
   </div>
   <div class='ocr_carea' id='block_1_82' title="bbox 2089 2253 3678 2339">
    <p class='ocr_par' dir='ltr' id='par_1_82' title="bbox 2089 2253 3678 2339">
     <span class='ocr_line' id='line_1_83' title="bbox 2089 2253 3678 2339; baseline 0.013 -31"><span class='ocrx_word' id='word_1_628' title='bbox 2089 2253 2272 2324; x_wconf 86' lang='lat' dir='ltr'><strong>Neque</strong></span> <span class='ocrx_word' id='word_1_629' title='bbox 2300 2257 2440 2310; x_wconf 89' lang='lat' dir='ltr'><strong>enim</strong></span> <span class='ocrx_word' id='word_1_630' title='bbox 2467 2257 2596 2312; x_wconf 89' lang='lat' dir='ltr'><strong>solis</strong></span> <span class='ocrx_word' id='word_1_631' title='bbox 2622 2260 2788 2330; x_wconf 83' lang='lat' dir='ltr'><strong>signis</strong></span> <span class='ocrx_word' id='word_1_632' title='bbox 2813 2263 2942 2316; x_wconf 89' lang='lat' dir='ltr'><strong>satis</strong></span> <span class='ocrx_word' id='word_1_633' title='bbox 2972 2263 3150 2331; x_wconf 89' lang='lat' dir='ltr'><strong>habet,</strong></span> <span class='ocrx_word' id='word_1_634' title='bbox 3177 2267 3270 2321; x_wconf 91' lang='lat' dir='ltr'><strong>sed</strong></span> <span class='ocrx_word' id='word_1_635' title='bbox 3299 2277 3353 2323; x_wconf 90' lang='lat' dir='ltr'><strong>et</strong></span> <span class='ocrx_word' id='word_1_636' title='bbox 3376 2269 3678 2339; x_wconf 77' lang='lat' dir='ltr'><strong>gehennam</strong></span> 
     </span>
    </p>
   </div>
   <div class='ocr_carea' id='block_1_83' title="bbox 2087 2345 3682 2430">
    <p class='ocr_par' dir='ltr' id='par_1_83' title="bbox 2087 2345 3682 2430">
     <span class='ocr_line' id='line_1_84' title="bbox 2087 2345 3682 2430; baseline 0.013 -32"><span class='ocrx_word' id='word_1_637' title='bbox 2087 2345 2458 2411; x_wconf 85' lang='lat' dir='ltr'><strong>connuinatur,</strong></span> <span class='ocrx_word' id='word_1_638' title='bbox 2480 2357 2534 2401; x_wconf 90' lang='lat' dir='ltr'><strong>et</strong></span> <span class='ocrx_word' id='word_1_639' title='bbox 2550 2362 2772 2418; x_wconf 85' lang='lat' dir='ltr'><strong>regnum</strong></span> <span class='ocrx_word' id='word_1_640' title='bbox 2793 2353 3074 2420; x_wconf 90' lang='lat' dir='ltr'><strong>promittit,</strong></span> <span class='ocrx_word' id='word_1_641' title='bbox 3091 2355 3272 2425; x_wconf 89' lang='lat' dir='ltr'><strong>sicque</strong></span> <span class='ocrx_word' id='word_1_642' title='bbox 3288 2357 3682 2430; x_wconf 65' lang='lat' dir='ltr'><strong>inexspectata:</strong></span> 
     </span>
    </p>
   </div>
   <div class='ocr_carea' id='block_1_84' title="bbox 2087 2437 3674 2524">
    <p class='ocr_par' dir='ltr' id='par_1_84' title="bbox 2087 2437 3674 2524">
     <span class='ocr_line' id='line_1_85' title="bbox 2087 2437 3674 2524; baseline 0.012 -33"><span class='ocrx_word' id='word_1_643' title='bbox 2087 2437 2206 2493; x_wconf 83' lang='lat' dir='ltr'><strong>illas</strong></span> <span class='ocrx_word' id='word_1_644' title='bbox 2235 2439 2378 2508; x_wconf 90' lang='lat' dir='ltr'><strong>ponit</strong></span> <span class='ocrx_word' id='word_1_645' title='bbox 2409 2440 2576 2510; x_wconf 87' lang='lat' dir='ltr'><strong>leges,</strong></span> <span class='ocrx_word' id='word_1_646' title='bbox 2607 2441 2842 2513; x_wconf 90' lang='lat' dir='ltr'><strong>nihilque</strong></span> <span class='ocrx_word' id='word_1_647' title='bbox 2871 2459 2974 2498; x_wconf 89' lang='lat' dir='ltr'><strong>non</strong></span> <span class='ocrx_word' id='word_1_648' title='bbox 3004 2448 3113 2516; x_wconf 88' lang='lat' dir='ltr'><strong>agit</strong></span> <span class='ocrx_word' id='word_1_649' title='bbox 3141 2457 3196 2501; x_wconf 91' lang='lat' dir='ltr'><strong>ut</strong></span> <span class='ocrx_word' id='word_1_650' title='bbox 3224 2463 3326 2504; x_wconf 89' lang='lat' dir='ltr'><strong>nos</strong></span> <span class='ocrx_word' id='word_1_651' title='bbox 3348 2453 3552 2522; x_wconf 78' lang='lat' dir='ltr'><strong>angelis</strong></span> <span class='ocrx_word' id='word_1_652' title='bbox 3576 2470 3674 2524; x_wconf 84' lang='lat' dir='ltr'><strong>pa-</strong></span> 
     </span>
    </p>
   </div>
   <div class='ocr_carea' id='block_1_85' title="bbox 2088 2528 3678 2614">
    <p class='ocr_par' dir='ltr' id='par_1_85' title="bbox 2088 2528 3678 2614">
     <span class='ocr_line' id='line_1_86' title="bbox 2088 2528 3678 2614; baseline 0.012 -30"><span class='ocrx_word' id='word_1_653' title='bbox 2088 2543 2175 2584; x_wconf 87' lang='lat' dir='ltr'><strong>res</strong></span> <span class='ocrx_word' id='word_1_654' title='bbox 2199 2528 2413 2585; x_wconf 83' lang='lat' dir='ltr'><strong>efficiat.</strong></span> <span class='ocrx_word' id='word_1_655' title='bbox 2446 2532 2511 2586; x_wconf 88' lang='lat' dir='ltr'><strong>Et</strong></span> <span class='ocrx_word' id='word_1_656' title='bbox 2531 2533 2656 2602; x_wconf 90' lang='lat' dir='ltr'><strong>quid</strong></span> <span class='ocrx_word' id='word_1_657' title='bbox 2682 2534 2823 2602; x_wconf 90' lang='lat' dir='ltr'><strong>dico,</strong></span> <span class='ocrx_word' id='word_1_658' title='bbox 2853 2538 3120 2594; x_wconf 89' lang='lat' dir='ltr'><strong>Christum</strong></span> <span class='ocrx_word' id='word_1_659' title='bbox 3141 2542 3317 2596; x_wconf 91' lang='lat' dir='ltr'><strong>omnia</strong></span> <span class='ocrx_word' id='word_1_660' title='bbox 3345 2542 3569 2614; x_wconf 84' lang='lat' dir='ltr'><strong>hujusce</strong></span> <span class='ocrx_word' id='word_1_661' title='bbox 3598 2549 3678 2604; x_wconf 84' lang='lat' dir='ltr'><strong>rei</strong></span> 
     </span>
    </p>
   </div>
   <div class='ocr_carea' id='block_1_86' title="bbox 2087 2620 3678 2706">
    <p class='ocr_par' dir='ltr' id='par_1_86' title="bbox 2087 2620 3678 2706">
     <span class='ocr_line' id='line_1_87' title="bbox 2087 2620 3678 2706; baseline 0.014 -33"><span class='ocrx_word' id='word_1_662' title='bbox 2087 2635 2246 2675; x_wconf 84' lang='lat' dir='ltr'><strong>causa</strong></span> <span class='ocrx_word' id='word_1_663' title='bbox 2276 2620 2485 2678; x_wconf 86' lang='lat' dir='ltr'><strong>facere?</strong></span> <span class='ocrx_word' id='word_1_664' title='bbox 2513 2623 2568 2680; x_wconf 91' lang='lat' dir='ltr'><strong>Si</strong></span> <span class='ocrx_word' id='word_1_665' title='bbox 2595 2625 2735 2696; x_wconf 88' lang='lat' dir='ltr'><strong>quis,</strong></span> <span class='ocrx_word' id='word_1_666' title='bbox 2766 2626 2853 2682; x_wconf 90' lang='lat' dir='ltr'><strong>die</strong></span> <span class='ocrx_word' id='word_1_667' title='bbox 2882 2629 3011 2683; x_wconf 87' lang='lat' dir='ltr'><strong>mihi</strong></span> <span class='ocrx_word' id='word_1_668' title='bbox 3032 2671 3047 2695; x_wconf 95' lang='lat'><strong>,</strong></span> <span class='ocrx_word' id='word_1_669' title='bbox 3076 2633 3345 2702; x_wconf 89' lang='lat' dir='ltr'><strong>optionem</strong></span> <span class='ocrx_word' id='word_1_670' title='bbox 3377 2635 3467 2691; x_wconf 91' lang='lat' dir='ltr'><strong>tibi</strong></span> <span class='ocrx_word' id='word_1_671' title='bbox 3497 2637 3678 2706; x_wconf 88' lang='lat' dir='ltr'><strong>daret,</strong></span> 
     </span>
    </p>
   </div>
   <div class='ocr_carea' id='block_1_87' title="bbox 2087 2716 3680 2800">
    <p class='ocr_par' dir='ltr' id='par_1_87' title="bbox 2087 2716 3680 2800">
     <span class='ocr_line' id='line_1_88' title="bbox 2087 2716 3680 2800; baseline 0.013 -34"><span class='ocrx_word' id='word_1_672' title='bbox 2087 2722 2180 2767; x_wconf 89' lang='lat' dir='ltr'><strong>aut</strong></span> <span class='ocrx_word' id='word_1_673' title='bbox 2223 2723 2463 2770; x_wconf 90' lang='lat' dir='ltr'><strong>mortuos</strong></span> <span class='ocrx_word' id='word_1_674' title='bbox 2506 2716 2559 2770; x_wconf 93' lang='lat' dir='ltr'><strong>in</strong></span> <span class='ocrx_word' id='word_1_675' title='bbox 2605 2719 2819 2774; x_wconf 90' lang='lat' dir='ltr'><strong>nomine</strong></span> <span class='ocrx_word' id='word_1_676' title='bbox 2847 2720 2962 2789; x_wconf 90' lang='lat' dir='ltr'><strong>ejus</strong></span> <span class='ocrx_word' id='word_1_677' title='bbox 2991 2723 3250 2778; x_wconf 90' lang='lat' dir='ltr'><strong>suscitare</strong></span> <span class='ocrx_word' id='word_1_678' title='bbox 3273 2766 3290 2792; x_wconf 91' lang='lat'><strong>,</strong></span> <span class='ocrx_word' id='word_1_679' title='bbox 3325 2736 3413 2780; x_wconf 92' lang='lat' dir='ltr'><strong>aut</strong></span> <span class='ocrx_word' id='word_1_680' title='bbox 3456 2741 3680 2800; x_wconf 86' lang='lat' dir='ltr'><strong>propter</strong></span> 
     </span>
    </p>
   </div>
   <div class='ocr_carea' id='block_1_88' title="bbox 2090 2807 3679 2886">
    <p class='ocr_par' dir='ltr' id='par_1_88' title="bbox 2090 2807 3679 2886">
     <span class='ocr_line' id='line_1_89' title="bbox 2090 2807 3679 2886; baseline 0.011 -27"><span class='ocrx_word' id='word_1_681' title='bbox 2090 2821 2282 2860; x_wconf 88' lang='lat' dir='ltr'><strong>nomen</strong></span> <span class='ocrx_word' id='word_1_682' title='bbox 2307 2807 2426 2875; x_wconf 91' lang='lat' dir='ltr'><strong>ejus</strong></span> <span class='ocrx_word' id='word_1_683' title='bbox 2457 2807 2591 2862; x_wconf 93' lang='lat' dir='ltr'><strong>mori</strong></span> <span class='ocrx_word' id='word_1_684' title='bbox 2610 2809 2783 2879; x_wconf 51' lang='lat' dir='ltr'><strong>,,quid</strong></span> <span class='ocrx_word' id='word_1_685' title='bbox 2811 2811 3061 2880; x_wconf 87' lang='lat' dir='ltr'><strong>optares?</strong></span> <span class='ocrx_word' id='word_1_686' title='bbox 3085 2814 3278 2869; x_wconf 82' lang='lat' dir='ltr'><strong>Annon</strong></span> <span class='ocrx_word' id='word_1_687' title='bbox 3309 2817 3482 2886; x_wconf 85' lang='lat' dir='ltr'><strong>palam</strong></span> <span class='ocrx_word' id='word_1_688' title='bbox 3510 2831 3596 2874; x_wconf 89' lang='lat' dir='ltr'><strong>est</strong></span> <span class='ocrx_word' id='word_1_689' title='bbox 3625 2830 3679 2877; x_wconf 89' lang='lat' dir='ltr'><strong>te</strong></span> 
     </span>
    </p>
   </div>
   <div class='ocr_carea' id='block_1_89' title="bbox 2089 2897 3763 2980">
    <p class='ocr_par' dir='ltr' id='par_1_89' title="bbox 2089 2897 3763 2980">
     <span class='ocr_line' id='line_1_90' title="bbox 2089 2897 3763 2980; baseline 0.011 -28"><span class='ocrx_word' id='word_1_690' title='bbox 2089 2897 2378 2952; x_wconf 91' lang='lat' dir='ltr'><strong>secundum</strong></span> <span class='ocrx_word' id='word_1_691' title='bbox 2408 2908 2715 2968; x_wconf 86' lang='lat' dir='ltr'><strong>optaturum</strong></span> <span class='ocrx_word' id='word_1_692' title='bbox 2748 2903 2900 2958; x_wconf 89' lang='lat' dir='ltr'><strong>esse?</strong></span> <span class='ocrx_word' id='word_1_693' title='bbox 2938 2906 3096 2974; x_wconf 87' lang='lat' dir='ltr'><strong>Atqui</strong></span> <span class='ocrx_word' id='word_1_694' title='bbox 3128 2906 3255 2962; x_wconf 91' lang='lat' dir='ltr'><strong>illud</strong></span> <span class='ocrx_word' id='word_1_695' title='bbox 3291 2909 3501 2980; x_wconf 89' lang='lat' dir='ltr'><strong>signum</strong></span> <span class='ocrx_word' id='word_1_696' title='bbox 3528 2951 3544 2976; x_wconf 91' lang='lat'><strong>,</strong></span> <span class='ocrx_word' id='word_1_697' title='bbox 3577 2911 3680 2970; x_wconf 86' lang='lat' dir='ltr'><strong>hoc</strong></span> <span class='ocrx_word' id='word_1_698' title='bbox 3759 2900 3763 2904; x_wconf 45' lang='grc'><strong>”</strong></span> 
     </span>
    </p>
   </div>
   <div class='ocr_carea' id='block_1_90' title="bbox 2087 2990 3682 3072">
    <p class='ocr_par' dir='ltr' id='par_1_90' title="bbox 2087 2990 3682 3072">
     <span class='ocr_line' id='line_1_91' title="bbox 2087 2990 3682 3072; baseline 0.013 -32"><span class='ocrx_word' id='word_1_699' title='bbox 2087 2998 2263 3043; x_wconf 89' lang='lat' dir='ltr'><strong>autem</strong></span> <span class='ocrx_word' id='word_1_700' title='bbox 2292 3004 2425 3058; x_wconf 92' lang='lat' dir='ltr'><strong>opus</strong></span> <span class='ocrx_word' id='word_1_701' title='bbox 2449 2999 2552 3044; x_wconf 89' lang='lat' dir='ltr'><strong>est.</strong></span> <span class='ocrx_word' id='word_1_702' title='bbox 2583 2990 2636 3046; x_wconf 93' lang='lat' dir='ltr'><strong>Si</strong></span> <span class='ocrx_word' id='word_1_703' title='bbox 2665 2992 2783 3061; x_wconf 88' lang='lat' dir='ltr'><strong>quis</strong></span> <span class='ocrx_word' id='word_1_704' title='bbox 2804 3008 2932 3049; x_wconf 86' lang='lat' dir='ltr'><strong>vero</strong></span> <span class='ocrx_word' id='word_1_705' title='bbox 2961 2995 3052 3050; x_wconf 90' lang='lat' dir='ltr'><strong>tibi</strong></span> <span class='ocrx_word' id='word_1_706' title='bbox 3080 2996 3349 3068; x_wconf 77' lang='lat' dir='ltr'><strong>cptionetn</strong></span> <span class='ocrx_word' id='word_1_707' title='bbox 3379 3016 3499 3055; x_wconf 93' lang='lat' dir='ltr'><strong>cum</strong></span> <span class='ocrx_word' id='word_1_708' title='bbox 3527 3012 3682 3072; x_wconf 84' lang='lat' dir='ltr'><strong>pote-</strong></span> 
     </span>
    </p>
   </div>
   <div class='ocr_carea' id='block_1_91' title="bbox 2088 3077 3678 3160">
    <p class='ocr_par' dir='ltr' id='par_1_91' title="bbox 2088 3077 3678 3160">
     <span class='ocr_line' id='line_1_92' title="bbox 2088 3077 3678 3160; baseline 0.011 -29"><span class='ocrx_word' id='word_1_709' title='bbox 2088 3086 2224 3132; x_wconf 89' lang='lat' dir='ltr'><strong>state</strong></span> <span class='ocrx_word' id='word_1_710' title='bbox 2248 3077 2398 3133; x_wconf 89' lang='lat' dir='ltr'><strong>daret</strong></span> <span class='ocrx_word' id='word_1_711' title='bbox 2427 3079 2624 3134; x_wconf 76' lang='lat' dir='ltr'><strong>Renum</strong></span> <span class='ocrx_word' id='word_1_712' title='bbox 2659 3082 2709 3134; x_wconf 92' lang='lat' dir='ltr'><strong>in</strong></span> <span class='ocrx_word' id='word_1_713' title='bbox 2739 3099 2925 3138; x_wconf 91' lang='lat' dir='ltr'><strong>aurum</strong></span> <span class='ocrx_word' id='word_1_714' title='bbox 2948 3087 3223 3152; x_wconf 88' lang='lat' dir='ltr'><strong>vertendi,</strong></span> <span class='ocrx_word' id='word_1_715' title='bbox 3248 3099 3337 3143; x_wconf 90' lang='lat' dir='ltr'><strong>aut</strong></span> <span class='ocrx_word' id='word_1_716' title='bbox 3367 3105 3524 3160; x_wconf 91' lang='lat' dir='ltr'><strong>posse</strong></span> <span class='ocrx_word' id='word_1_717' title='bbox 3551 3108 3678 3148; x_wconf 90' lang='lat' dir='ltr'><strong>om-</strong></span> 
     </span>
    </p>
   </div>
   <div class='ocr_carea' id='block_1_92' title="bbox 2088 3169 3680 3253">
    <p class='ocr_par' dir='ltr' id='par_1_92' title="bbox 2088 3169 3680 3253">
     <span class='ocr_line' id='line_1_93' title="bbox 2088 3169 3680 3253; baseline 0.013 -31"><span class='ocrx_word' id='word_1_718' title='bbox 2088 3182 2186 3222; x_wconf 86' lang='lat' dir='ltr'><strong>nes</strong></span> <span class='ocrx_word' id='word_1_719' title='bbox 2211 3169 2420 3223; x_wconf 89' lang='lat' dir='ltr'><strong>divitias</strong></span> <span class='ocrx_word' id='word_1_720' title='bbox 2448 3179 2502 3224; x_wconf 93' lang='lat' dir='ltr'><strong>ut</strong></span> <span class='ocrx_word' id='word_1_721' title='bbox 2533 3170 2730 3226; x_wconf 77' lang='lat' dir='ltr'><strong>fumum</strong></span> <span class='ocrx_word' id='word_1_722' title='bbox 2764 3175 3114 3232; x_wconf 85' lang='lat' dir='ltr'><strong>conculcare?</strong></span> <span class='ocrx_word' id='word_1_723' title='bbox 3147 3173 3334 3234; x_wconf 84' lang='lat' dir='ltr'><strong>Nonne</strong></span> <span class='ocrx_word' id='word_1_724' title='bbox 3367 3181 3468 3237; x_wconf 85' lang='lat' dir='ltr'><strong>hoc</strong></span> <span class='ocrx_word' id='word_1_725' title='bbox 3498 3186 3680 3253; x_wconf 79' lang='lat' dir='ltr'><strong>potius</strong></span> 
     </span>
    </p>
   </div>
   <div class='ocr_carea' id='block_1_93' title="bbox 2088 3257 3680 3332">
    <p class='ocr_par' dir='ltr' id='par_1_93' title="bbox 2088 3257 3680 3332">
     <span class='ocr_line' id='line_1_94' title="bbox 2088 3257 3680 3332; baseline 0.014 -22"><span class='ocrx_word' id='word_1_726' title='bbox 2088 3257 2346 3327; x_wconf 85' lang='lat' dir='ltr'><strong>eligeres?</strong></span> <span class='ocrx_word' id='word_1_727' title='bbox 2393 3260 2457 3314; x_wconf 85' lang='lat' dir='ltr'><strong>Et</strong></span> <span class='ocrx_word' id='word_1_728' title='bbox 2477 3261 2598 3330; x_wconf 88' lang='lat' dir='ltr'><strong>jure</strong></span> <span class='ocrx_word' id='word_1_729' title='bbox 2623 3264 2857 3332; x_wconf 91' lang='lat' dir='ltr'><strong>quidem.</strong></span> <span class='ocrx_word' id='word_1_730' title='bbox 2898 3265 3030 3320; x_wconf 81' lang='lat' dir='ltr'><strong>Nam</strong></span> <span class='ocrx_word' id='word_1_731' title='bbox 3061 3268 3188 3324; x_wconf 90' lang='lat' dir='ltr'><strong>illud</strong></span> <span class='ocrx_word' id='word_1_732' title='bbox 3215 3287 3402 3326; x_wconf 89' lang='lat' dir='ltr'><strong>onmes</strong></span> <span class='ocrx_word' id='word_1_733' title='bbox 3431 3274 3680 3332; x_wconf 85' lang='lat' dir='ltr'><strong>homines</strong></span> 
     </span>
    </p>
   </div>
   <div class='ocr_carea' id='block_1_94' title="bbox 2088 3348 3680 3421">
    <p class='ocr_par' dir='ltr' id='par_1_94' title="bbox 2088 3348 3680 3421">
     <span class='ocr_line' id='line_1_95' title="bbox 2088 3348 3680 3421; baseline 0.013 -21"><span class='ocrx_word' id='word_1_734' title='bbox 2088 3348 2321 3403; x_wconf 79' lang='lat' dir='ltr'><strong>maxime</strong></span> <span class='ocrx_word' id='word_1_735' title='bbox 2348 3351 2698 3420; x_wconf 87' lang='lat' dir='ltr'><strong>pertraheret.</strong></span> <span class='ocrx_word' id='word_1_736' title='bbox 2731 3354 2789 3408; x_wconf 90' lang='lat' dir='ltr'><strong>Si</strong></span> <span class='ocrx_word' id='word_1_737' title='bbox 2815 3355 3056 3411; x_wconf 89' lang='lat' dir='ltr'><strong>viderent</strong></span> <span class='ocrx_word' id='word_1_738' title='bbox 3083 3359 3224 3412; x_wconf 90' lang='lat' dir='ltr'><strong>enim</strong></span> <span class='ocrx_word' id='word_1_739' title='bbox 3257 3360 3457 3416; x_wconf 71' lang='lat' dir='ltr'><strong>finitum</strong></span> <span class='ocrx_word' id='word_1_740' title='bbox 3482 3379 3680 3421; x_wconf 88' lang='lat' dir='ltr'><strong>aurum</strong></span> 
     </span>
    </p>
   </div>
   <div class='ocr_carea' id='block_1_95' title="bbox 2090 3440 3720 3522">
    <p class='ocr_par' dir='ltr' id='par_1_95' title="bbox 2090 3440 3720 3522">
     <span class='ocr_line' id='line_1_96' title="bbox 2090 3440 3720 3522; baseline 0.012 -30"><span class='ocrx_word' id='word_1_741' title='bbox 2090 3440 2224 3506; x_wconf 82' lang='lat' dir='ltr'><strong>fieri,</strong></span> <span class='ocrx_word' id='word_1_742' title='bbox 2250 3442 2386 3496; x_wconf 89' lang='lat' dir='ltr'><strong>hanc</strong></span> <span class='ocrx_word' id='word_1_743' title='bbox 2414 3452 2728 3512; x_wconf 89' lang='lat' dir='ltr'><strong>potestatem</strong></span> <span class='ocrx_word' id='word_1_744' title='bbox 2756 3462 2943 3502; x_wconf 89' lang='lat' dir='ltr'><strong>omnes</strong></span> <span class='ocrx_word' id='word_1_745' title='bbox 2967 3461 3225 3520; x_wconf 89' lang='lat' dir='ltr'><strong>cuperent</strong></span> <span class='ocrx_word' id='word_1_746' title='bbox 3249 3453 3513 3522; x_wconf 89' lang='lat' dir='ltr'><strong>obtinere,</strong></span> <span class='ocrx_word' id='word_1_747' title='bbox 3537 3457 3681 3512; x_wconf 89' lang='lat' dir='ltr'><strong>sicut</strong></span> <span class='ocrx_word' id='word_1_748' title='bbox 3718 3509 3720 3511; x_wconf 71' lang='grc'><strong>,</strong></span> 
     </span>
    </p>
   </div>
   <div class='ocr_carea' id='block_1_96' title="bbox 2090 3531 3677 3613">
    <p class='ocr_par' dir='ltr' id='par_1_96' title="bbox 2090 3531 3677 3613">
     <span class='ocr_line' id='line_1_97' title="bbox 2090 3531 3677 3613; baseline 0.011 -26"><span class='ocrx_word' id='word_1_749' title='bbox 2090 3531 2274 3588; x_wconf 91' lang='lat' dir='ltr'><strong>Simon</strong></span> <span class='ocrx_word' id='word_1_750' title='bbox 2297 3575 2311 3598; x_wconf 93' lang='lat'><strong>,</strong></span> <span class='ocrx_word' id='word_1_751' title='bbox 2344 3547 2732 3608; x_wconf 89' lang='lat' dir='ltr'><strong>augereturque</strong></span> <span class='ocrx_word' id='word_1_752' title='bbox 2760 3539 3060 3594; x_wconf 89' lang='lat' dir='ltr'><strong>divitiarum</strong></span> <span class='ocrx_word' id='word_1_753' title='bbox 3088 3543 3352 3613; x_wconf 90' lang='lat' dir='ltr'><strong>cupiditas</strong></span> <span class='ocrx_word' id='word_1_754' title='bbox 3380 3563 3394 3599; x_wconf 89' lang='lat'>:</span> <span class='ocrx_word' id='word_1_755' title='bbox 3418 3548 3464 3600; x_wconf 92' lang='lat' dir='ltr'><strong>si</strong></span> <span class='ocrx_word' id='word_1_756' title='bbox 3489 3559 3677 3604; x_wconf 90' lang='lat' dir='ltr'><strong>autem</strong></span> 
     </span>
    </p>
   </div>
   <div class='ocr_carea' id='block_1_97' title="bbox 2090 3623 3679 3711">
    <p class='ocr_par' dir='ltr' id='par_1_97' title="bbox 2090 3623 3679 3711">
     <span class='ocr_line' id='line_1_98' title="bbox 2090 3623 3679 3711; baseline 0.013 -35"><span class='ocrx_word' id='word_1_757' title='bbox 2090 3623 2333 3680; x_wconf 85' lang='lat' dir='ltr'><strong>viderent</strong></span> <span class='ocrx_word' id='word_1_758' title='bbox 2346 3639 2534 3682; x_wconf 89' lang='lat' dir='ltr'><strong>omnes</strong></span> <span class='ocrx_word' id='word_1_759' title='bbox 2553 3643 2739 3683; x_wconf 92' lang='lat' dir='ltr'><strong>aurum</strong></span> <span class='ocrx_word' id='word_1_760' title='bbox 2760 3641 3022 3701; x_wconf 89' lang='lat' dir='ltr'><strong>tamquam</strong></span> <span class='ocrx_word' id='word_1_761' title='bbox 3039 3633 3236 3689; x_wconf 56' lang='lat' dir='ltr'><strong>fatuum</strong></span> <span class='ocrx_word' id='word_1_762' title='bbox 3254 3636 3549 3707; x_wconf 88' lang='lat' dir='ltr'><strong>despicere,</strong></span> <span class='ocrx_word' id='word_1_763' title='bbox 3563 3641 3679 3711; x_wconf 85' lang='lat' dir='ltr'><strong>jam</strong></span> 
     </span>
    </p>
   </div>
   <div class='ocr_carea' id='block_1_98' title="bbox 2089 3715 2940 3777">
    <p class='ocr_par' dir='ltr' id='par_1_98' title="bbox 2089 3715 2940 3777">
     <span class='ocr_line' id='line_1_99' title="bbox 2089 3715 2940 3777; baseline 0.008 -9"><span class='ocrx_word' id='word_1_764' title='bbox 2089 3715 2215 3769; x_wconf 91' lang='lat' dir='ltr'><strong>olim</strong></span> <span class='ocrx_word' id='word_1_765' title='bbox 2237 3733 2264 3768; x_wconf 91' lang='lat' dir='ltr'><strong>a</strong></span> <span class='ocrx_word' id='word_1_766' title='bbox 2297 3718 2484 3772; x_wconf 90' lang='lat' dir='ltr'><strong>morbo</strong></span> <span class='ocrx_word' id='word_1_767' title='bbox 2506 3720 2712 3774; x_wconf 90' lang='lat' dir='ltr'><strong>liberati</strong></span> <span class='ocrx_word' id='word_1_768' title='bbox 2739 3733 2940 3777; x_wconf 79' lang='lat' dir='ltr'><strong>essent.</strong></span> 
     </span>
    </p>
   </div>
   <div class='ocr_carea' id='block_1_99' title="bbox 2171 3805 3680 3890">
    <p class='ocr_par' dir='ltr' id='par_1_99' title="bbox 2171 3805 3680 3890">
     <span class='ocr_line' id='line_1_100' title="bbox 2171 3805 3680 3890; baseline 0.013 -33"><span class='ocrx_word' id='word_1_769' title='bbox 2171 3805 2286 3859; x_wconf 85' lang='lat' dir='ltr'><strong>Vita</strong></span> <span class='ocrx_word' id='word_1_770' title='bbox 2322 3808 2454 3862; x_wconf 86' lang='lat' dir='ltr'><strong>bona</strong></span> <span class='ocrx_word' id='word_1_771' title='bbox 2497 3825 2627 3879; x_wconf 73' lang='lat' dir='ltr'><strong>quia.</strong></span> <span class='ocrx_word' id='word_1_772' title='bbox 2652 3840 2724 3850; x_wconf 96' lang='lat'><strong><em>—</em></strong></span> <span class='ocrx_word' id='word_1_773' title='bbox 2753 3811 2937 3867; x_wconf 81' lang='lat' dir='ltr'><strong>Videu‘</strong></span> <span class='ocrx_word' id='word_1_774' title='bbox 2969 3813 3160 3870; x_wconf 86' lang='lat' dir='ltr'><strong>bonam</strong></span> <span class='ocrx_word' id='word_1_775' title='bbox 3186 3818 3348 3873; x_wconf 88' lang='lat' dir='ltr'><strong>vitam</strong></span> <span class='ocrx_word' id='word_1_776' title='bbox 3375 3834 3531 3890; x_wconf 88' lang='lat' dir='ltr'><strong>posse</strong></span> <span class='ocrx_word' id='word_1_777' title='bbox 3563 3836 3680 3875; x_wconf 84' lang='lat' dir='ltr'><strong>ma-</strong></span> 
     </span>
    </p>
   </div>
   <div class='ocr_carea' id='block_1_100' title="bbox 2088 3896 3678 3978">
    <p class='ocr_par' dir='ltr' id='par_1_100' title="bbox 2088 3896 3678 3978">
     <span class='ocr_line' id='line_1_101' title="bbox 2088 3896 3678 3978; baseline 0.014 -31"><span class='ocrx_word' id='word_1_778' title='bbox 2088 3896 2404 3966; x_wconf 85' lang='lat' dir='ltr'><strong>gisjuvare?</strong></span> <span class='ocrx_word' id='word_1_779' title='bbox 2433 3898 2606 3954; x_wconf 84' lang='lat' dir='ltr'><strong>Vitam</strong></span> <span class='ocrx_word' id='word_1_780' title='bbox 2627 3911 2804 3957; x_wconf 91' lang='lat' dir='ltr'><strong>autem</strong></span> <span class='ocrx_word' id='word_1_781' title='bbox 2829 3904 2968 3972; x_wconf 89' lang='lat' dir='ltr'><strong>dico,</strong></span> <span class='ocrx_word' id='word_1_782' title='bbox 2993 3922 3096 3960; x_wconf 89' lang='lat' dir='ltr'><strong>non</strong></span> <span class='ocrx_word' id='word_1_783' title='bbox 3119 3907 3400 3978; x_wconf 78' lang='lat' dir='ltr'><strong>jejunium,</strong></span> <span class='ocrx_word' id='word_1_784' title='bbox 3425 3927 3530 3966; x_wconf 91' lang='lat' dir='ltr'><strong>non</strong></span> <span class='ocrx_word' id='word_1_785' title='bbox 3558 3927 3678 3968; x_wconf 86' lang='lat' dir='ltr'><strong>sac-</strong></span> 
     </span>
    </p>
   </div>
   <div class='ocr_carea' id='block_1_101' title="bbox 2088 3991 3676 4074">
    <p class='ocr_par' dir='ltr' id='par_1_101' title="bbox 2088 3991 3676 4074">
     <span class='ocr_line' id='line_1_102' title="bbox 2088 3991 3676 4074; baseline 0.011 -32"><span class='ocrx_word' id='word_1_786' title='bbox 2088 4003 2209 4053; x_wconf 87' lang='lat' dir='ltr'><strong>cum</strong></span> <span class='ocrx_word' id='word_1_787' title='bbox 2237 3999 2290 4044; x_wconf 90' lang='lat' dir='ltr'><strong>et</strong></span> <span class='ocrx_word' id='word_1_788' title='bbox 2314 3991 2548 4046; x_wconf 91' lang='lat' dir='ltr'><strong>cinerem</strong></span> <span class='ocrx_word' id='word_1_789' title='bbox 2565 4002 2820 4060; x_wconf 87' lang='lat' dir='ltr'><strong>slratum;</strong></span> <span class='ocrx_word' id='word_1_790' title='bbox 2849 3997 2942 4050; x_wconf 92' lang='lat' dir='ltr'><strong>sed</strong></span> <span class='ocrx_word' id='word_1_791' title='bbox 2963 3993 3262 4054; x_wconf 89' lang='lat' dir='ltr'><strong>divitiarum</strong></span> <span class='ocrx_word' id='word_1_792' title='bbox 3285 4013 3676 4074; x_wconf 87' lang='lat' dir='ltr'><strong>contemptum,</strong></span> 
     </span>
    </p>
   </div>
   <div class='ocr_carea' id='block_1_102' title="bbox 2090 4089 3679 4161">
    <p class='ocr_par' dir='ltr' id='par_1_102' title="bbox 2090 4089 3679 4161">
     <span class='ocr_line' id='line_1_103' title="bbox 2090 4089 3679 4161; baseline 0.013 -30"><span class='ocrx_word' id='word_1_793' title='bbox 2090 4089 2146 4132; x_wconf 89' lang='lat' dir='ltr'><strong>ut</strong></span> <span class='ocrx_word' id='word_1_794' title='bbox 2177 4094 2272 4149; x_wconf 89' lang='lat' dir='ltr'><strong>par</strong></span> <span class='ocrx_word' id='word_1_795' title='bbox 2292 4090 2375 4135; x_wconf 85' lang='lat' dir='ltr'><strong>est</strong></span> <span class='ocrx_word' id='word_1_796' title='bbox 2403 4097 2494 4136; x_wconf 90' lang='lat' dir='ltr'><strong>eas</strong></span> <span class='ocrx_word' id='word_1_797' title='bbox 2519 4092 2882 4152; x_wconf 80' lang='lat' dir='ltr'><strong>contemnere,</strong></span> <span class='ocrx_word' id='word_1_798' title='bbox 2906 4103 3140 4144; x_wconf 86' lang='lat' dir='ltr'><strong>amorem</strong></span> <span class='ocrx_word' id='word_1_799' title='bbox 3172 4095 3418 4161; x_wconf 89' lang='lat' dir='ltr'><strong>proximi,</strong></span> <span class='ocrx_word' id='word_1_800' title='bbox 3443 4095 3679 4152; x_wconf 75' lang='lat' dir='ltr'><strong>elocuto-</strong></span> 
     </span>
    </p>
   </div>
   <div class='ocr_carea' id='block_1_103' title="bbox 2089 4179 3677 4257">
    <p class='ocr_par' dir='ltr' id='par_1_103' title="bbox 2089 4179 3677 4257">
     <span class='ocr_line' id='line_1_104' title="bbox 2089 4179 3677 4257; baseline 0.011 -31"><span class='ocrx_word' id='word_1_801' title='bbox 2089 4188 2274 4244; x_wconf 82' lang='lat' dir='ltr'><strong>synam</strong></span> <span class='ocrx_word' id='word_1_802' title='bbox 2326 4185 2380 4228; x_wconf 91' lang='lat' dir='ltr'><strong>et</strong></span> <span class='ocrx_word' id='word_1_803' title='bbox 2429 4191 2618 4243; x_wconf 81' lang='lat' dir='ltr'><strong>panem</strong></span> <span class='ocrx_word' id='word_1_804' title='bbox 2673 4179 2926 4233; x_wconf 89' lang='lat' dir='ltr'><strong>esurienti</strong></span> <span class='ocrx_word' id='word_1_805' title='bbox 2973 4181 3176 4248; x_wconf 89' lang='lat' dir='ltr'><strong>datum,</strong></span> <span class='ocrx_word' id='word_1_806' title='bbox 3225 4186 3462 4241; x_wconf 88' lang='lat' dir='ltr'><strong>sedatam</strong></span> <span class='ocrx_word' id='word_1_807' title='bbox 3516 4189 3677 4257; x_wconf 88' lang='lat' dir='ltr'><strong>iram,</strong></span> 
     </span>
    </p>
   </div>
   <div class='ocr_carea' id='block_1_104' title="bbox 2091 4263 3681 4334">
    <p class='ocr_par' dir='ltr' id='par_1_104' title="bbox 2091 4263 3681 4334">
     <span class='ocr_line' id='line_1_105' title="bbox 2091 4263 3681 4334; baseline 0.011 -18"><span class='ocrx_word' id='word_1_808' title='bbox 2091 4263 2262 4320; x_wconf 89' lang='lat' dir='ltr'><strong>inanis</strong></span> <span class='ocrx_word' id='word_1_809' title='bbox 2284 4263 2468 4332; x_wconf 80' lang='lat' dir='ltr'><strong>gloria:</strong></span> <span class='ocrx_word' id='word_1_810' title='bbox 2490 4264 2874 4334; x_wconf 72' lang='lat' dir='ltr'><strong>depulsionem,</strong></span> <span class='ocrx_word' id='word_1_811' title='bbox 2898 4269 3106 4326; x_wconf 61' lang='lat' dir='ltr'><strong>invidiae</strong></span> <span class='ocrx_word' id='word_1_812' title='bbox 3125 4273 3565 4331; x_wconf 90' lang='lat' dir='ltr'><strong>eliminationem.</strong></span> <span class='ocrx_word' id='word_1_813' title='bbox 3589 4279 3681 4334; x_wconf 91' lang='lat' dir='ltr'><strong>Sic</strong></span> 
     </span>
    </p>
   </div>
   <div class='ocr_carea' id='block_1_105' title="bbox 2089 4355 3680 4438">
    <p class='ocr_par' dir='ltr' id='par_1_105' title="bbox 2089 4355 3680 4438">
     <span class='ocr_line' id='line_1_106' title="bbox 2089 4355 3680 4438; baseline 0.009 -30"><span class='ocrx_word' id='word_1_814' title='bbox 2089 4363 2144 4409; x_wconf 87' lang='lat' dir='ltr'><strong>et</strong></span> <span class='ocrx_word' id='word_1_815' title='bbox 2170 4355 2256 4410; x_wconf 85' lang='lat' dir='ltr'><strong>ille</strong></span> <span class='ocrx_word' id='word_1_816' title='bbox 2279 4370 2378 4411; x_wconf 90' lang='lat' dir='ltr'><strong>nos</strong></span> <span class='ocrx_word' id='word_1_817' title='bbox 2399 4357 2621 4411; x_wconf 88' lang='lat' dir='ltr'><strong>instituit</strong></span> <span class='ocrx_word' id='word_1_818' title='bbox 2644 4372 2765 4411; x_wconf 89' lang='lat' dir='ltr'><strong>cum</strong></span> <span class='ocrx_word' id='word_1_819' title='bbox 2797 4359 2931 4413; x_wconf 80' lang='lat' dir='ltr'><strong>dixit</strong></span> <span class='ocrx_word' id='word_1_820' title='bbox 2957 4378 2970 4414; x_wconf 87' lang='lat'><strong>:</strong></span> <span class='ocrx_word' id='word_1_821' title='bbox 3001 4361 3190 4416; x_wconf 84' lang='lat' dir='ltr'><strong>Discite</strong></span> <span class='ocrx_word' id='word_1_822' title='bbox 3215 4381 3246 4417; x_wconf 91' lang='lat' dir='ltr'><strong>a</strong></span> <span class='ocrx_word' id='word_1_823' title='bbox 3271 4381 3368 4431; x_wconf 86' lang='lat' dir='ltr'><strong>me,</strong></span> <span class='ocrx_word' id='word_1_824' title='bbox 3394 4368 3512 4438; x_wconf 84' lang='lat' dir='ltr'><strong>quia</strong></span> <span class='ocrx_word' id='word_1_825' title='bbox 3540 4369 3680 4424; x_wconf 84' lang='lat' dir='ltr'><strong>mitis</strong></span> 
     </span>
    </p>
   </div>
   <div class='ocr_carea' id='block_1_106' title="bbox 2089 4447 3677 4526">
    <p class='ocr_par' dir='ltr' id='par_1_106' title="bbox 2089 4447 3677 4526">
     <span class='ocr_line' id='line_1_107' title="bbox 2089 4447 3677 4526; baseline 0.009 -27"><span class='ocrx_word' id='word_1_826' title='bbox 2089 4463 2200 4500; x_wconf 87' lang='lat' dir='ltr'><strong>sum</strong></span> <span class='ocrx_word' id='word_1_827' title='bbox 2225 4456 2272 4499; x_wconf 93' lang='lat' dir='ltr'><strong>et</strong></span> <span class='ocrx_word' id='word_1_828' title='bbox 2301 4447 2507 4501; x_wconf 85' lang='lat' dir='ltr'><strong>humilis</strong></span> <span class='ocrx_word' id='word_1_829' title='bbox 2535 4448 2684 4501; x_wconf 87' lang='lat' dir='ltr'><strong>corde</strong></span> <span class='ocrx_word' id='word_1_830' title='bbox 2713 4447 2923 4520; x_wconf 76' lang='lat' dir='ltr'><strong>(Matth.</strong></span> <span class='ocrx_word' id='word_1_831' title='bbox 2959 4453 3046 4506; x_wconf 81' lang='grc' dir='ltr'><strong>Η.</strong></span> <span class='ocrx_word' id='word_1_832' title='bbox 3073 4452 3187 4524; x_wconf 78' lang='lat'><strong>29).</strong></span> <span class='ocrx_word' id='word_1_833' title='bbox 3217 4453 3330 4508; x_wconf 89' lang='lat' dir='ltr'><strong>Non</strong></span> <span class='ocrx_word' id='word_1_834' title='bbox 3357 4455 3511 4523; x_wconf 89' lang='lat' dir='ltr'><strong>dixit,</strong></span> <span class='ocrx_word' id='word_1_835' title='bbox 3538 4458 3677 4526; x_wconf 83' lang='lat' dir='ltr'><strong>Quia</strong></span> 
     </span>
    </p>
   </div>
   <div class='ocr_carea' id='block_1_107' title="bbox 2084 4538 3677 4617">
    <p class='ocr_par' dir='ltr' id='par_1_107' title="bbox 2084 4538 3677 4617">
     <span class='ocr_line' id='line_1_108' title="bbox 2084 4538 3677 4617; baseline 0.008 -25"><span class='ocrx_word' id='word_1_836' title='bbox 2084 4538 2342 4608; x_wconf 85' lang='lat' dir='ltr'><strong>jejunavi,</strong></span> <span class='ocrx_word' id='word_1_837' title='bbox 2361 4541 2460 4594; x_wconf 87' lang='lat' dir='ltr'><strong>etsi</strong></span> <span class='ocrx_word' id='word_1_838' title='bbox 2489 4549 2665 4608; x_wconf 90' lang='lat' dir='ltr'><strong>posset</strong></span> <span class='ocrx_word' id='word_1_839' title='bbox 2688 4541 3035 4612; x_wconf 87' lang='lat' dir='ltr'><strong>quadraginta</strong></span> <span class='ocrx_word' id='word_1_840' title='bbox 3057 4543 3172 4598; x_wconf 91' lang='lat' dir='ltr'><strong>dies</strong></span> <span class='ocrx_word' id='word_1_841' title='bbox 3186 4544 3371 4616; x_wconf 91' lang='lat' dir='ltr'><strong>jejunii</strong></span> <span class='ocrx_word' id='word_1_842' title='bbox 3400 4549 3677 4617; x_wconf 89' lang='lat' dir='ltr'><strong>proferre:</strong></span> 
     </span>
    </p>
   </div>
   <div class='ocr_carea' id='block_1_108' title="bbox 2089 4631 3675 4698">
    <p class='ocr_par' dir='ltr' id='par_1_108' title="bbox 2089 4631 3675 4698">
     <span class='ocr_line' id='line_1_109' title="bbox 2089 4631 3675 4698; baseline 0.01 -17"><span class='ocrx_word' id='word_1_843' title='bbox 2089 4639 2144 4684; x_wconf 90' lang='lat' dir='ltr'><strong>at</strong></span> <span class='ocrx_word' id='word_1_844' title='bbox 2163 4646 2268 4685; x_wconf 91' lang='lat' dir='ltr'><strong>non</strong></span> <span class='ocrx_word' id='word_1_845' title='bbox 2296 4631 2396 4686; x_wconf 93' lang='lat' dir='ltr'><strong>hoc</strong></span> <span class='ocrx_word' id='word_1_846' title='bbox 2422 4631 2580 4698; x_wconf 90' lang='lat' dir='ltr'><strong>dicit;</strong></span> <span class='ocrx_word' id='word_1_847' title='bbox 2613 4633 2726 4697; x_wconf 89' lang='lat' dir='ltr'><strong>sed,</strong></span> <span class='ocrx_word' id='word_1_848' title='bbox 2755 4633 2889 4698; x_wconf 81' lang='lat' dir='ltr'><strong>Quia</strong></span> <span class='ocrx_word' id='word_1_849' title='bbox 2910 4636 3041 4689; x_wconf 86' lang='lat' dir='ltr'><strong>mitis</strong></span> <span class='ocrx_word' id='word_1_850' title='bbox 3066 4653 3177 4690; x_wconf 86' lang='lat' dir='ltr'><strong>sum</strong></span> <span class='ocrx_word' id='word_1_851' title='bbox 3202 4647 3248 4692; x_wconf 89' lang='lat' dir='ltr'><strong>et</strong></span> <span class='ocrx_word' id='word_1_852' title='bbox 3269 4639 3475 4695; x_wconf 85' lang='lat' dir='ltr'><strong>humilis</strong></span> <span class='ocrx_word' id='word_1_853' title='bbox 3501 4644 3675 4697; x_wconf 75' lang='lat' dir='ltr'><strong>corde.</strong></span> 
     </span>
    </p>
   </div>
   <div class='ocr_carea' id='block_1_109' title="bbox 2089 4719 3677 4800">
    <p class='ocr_par' dir='ltr' id='par_1_109' title="bbox 2089 4719 3677 4800">
     <span class='ocr_line' id='line_1_110' title="bbox 2089 4719 3677 4800; baseline 0.009 -26"><span class='ocrx_word' id='word_1_854' title='bbox 2089 4719 2401 4790; x_wconf 80' lang='lat' dir='ltr'><strong>Rursusque</strong></span> <span class='ocrx_word' id='word_1_855' title='bbox 2426 4736 2545 4776; x_wconf 89' lang='lat' dir='ltr'><strong>cum</strong></span> <span class='ocrx_word' id='word_1_856' title='bbox 2577 4723 2722 4777; x_wconf 92' lang='lat' dir='ltr'><strong>misit</strong></span> <span class='ocrx_word' id='word_1_857' title='bbox 2745 4738 2838 4778; x_wconf 89' lang='lat' dir='ltr'><strong>eos</strong></span> <span class='ocrx_word' id='word_1_858' title='bbox 2857 4764 2873 4788; x_wconf 95' lang='lat'><strong>,</strong></span> <span class='ocrx_word' id='word_1_859' title='bbox 2904 4739 3008 4778; x_wconf 90' lang='lat' dir='ltr'><strong>non</strong></span> <span class='ocrx_word' id='word_1_860' title='bbox 3035 4725 3202 4792; x_wconf 84' lang='lat' dir='ltr'><strong>dixit,</strong></span> <span class='ocrx_word' id='word_1_861' title='bbox 3233 4727 3512 4798; x_wconf 83' lang='lat' dir='ltr'><strong>Jejunate:</strong></span> <span class='ocrx_word' id='word_1_862' title='bbox 3542 4735 3640 4788; x_wconf 87' lang='lat' dir='ltr'><strong>sed</strong></span> <span class='ocrx_word' id='word_1_863' title='bbox 3661 4776 3677 4800; x_wconf 93' lang='lat'><strong>,</strong></span> 
     </span>
    </p>
   </div>
   <div class='ocr_carea' id='block_1_110' title="bbox 2093 4809 3680 4895">
    <p class='ocr_par' dir='ltr' id='par_1_110' title="bbox 2093 4809 3680 4895">
     <span class='ocr_line' id='line_1_111' title="bbox 2093 4809 3680 4895; baseline 0.009 -33"><span class='ocrx_word' id='word_1_864' title='bbox 2093 4809 2400 4865; x_wconf 85' lang='lat' dir='ltr'><strong>Manducate</strong></span> <span class='ocrx_word' id='word_1_865' title='bbox 2418 4813 2550 4882; x_wconf 82' lang='lat' dir='ltr'><strong>quod</strong></span> <span class='ocrx_word' id='word_1_866' title='bbox 2575 4814 2851 4884; x_wconf 84' lang='lat' dir='ltr'><strong>apponitur</strong></span> <span class='ocrx_word' id='word_1_867' title='bbox 2873 4815 3008 4869; x_wconf 85' lang='lat' dir='ltr'><strong>vobis</strong></span> <span class='ocrx_word' id='word_1_868' title='bbox 3035 4817 3050 4882; x_wconf 94' lang='lat'><strong>(</strong></span> <span class='ocrx_word' id='word_1_869' title='bbox 3076 4815 3204 4870; x_wconf 87' lang='lat' dir='ltr'><strong>Luc.</strong></span> <span class='ocrx_word' id='word_1_870' title='bbox 3233 4819 3319 4873; x_wconf 79' lang='grc'><strong>10.</strong></span> <span class='ocrx_word' id='word_1_871' title='bbox 3346 4821 3439 4891; x_wconf 87' lang='lat'><strong>8).</strong></span> <span class='ocrx_word' id='word_1_872' title='bbox 3476 4822 3552 4878; x_wconf 84' lang='lat' dir='ltr'><strong>De</strong></span> <span class='ocrx_word' id='word_1_873' title='bbox 3579 4839 3680 4895; x_wconf 83' lang='lat' dir='ltr'><strong>pe-</strong></span> 
     </span>
    </p>
   </div>
   <div class='ocr_carea' id='block_1_111' title="bbox 2090 4903 3680 4984">
    <p class='ocr_par' dir='ltr' id='par_1_111' title="bbox 2090 4903 3680 4984">
     <span class='ocr_line' id='line_1_112' title="bbox 2090 4903 3680 4984; baseline 0.008 -26"><span class='ocrx_word' id='word_1_874' title='bbox 2090 4903 2245 4958; x_wconf 90' lang='lat' dir='ltr'><strong>cunia</strong></span> <span class='ocrx_word' id='word_1_875' title='bbox 2274 4917 2400 4956; x_wconf 86' lang='lat' dir='ltr'><strong>vero</strong></span> <span class='ocrx_word' id='word_1_876' title='bbox 2425 4918 2662 4957; x_wconf 83' lang='lat' dir='ltr'><strong>severam</strong></span> <span class='ocrx_word' id='word_1_877' title='bbox 2694 4904 2861 4975; x_wconf 85' lang='lat' dir='ltr'><strong>legem</strong></span> <span class='ocrx_word' id='word_1_878' title='bbox 2893 4909 3068 4976; x_wconf 89' lang='lat' dir='ltr'><strong>posuit</strong></span> <span class='ocrx_word' id='word_1_879' title='bbox 3096 4909 3280 4964; x_wconf 84' lang='lat' dir='ltr'><strong>dicens</strong></span> <span class='ocrx_word' id='word_1_880' title='bbox 3310 4929 3323 4961; x_wconf 79' lang='grc' dir='ltr'><strong>τ</strong></span> <span class='ocrx_word' id='word_1_881' title='bbox 3357 4911 3536 4967; x_wconf 85' lang='lat' dir='ltr'><strong>Nolite</strong></span> <span class='ocrx_word' id='word_1_882' title='bbox 3560 4934 3680 4984; x_wconf 84' lang='lat' dir='ltr'><strong>pos-</strong></span> 
     </span>
    </p>
   </div>
   <div class='ocr_carea' id='block_1_112' title="bbox 2044 4995 3678 5069">
    <p class='ocr_par' dir='ltr' id='par_1_112' title="bbox 2044 4995 3678 5069">
     <span class='ocr_line' id='line_1_113' title="bbox 2044 4995 3678 5069; baseline 0.01 -25"><span class='ocrx_word' id='word_1_883' title='bbox 2044 5039 2050 5044; x_wconf 91' lang='lat'><strong>.</strong></span> <span class='ocrx_word' id='word_1_884' title='bbox 2090 4996 2253 5050; x_wconf 87' lang='lat' dir='ltr'><strong>sidere</strong></span> <span class='ocrx_word' id='word_1_885' title='bbox 2288 5010 2467 5048; x_wconf 86' lang='lat' dir='ltr'><strong>aurum</strong></span> <span class='ocrx_word' id='word_1_886' title='bbox 2506 4995 2581 5048; x_wconf 85' lang='lat' dir='ltr'><strong>vel</strong></span> <span class='ocrx_word' id='word_1_887' title='bbox 2622 5006 2917 5066; x_wconf 87' lang='lat' dir='ltr'><strong>argentum,</strong></span> <span class='ocrx_word' id='word_1_888' title='bbox 2961 5015 3119 5069; x_wconf 81' lang='lat' dir='ltr'><strong>neque</strong></span> <span class='ocrx_word' id='word_1_889' title='bbox 3141 5015 3212 5054; x_wconf 71' lang='lat' dir='ltr'><strong>(es</strong></span> <span class='ocrx_word' id='word_1_890' title='bbox 3240 5003 3292 5054; x_wconf 87' lang='lat' dir='ltr'><strong>in</strong></span> <span class='ocrx_word' id='word_1_891' title='bbox 3319 5007 3463 5058; x_wconf 81' lang='lat' dir='ltr'><strong>zonis</strong></span> <span class='ocrx_word' id='word_1_892' title='bbox 3503 5009 3678 5060; x_wconf 76' lang='lat' dir='ltr'><strong>vestris</strong></span> 
     </span>
    </p>
   </div>
   <div class='ocr_carea' id='block_1_113' title="bbox 2093 5084 3674 5165">
    <p class='ocr_par' dir='ltr' id='par_1_113' title="bbox 2093 5084 3674 5165">
     <span class='ocr_line' id='line_1_114' title="bbox 2093 5084 3674 5165; baseline 0.008 -27"><span class='ocrx_word' id='word_1_893' title='bbox 2093 5084 2318 5159; x_wconf 77' lang='lat' dir='ltr'><strong>(Matth.</strong></span> <span class='ocrx_word' id='word_1_894' title='bbox 2344 5085 2432 5140; x_wconf 89' lang='lat' dir='ltr'><strong>l0.</strong></span> <span class='ocrx_word' id='word_1_895' title='bbox 2459 5084 2553 5158; x_wconf 92' lang='lat'><strong>9).</strong></span> <span class='ocrx_word' id='word_1_896' title='bbox 2588 5085 2710 5140; x_wconf 67' lang='lat' dir='ltr'><strong>llaac</strong></span> <span class='ocrx_word' id='word_1_897' title='bbox 2740 5102 2902 5157; x_wconf 91' lang='lat' dir='ltr'><strong>porro</strong></span> <span class='ocrx_word' id='word_1_898' title='bbox 2931 5088 3084 5157; x_wconf 89' lang='lat' dir='ltr'><strong>dico,</strong></span> <span class='ocrx_word' id='word_1_899' title='bbox 3116 5107 3220 5146; x_wconf 83' lang='lat' dir='ltr'><strong>non</strong></span> <span class='ocrx_word' id='word_1_900' title='bbox 3246 5093 3387 5163; x_wconf 90' lang='lat' dir='ltr'><strong>quod</strong></span> <span class='ocrx_word' id='word_1_901' title='bbox 3413 5095 3674 5165; x_wconf 90' lang='lat' dir='ltr'><strong>jejunium</strong></span> 
     </span>
    </p>
   </div>
   <div class='ocr_carea' id='block_1_114' title="bbox 2091 5178 3674 5261">
    <p class='ocr_par' dir='ltr' id='par_1_114' title="bbox 2091 5178 3674 5261">
     <span class='ocr_line' id='line_1_115' title="bbox 2091 5178 3674 5261; baseline 0.008 -29"><span class='ocrx_word' id='word_1_902' title='bbox 2091 5179 2384 5248; x_wconf 90' lang='lat' dir='ltr'><strong>vilupcrcm</strong></span> <span class='ocrx_word' id='word_1_903' title='bbox 2407 5193 2422 5243; x_wconf 88' lang='lat'><strong>;</strong></span> <span class='ocrx_word' id='word_1_904' title='bbox 2449 5178 2622 5244; x_wconf 89' lang='lat' dir='ltr'><strong>absit;</strong></span> <span class='ocrx_word' id='word_1_905' title='bbox 2655 5179 2878 5234; x_wconf 91' lang='lat' dir='ltr'><strong>multum</strong></span> <span class='ocrx_word' id='word_1_906' title='bbox 2906 5182 3102 5253; x_wconf 90' lang='lat' dir='ltr'><strong>quippe</strong></span> <span class='ocrx_word' id='word_1_907' title='bbox 3130 5185 3288 5240; x_wconf 90' lang='lat' dir='ltr'><strong>laudo</strong></span> <span class='ocrx_word' id='word_1_908' title='bbox 3315 5204 3327 5239; x_wconf 89' lang='lat'><strong>:</strong></span> <span class='ocrx_word' id='word_1_909' title='bbox 3356 5191 3449 5242; x_wconf 90' lang='lat' dir='ltr'><strong>sed</strong></span> <span class='ocrx_word' id='word_1_910' title='bbox 3475 5204 3674 5261; x_wconf 84' lang='lat' dir='ltr'><strong>angor,</strong></span> 
     </span>
    </p>
   </div>
   <div class='ocr_carea' id='block_1_115' title="bbox 2091 5270 3678 5344">
    <p class='ocr_par' dir='ltr' id='par_1_115' title="bbox 2091 5270 3678 5344">
     <span class='ocr_line' id='line_1_116' title="bbox 2091 5270 3678 5344; baseline 0.006 -19"><span class='ocrx_word' id='word_1_911' title='bbox 2091 5285 2211 5325; x_wconf 87' lang='lat' dir='ltr'><strong>eum</strong></span> <span class='ocrx_word' id='word_1_912' title='bbox 2238 5270 2394 5325; x_wconf 89' lang='lat' dir='ltr'><strong>video</strong></span> <span class='ocrx_word' id='word_1_913' title='bbox 2415 5286 2528 5332; x_wconf 89' lang='lat' dir='ltr'><strong>vos.</strong></span> <span class='ocrx_word' id='word_1_914' title='bbox 2560 5271 2676 5326; x_wconf 85' lang='lat' dir='ltr'><strong>aliis</strong></span> <span class='ocrx_word' id='word_1_915' title='bbox 2703 5273 2976 5343; x_wconf 87' lang='lat' dir='ltr'><strong>neglectis,</strong></span> <span class='ocrx_word' id='word_1_916' title='bbox 3003 5286 3187 5344; x_wconf 89' lang='lat' dir='ltr'><strong>putare</strong></span> <span class='ocrx_word' id='word_1_917' title='bbox 3211 5279 3335 5333; x_wconf 91' lang='lat' dir='ltr'><strong>illud</strong></span> <span class='ocrx_word' id='word_1_918' title='bbox 3364 5296 3484 5336; x_wconf 88' lang='lat' dir='ltr'><strong>esse</strong></span> <span class='ocrx_word' id='word_1_919' title='bbox 3503 5283 3568 5336; x_wconf 91' lang='lat' dir='ltr'><strong>ad</strong></span> <span class='ocrx_word' id='word_1_920' title='bbox 3590 5299 3678 5338; x_wconf 86' lang='lat' dir='ltr'><strong>sa-</strong></span> 
     </span>
    </p>
   </div>
   <div class='ocr_carea' id='block_1_116' title="bbox 2093 5362 3674 5427">
    <p class='ocr_par' dir='ltr' id='par_1_116' title="bbox 2093 5362 3674 5427">
     <span class='ocr_line' id='line_1_117' title="bbox 2093 5362 3674 5427; baseline 0.008 -12"><span class='ocrx_word' id='word_1_921' title='bbox 2093 5362 2254 5416; x_wconf 90' lang='lat' dir='ltr'><strong>lutem</strong></span> <span class='ocrx_word' id='word_1_922' title='bbox 2294 5364 2444 5426; x_wconf 90' lang='lat' dir='ltr'><strong>satis,</strong></span> <span class='ocrx_word' id='word_1_923' title='bbox 2476 5377 2595 5416; x_wconf 91' lang='lat' dir='ltr'><strong>cum</strong></span> <span class='ocrx_word' id='word_1_924' title='bbox 2635 5373 2810 5418; x_wconf 91' lang='lat' dir='ltr'><strong>tamen</strong></span> <span class='ocrx_word' id='word_1_925' title='bbox 2858 5369 2907 5418; x_wconf 92' lang='lat' dir='ltr'><strong>in</strong></span> <span class='ocrx_word' id='word_1_926' title='bbox 2950 5367 3116 5421; x_wconf 86' lang='lat' dir='ltr'><strong>choro</strong></span> <span class='ocrx_word' id='word_1_927' title='bbox 3147 5370 3397 5424; x_wconf 91' lang='lat' dir='ltr'><strong>virtutum</strong></span> <span class='ocrx_word' id='word_1_928' title='bbox 3431 5373 3674 5427; x_wconf 86' lang='lat' dir='ltr'><strong>ultinmm</strong></span> 
     </span>
    </p>
   </div>
   <div class='ocr_carea' id='block_1_117' title="bbox 2093 5451 3676 5534">
    <p class='ocr_par' dir='ltr' id='par_1_117' title="bbox 2093 5451 3676 5534">
     <span class='ocr_line' id='line_1_118' title="bbox 2093 5451 3676 5534; baseline 0.008 -29"><span class='ocrx_word' id='word_1_929' title='bbox 2093 5460 2272 5507; x_wconf 90' lang='lat' dir='ltr'><strong>teneat</strong></span> <span class='ocrx_word' id='word_1_930' title='bbox 2292 5451 2484 5507; x_wconf 92' lang='lat' dir='ltr'><strong>locum.</strong></span> <span class='ocrx_word' id='word_1_931' title='bbox 2517 5452 2609 5506; x_wconf 77' lang='lat' dir='ltr'><strong>Ha:</strong></span> <span class='ocrx_word' id='word_1_932' title='bbox 2633 5455 2828 5524; x_wconf 90' lang='lat' dir='ltr'><strong>quippe</strong></span> <span class='ocrx_word' id='word_1_933' title='bbox 2850 5457 3094 5512; x_wconf 81' lang='lat' dir='ltr'><strong>maximae</strong></span> <span class='ocrx_word' id='word_1_934' title='bbox 3113 5468 3256 5523; x_wconf 90' lang='lat' dir='ltr'><strong>sunt,</strong></span> <span class='ocrx_word' id='word_1_935' title='bbox 3272 5461 3487 5528; x_wconf 84' lang='lat' dir='ltr'><strong>caritas,</strong></span> <span class='ocrx_word' id='word_1_936' title='bbox 3511 5465 3676 5534; x_wconf 73' lang='lat' dir='ltr'><strong>tequi-</strong></span> 
     </span>
    </p>
   </div>
   <div class='ocr_carea' id='block_1_118' title="bbox 2094 5546 3670 5625">
    <p class='ocr_par' dir='ltr' id='par_1_118' title="bbox 2094 5546 3670 5625">
     <span class='ocr_line' id='line_1_119' title="bbox 2094 5546 3670 5625; baseline 0.007 -26"><span class='ocrx_word' id='word_1_937' title='bbox 2094 5556 2211 5610; x_wconf 89' lang='lat' dir='ltr'><strong>tas,</strong></span> <span class='ocrx_word' id='word_1_938' title='bbox 2259 5546 2632 5616; x_wconf 85' lang='lat' dir='ltr'><strong>eleemosyna,</strong></span> <span class='ocrx_word' id='word_1_939' title='bbox 2678 5562 2799 5616; x_wconf 74' lang='lat' dir='ltr'><strong>qua:</strong></span> <span class='ocrx_word' id='word_1_940' title='bbox 2835 5548 2994 5602; x_wconf 90' lang='lat' dir='ltr'><strong>etiam</strong></span> <span class='ocrx_word' id='word_1_941' title='bbox 3037 5551 3395 5622; x_wconf 88' lang='lat' dir='ltr'><strong>virginitatem</strong></span> <span class='ocrx_word' id='word_1_942' title='bbox 3437 5566 3670 5625; x_wconf 86' lang='lat' dir='ltr'><strong>superat.</strong></span> 
     </span>
    </p>
   </div>
   <div class='ocr_carea' id='block_1_119' title="bbox 2092 5637 3672 5710">
    <p class='ocr_par' dir='ltr' id='par_1_119' title="bbox 2092 5637 3672 5710">
     <span class='ocr_line' id='line_1_120' title="bbox 2092 5637 3672 5710; baseline 0.007 -20"><span class='ocrx_word' id='word_1_943' title='bbox 2092 5638 2268 5702; x_wconf 85' lang='lat' dir='ltr'><strong>Quare</strong></span> <span class='ocrx_word' id='word_1_944' title='bbox 2291 5638 2337 5692; x_wconf 92' lang='lat' dir='ltr'><strong>si</strong></span> <span class='ocrx_word' id='word_1_945' title='bbox 2364 5637 2495 5692; x_wconf 90' lang='lat' dir='ltr'><strong>velis</strong></span> <span class='ocrx_word' id='word_1_946' title='bbox 2519 5639 2774 5707; x_wconf 88' lang='lat' dir='ltr'><strong>apostolis</strong></span> <span class='ocrx_word' id='word_1_947' title='bbox 2800 5655 2895 5710; x_wconf 91' lang='lat' dir='ltr'><strong>par</strong></span> <span class='ocrx_word' id='word_1_948' title='bbox 2915 5657 3052 5706; x_wconf 87' lang='lat' dir='ltr'><strong>esse,</strong></span> <span class='ocrx_word' id='word_1_949' title='bbox 3073 5644 3202 5698; x_wconf 89' lang='lat' dir='ltr'><strong>nihil</strong></span> <span class='ocrx_word' id='word_1_950' title='bbox 3227 5645 3421 5702; x_wconf 82' lang='lat' dir='ltr'><strong>obstat.</strong></span> <span class='ocrx_word' id='word_1_951' title='bbox 3451 5647 3506 5704; x_wconf 92' lang='lat' dir='ltr'><strong>Si</strong></span> <span class='ocrx_word' id='word_1_952' title='bbox 3534 5649 3672 5703; x_wconf 87' lang='lat' dir='ltr'><strong>illam</strong></span> 
     </span>
    </p>
   </div>
   <div class='ocr_carea' id='block_1_120' title="bbox 2101 5731 3670 5805">
    <p class='ocr_par' dir='ltr' id='par_1_120' title="bbox 2101 5731 3670 5805">
     <span class='ocr_line' id='line_1_121' title="bbox 2101 5731 3670 5805; baseline 0.003 -20"><span class='ocrx_word' id='word_1_953' title='bbox 2101 5731 2354 5790; x_wconf 86' lang='lat' dir='ltr'><strong>virtutem</strong></span> <span class='ocrx_word' id='word_1_954' title='bbox 2373 5731 2737 5805; x_wconf 70' lang='lat' dir='ltr'><strong>amplecteris.</strong></span> <span class='ocrx_word' id='word_1_955' title='bbox 2777 5733 3088 5792; x_wconf 73' lang='lat' dir='ltr'><strong>sulﬁcitilla</strong></span> <span class='ocrx_word' id='word_1_956' title='bbox 3109 5735 3206 5794; x_wconf 88' lang='lat' dir='ltr'><strong>tibi</strong></span> <span class='ocrx_word' id='word_1_957' title='bbox 3247 5745 3306 5794; x_wconf 93' lang='lat' dir='ltr'><strong>ut</strong></span> <span class='ocrx_word' id='word_1_958' title='bbox 3341 5735 3477 5793; x_wconf 88' lang='lat' dir='ltr'><strong>nihil</strong></span> <span class='ocrx_word' id='word_1_959' title='bbox 3493 5734 3670 5792; x_wconf 86' lang='lat' dir='ltr'><strong>minus</strong></span> 
     </span>
    </p>
   </div>
  </div>
