3916 6300
139 360 240 421 679

138 484 248 554 γάρ
276 482 379 537 τοῦ
403 485 759 557 κηρύγματος
794 490 825 561 ή
855 490 1116 561 δύναμιςο
1148 495 1242 548 καὶ
1281 496 1342 549 :6
1373 496 1624 567 ζυμωθέν
1657 497 1821 562 ἅπαξ,

136 569 284 656 ζύμη
321 572 533 640 γίνεται
565 574 644 644 τῷ
676 574 846 647 λοιπῷ
879 578 1058 632 πάλιν.
1098 581 1206 634 Kal
1251 584 1504 654 καθάπερ
1533 587 1561 637 6
1590 584 1824 656 σπινθὴρ

134 655 265 708 ὅταν
292 657 627 730 ἐπιλάϐηται
660 661 851 726 ξύλων,
883 664 950 717 τά
987 666 1087 737 ἤδη
1128 669 1545 723 κατακαυθέντα
1590 655 1824 739 ποιήσας

134 741 236 811 τῆς
261 744 463 813 φλογὸς
490 747 832 820 προσθήκην,
865 751 1008 804 οὑτω
1045 756 1158 816 τοῖς
1198 755 1376 819 ἀλλοις
1404 756 1612 810 ἔπεισιν
1632 774 1645 786 ο
1679 755 1821 809 οὕτω

133 830 198 901 δὴ
231 834 331 885 καὶ
360 834 423 885 τὸ
462 836 742 906 κήρυγμα.
763 838 900 891 Ἀλλ’
926 841 1024 893 οὑκ
1056 838 1178 894 εἷπε
1213 843 1345 914 πῦρ,
1371 842 1509 896 ἀλλὰ
1537 842 1715 913 ζύμην
1736 864 1745 873 ·
1770 845 1823 898 τί

132 916 371 987 δήποτες
395 921 517 974 Ὀτι
542 923 603 974 οὑ
642 924 738 977 τοῦ
780 926 951 995 πυρός
982 928 1128 981 ἐστιν
1154 930 1271 983 ἐκεῖ
1305 930 1367 983 :6
1392 930 1533 991 ὅλον,
1567 932 1701 984 ἀλλά
1729 932 1822 984 καὶ

132 1003 246 1056 τῶν
270 1008 664 1080 ἀναπτομένων
677 1011 851 1077 ξύλων
869 1031 882 1044 ·
897 1014 1132 1069 ἐνταῦθα
1149 1016 1203 1069 δὲ
1223 1016 1282 1071 τὸ
1300 1019 1421 1071 ὅλον
1439 1020 1471 1089 ή
1489 1018 1635 1089 ζύμη
1654 1019 1822 1090 ἐργά-

134 1089 291 1154 ζεται
315 1095 384 1147 δι’
412 1097 687 1169 ἐαυτής.“
704 1099 763 1153 Et
779 1100 832 1153 δὲ
854 1101 1351 1173 ἀνθρωποιδώδεκα
1380 1107 1480 1177 τήν
1498 1089 1822 1177 οἰκουμένην

134 1189 363 1243 ἃπασαν
383 1185 694 1256 ἐζύμωσαν,
716 1189 965 1258 ἐννόησον
986 1191 1085 1259 ὅση
1108 1193 1264 1261 ήμῶν
1285 1195 1316 1262 ἡ
1339 1195 1527 1257 κακία,
1549 1197 1676 1249 ὅταν
1699 1216 1823 1251 τοσ-

133 1273 287 1327 οῦτοι
321 1272 474 1336 ὄντες
497 1274 625 1336 τοὺς
649 1274 1109 1344 ὑπολειπομένους
1130 1276 1205 1347 μή
1220 1278 1536 1349 δυνηθῶμεν
1553 1282 1819 1347 διορθοῦν,

132 1360 231 1425 οὓς
257 1361 475 1431 μυρίοις
506 1362 733 1431 κόσμοις
760 1362 949 1432 ἀρκεῖν
978 1365 1145 1434 ἐχρῆν
1179 1367 1274 1418 καὶ
1296 1366 1548 1434 γενέσθαι
1582 1369 1780 1440 ζύμην.

207 1454 281 1516 γ’.
301 1448 442 1501 Ἀλλ’
475 1449 692 1510 ἐκεῖνοι,
721 1450 905 1519 φησὶν,
926 1450 1215 1505 ἀπόστολοι
1240 1448 1398 1523 ἦσαν.
1422 1456 1532 1508 Kal
1558 1457 1611 1509 τί
1638 1457 1820 1523 τοῦτο;

133 1536 274 1604 Οὐχὶ
305 1534 412 1588 τῶν
441 1534 621 1587 αὑτῶν
656 1551 737 1588 σοι
772 1536 1069 1607 μετέσχον;
1100 1538 1200 1593 οὑκ
1233 1543 1290 1593 ὲν
1334 1542 1552 1595 πόλεσιν
1582 1544 1820 1615 ἐτράφη-

134 1638 239 1674 σαν
253 1623 338 1687 ";
374 1622 436 1673 οὑ
464 1620 574 1673 τῶν
599 1621 781 1675 αὑτῶν
816 1622 1161 1692 ἀπέλαυσαν;
1204 1627 1325 1699 οὐχὶ
1347 1628 1541 1698 τέχνας
1576 1648 1817 1701 μετεχει-

137 1709 392 1779 ρίσαντος
430 1708 505 1779 μὴ
534 1709 645 1778 γὰρ
669 1710 891 1777 ἄγγελοι
919 1707 1097 1783 ἦσαν;
1130 1713 1204 1783 μὴ
1224 1714 1333 1785 γὰρ
1353 1714 1413 1778 ἐξ
1432 1716 1660 1787 ούρανοῦ
1688 1735 1821 1771 κατ-

133 1796 381 1867 έδησανς
442 1796 604 1848 Ἀλλά
632 1797 701 1849 τὰ
730 1801 950 1868 σημεῖα,
991 1802 1179 1870 φησὶν,
1215 1798 1380 1869 εἶχον.
1419 1803 1492 1857 Οὑ
1518 1803 1587 1856 τά
1616 1808 1820 1874 σημεῖα

134 1884 493 1954 θαυμαστοὺς
523 1885 721 1948 αὑτοὺς
742 1886 985 1957 ἐποίησε.
1028 1889 1205 1959 Μέχρι
1228 1888 1357 1942 πότε
1394 1890 1822 1962 προκαλύμμασι

133 1970 459 2042 κεχρήμεθα
486 1974 585 2042 τῆς
614 1973 889 2044 ἡμετέρας
922 1974 1197 2045 ῥᾳθυμίας
1228 1978 1341 2040 τοῖς
1371 1977 1642 2048 θαύμασιν
1674 1979 1822 2032 ἐκείο

132 2076 247 2121 νοις
268 2075 287 2125 ;
313 2058 447 2129 [Ἴδε
478 2060 569 2113 τὸν
596 2060 752 2131 χορὸν
773 2063 880 2114 τῶν
902 2062 1073 2129 ἁγίων
1089 2064 1148 2115 οὑ
1167 2066 1279 2126 τοῖς
1300 2064 1571 2133 θαύμασιν
1592 2066 1821 2129 ἐκείνοις

132 2144 432 2215 λάμψαντα
449 2145 545 2218 ".]
592 2148 782 2200 Πολλοὶ
832 2148 941 2220 γὰρ
985 2150 1079 2203 καὶ
1118 2150 1375 2221 δαίμονας
1418 2152 1818 2220 ἐκϐαλόντεςθτ,

134 2234 332 2305 ἐπειδὴ
362 2235 463 2305 τὴν
486 2234 716 2304 ἀνομίαν
742 2237 1088 2307 εἰργάσαντο,
1109 2238 1210 2305 οὑκ
1231 2238 1475 2306 ἐγένοντο
1496 2239 1819 2309 θαυμαστοὶ,

135 2322 277 2375 ἀλλά
322 2324 418 2375 καὶ
460 2323 857 2395 ἐκολάσθησαν.
894 2325 1004 2378 Kal
1042 2326 1097 2377 τί
1132 2328 1249 2378 ποτ’
1280 2322 1373 2379 οὖν
1413 2328 1549 2390 ἐστι,
1579 2329 1762 2397 φησὶν,
1792 2329 1822 2382 6

137 2410 413 2480 μεγάλους
448 2411 645 2474 αὑτοὺς
675 2411 879 2477 ἐδειξε;
914 2412 988 2465 T6
1017 2414 1315 2484 χρημάτων
1348 2417 1728 2485 καταφρονεῖν,
1762 2417 1822 2471 :6

134 2498 297 2567 δόξης
328 2499 638 2569 ὑπερορᾷν,
676 2499 737 2552 τὸ
767 2500 1111 2570 πραγμάτων
1144 2501 1489 2571 ἀπηλλάχθαι
1530 2503 1818 2571 βιωτικῶν.

145 2585 234 2647 Ὠς
270 2584 385 2652 εἴγε
410 2586 484 2655 μὴ
519 2583 693 2638 ταῦτα
714 2582 879 2655 εἶχον,
900 2586 1035 2640 ἀλλά
1059 2587 1232 2641 δοῦλοι
1256 2589 1365 2642 τῶν
1382 2590 1426 2619 ’⁸
1449 2589 1636 2643 παθῶν
1658 2586 1819 2662 ἦσαν,

135 2674 185 2725 εί
218 2674 316 2725 καὶ
345 2673 575 2743 μυρίους
602 2664 829 2744 νεκρούς
859 2675 1106 2747 ήγειραν,
1131 2676 1192 2728 οὑ
1225 2678 1387 2744 μόνον
1414 2677 1564 2731 οὐδὲν
1588 2678 1655 2732 ἂν
1679 2678 1822 2748 ὠφέ-

135 2760 335 2829 λησαν,
358 2759 495 2813 ἀλλά
521 2761 615 2814 καὶ
636 2762 952 2826 ἀπατεῶνες
982 2762 1048 2815 ἂν
1064 2763 1429 2835 ἐνομίσθησαν
1459 2760 1618 2818 εἶναι.
1635 2764 1823 2829 Οὕτως

138 2850 164 2901 5
199 2848 315 2919 βίος
352 2849 501 2901 ἐστὶν
546 2849 575 2902 6
618 2850 896 2922 πανταχοῦ
923 2851 1176 2921 λάμπων,
1200 2855 1227 2905 6
1261 2854 1354 2906 καὶ
1383 2852 1473 2905 τοῦ
1508 2852 1822 2924 Πνεύματος

136 2938 236 3009 τὴν
266 2938 428 3008 χάριν
459 2937 861 3010 ἐπισπώμενος.
897 2942 1054 2993 Ποῖον
1081 2944 1306 3012 σημεῖον
1349 2940 1600 3015 Ἰωάννης
1630 2941 1820 3011 ἐποίη-

138 3041 253 3089 σεν,
303 3026 384 3077 6::
420 3024 603 3089 πόλεις
646 3026 914 3089 τοσαύτας
951 3025 1468 3098 ἀνηρτήσατο;”οτι
1513 3027 1621 3098 γάρ
1669 3027 1821 3080 οὐδὲν

137 3112 681 3183 ἐθαυματούργησεν,
724 3114 957 3169 ἄκουσον
990 3113 1083 3167 τοῦ
1118 3114 1502 3184 εὐαγγελιστοῦ
1540 3114 1818 3184 λέγοντος’

139 3201 264 3253 Ὅτι
297 3201 581 3267 Ἰωάννης
601 3200 719 3269 μὲν
757 3201 1007 3268 ἐποίησε
1032 3202 1286 3271 σημεῖον
1327 3203 1525 3257 οὐδέν.
1570 3202 1739 3255 Πόθεν
1768 3201 1824 3254 δὲ

138 3287 457 3357 θαυμαστὸς
493 3287 677 3351 Ἠλίας
710 3288 957 3357 ἐγένετο;
989 3291 1103 3342 Οὑκ
1131 3290 1240 3343 ἀπὸ
1266 3291 1365 3358 τῆς
1383 3290 1694 3361 παρρησίας
1723 3289 1824 3358 τῆς

139 3376 282 3445 πρὸς
315 3376 405 3429 τὸν
427 3376 683 3445 βασιλέας
715 3377 813 3428 οὑκ
838 3376 946 3429 ἀπὸ
975 3376 1069 3428 τοῦ
1094 3375 1255 3446 ζήλου
1279 3377 1372 3430 τοῦ
1395 3378 1531 3447 πρὸς
1554 3378 1644 3429 τὸν
1659 3376 1821 3441 Θεόν;

137 3465 242 3516 οὑκ
284 3464 397 3517 ἀπὸ
447 3463 549 3531 τῆς
602 3462 1017 3533 ἀκτημοσύνης;
1054 3466 1154 3516 οὑκ
1182 3465 1290 3517 ἀπὸ
1320 3468 1418 3535 τῆς
1450 3465 1701 3535 μηλωτῆς
1732 3465 1827 3517 καὶ

138 3551 236 3604 τοῦ
264 3551 534 3621 σπηλαίου
566 3549 790 3605 καὶτῶν
819 3552 993 3621 όρῶν;
1031 3552 1112 3606 Td:
1143 3552 1250 3623 γὰρ
1275 3555 1475 3621 σημεῖα
1497 3552 1635 3622 μετά
1653 3552 1827 3605 ταῦτα

139 3640 359 3693 ἅπαντα
388 3641 633 3710 ἐποίησε.
654 3642 756 3694 Τὸν
777 3642 833 3695 δὲ
848 3640 966 3694 Ἰὼϐ
989 3645 1139 3696 ποῖον
1162 3646 1385 3710 σημεῖον
1410 3642 1550 3711 ὁρῶν
1570 3642 1826 3695 ποιοῦντα

140 3727 422 3797 ἐξεπλάγη
442 3729 469 3779 6
484 3727 728 3789 διάϐολος
744 3745 758 3791 ;
777 3729 850 3797 Ση
858 3732 1009 3799 μεῖον
1029 3729 1126 3798 μὲν
1146 3728 1318 3788 οὐδὲν,
1340 3728 1454 3797 βίον
1473 3729 1528 3782 δὲ
1548 3728 1830 3799 λάμποντα

140 3817 238 3869 καὶ
272 3816 553 3886 ὑπομονὴν
595 3816 903 3886 ἀδάμαντος
952 3817 1313 3887 στερροτέραν
1364 3816 1826 3886 ἐπιδεικνύμενον.

143 3905 305 3957 Ποῖον
350 3906 576 3975 σημεῖον
602 3907 632 3957 6
660 3904 823 3957 Διιυῒδ
854 3905 1128 3975 ἐποίησεν,
1163 3904 1241 3957 ἔτι
1277 3904 1395 3967 νέος
1427 3903 1527 3965 ὣν,
1562 3905 1637 3967 ὡς
1658 3906 1831 3958 εἰπεῖν

141 3993 235 4044 τδν
266 3992 431 4045 Θεόνο
469 3987 670 4059 Εὗρον
698 3990 880 4044 Δαυῒδ
922 3992 1025 4043 τὸν
1068 3992 1173 4045 τοῦ
1204 3993 1428 4046 Ἰεσσαί
1466 3992 1656 4061 ἄνδρα
1684 3994 1832 4046 κατὰ

151 4080 272 4147 τὴν
289 4078 545 4147 καρδίαν
565 4094 718 4147 μου;
757 4078 816 4131 '0
832 4075 886 4132 δὲ
916 4079 1164 4149 Ἀϐραάμ
1180 4080 1274 4134 καὶ
1303 4080 1486 4133 Ἰσαάκ
1511 4082 1605 4134 καὶ
1638 4080 1831 4133 Ἰακὼϐ

143 4170 299 4220 ποῖον
337 4167 530 4237 νεκρὸν
572 4166 829 4235 ἤγειρανς
860 4168 1012 4217 ποῖον
1043 4166 1097 4218 δὲ
1144 4166 1341 4237 λεπρὸν
1375 4168 1685 4237 ἐκάθηραν;
1721 4169 1833 4220 Ούκ

142 4251 303 4309 οἶσθα
339 4256 421 4307 ὅτι
454 4254 523 4306 τά
553 4256 774 4323 σημεῖα,
809 4252 904 4306 ἐὰν
940 4254 1014 4325 μὴ
1039 4255 1318 4325 νήφωμεν,
1338 4256 1433 4307 καὶ
1457 4256 1681 4326 βλάπτει
1706 4254 1831 4307 πολι

144 4344 304 4404 λάκις
331 4361 346 4407 ;
372 4340 526 4395 Οὕτω
545 4342 590 4372 ’⁸
616 4341 800 4394 πολλοὶ
828 4341 937 4393 τῶν
964 4341 1269 4411 Κορινθίων
1295 4342 1704 4410 ἀπεσχίσθησαν
1730 4343 1825 4394 ἀπ’

144 4431 415 4501 ἀλλήλων⁸
443 4429 583 4481 οὑτω
603 4428 786 4481 πολλοὶ
811 4429 918 4482 τῶν
947 4429 1232 4498 Ῥωμαίων
1250 4430 1630 4500 ἀπενοήθησαν
1651 4447 1665 4461 ο
1689 4428 1831 4481 οὕτω

146 4518 334 4588 Σίμων
375 4514 638 4587 ἐξεϐλήθη
662 4532 674 4545 ο
702 4514 873 4578 οὑτως
901 4518 929 4568 6
962 4515 1039 4585 τῷ
1072 4515 1294 4586 Χριστῷ
1326 4517 1445 4569 τότε
1485 4515 1832 4586 ἐπιθυμήσας

144 4604 517 4673 ἀκολουθῆσαι
554 4604 1004 4674 ἁπεδοκιμάζετο,
1035 4602 1273 4668 ἀκούσας
1310 4605 1390 4658 6::
1418 4608 1487 4658 Al
1525 4604 1833 4669 ἀλώπεκες

146 4692 426 4764 φωλεοὺς
451 4694 687 4760 έχουσι,
736 4693 834 4745 καί
865 4693 937 4746 τὰ
973 4692 1213 4744 πετεινὰ
1250 4689 1399 4763 [485]
1435 4691 1539 4745 τοῦ
1571 4690 1832 4759 οὐρανοῦ

146 4777 644 4845 κατασκηνώσεις
662 4780 703 4831 ⁸.
722 4777 935 4829 Τούτων
958 4777 1067 4847 γὰρ
1087 4777 1335 4840 ἕκαστος,
1352 4779 1380 4829 6
1398 4777 1497 4847 μὲν
1514 4778 1830 4847 χρημάτων,

146 4868 177 4918 6
216 4867 274 4920 δὲ
316 4865 476 4935 δόξης
507 4866 805 4935 ἐφιέμενος
832 4865 930 4936 τῆς
970 4864 1078 4917 ἀπὸ
1106 4866 1213 4918 τῶν
1246 4866 1507 4934 σημείων,
1548 4862 1833 4928 ἐξέπιπτον

148 4955 247 5010 καὶ
279 4952 599 5007 ἀπώλλυντο
617 4955 658 5006 ¹.
694 4952 815 5005 Βίου
845 4953 902 5007 δὲ
929 4954 1216 5023 ἐπιμέλεια
1246 4954 1339 5005 καὶ
1373 4952 1572 5021 ἀρετῆς
1606 4951 1744 5021 ἔρως
1770 4951 1831 5004 οὑ

150 5043 319 5113 μόνον
372 5042 432 5093 οὑ
464 5042 636 5094 τίκτει
681 5040 937 5110 τοιαύτην
988 5039 1315 5110 ἐπιθυμίαν,
1358 5040 1493 5092 ἀλλά
1526 5040 1621 5092 καὶ
1667 5035 1833 5092 οὖσαν

151 5131 388 5199 ἀναιρεῖ.
410 5127 520 5182 Kal
551 5126 713 5189 αὑτὸς
743 5127 799 5179 δὲ
828 5128 915 5179 ὅτε
947 5126 1254 5196 ἐνομοθέτει
1290 5129 1398 5189 τοῖς
1432 5127 1626 5179 ἑαυτοῦ
1660 5126 1836 5196 μαθη-

150 5219 295 5279 ταῖς,
322 5215 376 5267 τί
404 5216 584 5282 ἕλεγε;
614 5215 882 5283 Ποιήσατε
907 5216 1127 5283 σημεῖα,
1151 5214 1240 5267 ἵνα
1266 5216 1443 5267 ἴδωσιν
1465 5214 1515 5265 οί
1535 5212 1833 5283 ἀνθρωποι;

151 5303 421 5374 οὐδαμῶς
442 5320 454 5331 ·
478 5302 614 5355 ἀλλά
642 5302 692 5353 τί
709 5319 722 5367 ;
742 5301 1043 5369 Λαμψάτω
1066 5301 1131 5353 τὸ
1158 5302 1282 5370 φῶς
1305 5300 1467 5369 ὑμῶν
1492 5302 1835 5370 ἔμπροσθεν

1227 373 1294 430 IN
1338 372 1751 433 MATTHIEUM
1794 376 2025 433 llOlllL.
2065 378 2246 435 XLVI.
2276 380 2346 435 nl.
2376 378 2580 437 XLVII.

3495 389 3601 444 680

1926 496 2046 550 τῶν
2064 499 2408 569 ἀνθρώπων,
2429 500 2589 565 ὅπως
2612 499 2821 553 τὸωσιν
2839 499 3007 568 ὑμῶν
3029 501 3095 555 τά
3132 506 3285 559 καλὰ
3312 506 3401 577 ἕρ)
3415 527 3478 573 a.
3498 514 3597 567 καὶ

1925 583 2229 647 δοξάσωσι
2268 588 2375 640 τὸν
2420 584 2652 653 Πατέρα
2694 586 2860 655 ὑμῶν
2897 588 3002 641 τὸν
3031 590 3101 641 ἐν
3131 590 3259 656 τοῖς
3296 596 3599 665 οὐρανοῖς.

1925 672 2033 723 Kal
2054 671 2129 741 τῷ
2155 672 2344 743 Πέτρῳ
2370 671 2425 723 δὲ
2449 673 2548 725 οὑκ
2569 667 2741 736 εἶπεν,
2761 673 2822 725 Εἰ
2844 673 2863 703 ⁸
2893 673 3061 741 φιλεῖς
3088 692 3177 746 με,
3199 680 3337 731 ποίει
3364 687 3563 752 σημεῖα
3584 700 3601 714 ο

1924 756 2080 820 ἀλλὰ,
2103 760 2386 826 Ποίμαινε
2408 761 2479 812 τὰ
2503 760 2766 827 πρόϐατά
2782 779 2902 829 μου
2941 763 3049 814 Kal
3071 766 3344 836 πανταχοῦ
3364 769 3420 821 δέ
3441 771 3607 825 αὑτὸν

1924 845 2209 915 προτιμῶν
2228 846 2336 898 τῶν
2358 846 2532 899 ἀλλων
2556 848 2694 917 μετὰ
2724 846 2980 900 Ἰακώϐου
3003 850 3095 902 xal
3122 851 3391 922 Ἰωάννου,
3416 858 3599 924 πόθεν,

1923 930 2045 983 είπέ
2072 948 2184 1000 μοι,
2208 932 2511 1003 προετίμα;
2542 934 2650 986 ἀπὸ
2672 933 2781 986 τῶν
2808 935 3078 1005 σημείωνς
3103 938 3213 992 Kal
3256 939 3363 1011 μὴν
3403 945 3603 1009 πάντες

1922 1017 2122 1087 ὁμοίως
2139 1018 2431 1089 ἐκάθαιρον
2446 1021 2571 1083 τοὺς
2590 1019 2844 1091 λεπροὺς,
2859 1022 3093 1087 καὶτοὺς
3112 1027 3339 1097 νεκροὺς
3356 1029 3600 1101 ἤγειρον⁸

1922 1106 2015 1157 καὶ
2046 1106 2212 1158 πᾶσιν
2240 1106 2442 1175 ὁμοίως
2462 1108 2559 1177 τήν
2589 1107 2832 1172 ἐξουσίαν
2860 1109 3047 1164 ἔδωκε.
3080 1113 3250 1166 Πόθεν
3265 1110 3358 1169 οὖν
3378 1112 3521 1187 εἶχον
3540 1119 3601 1173 :6

1922 1192 2084 1244 πλέον
2099 1187 2242 1245 οὗτοι
2262 1210 2276 1257 ;
2308 1193 2440 1246 Ἀπὸ
2460 1193 2559 1263 τῆς
2581 1194 2721 1247 κατά
2740 1195 2919 1267 ψυχὴν
2938 1198 3159 1268 ἀρετῆς.
3178 1201 3337 1271 Ὁρᾷς
3353 1204 3435 1256 ὅτι
3459 1223 3604 1259 παν-

1921 1278 2085 1347 ταχοῦ
2115 1279 2228 1348 βίου
2247 1281 2403 1350 χρεία
2425 1280 2517 1333 καὶ
2540 1282 2634 1351 τῆς
2657 1281 2742 1334 διά
2765 1283 2873 1335 τῶν
2895 1283 3072 1354 ἔργων
3094 1287 3435 1355 ἐπιδείξεωςς
3466 1292 3600 1345 Ἀπὸ

1922 1362 2040 1416 τῶν
2068 1365 2316 1432 καρπῶν
2336 1366 2445 1437 γάρ
2464 1364 2683 1430 αὐτῶν,
2708 1367 2891 1438 φησὶν,
2925 1369 3331 1440 ἐπιγνώσεσθε
3355 1378 3596 1446 αὐτούς.

1991 1452 2054 1505 δ’.
2084 1452 2151 1504 Τί
2184 1452 2238 1504 δὲ
2273 1453 2370 1522 τὴν
2396 1454 2540 1524 ζωὴν
2559 1455 2839 1526 συνίστησι
2854 1456 2955 1527 τὴν
2972 1458 3275 1530 ήμετέραν;
3299 1457 3481 1533 ’Δραδ
3502 1481 3601 1534 σηο

1925 1539 2093 1606 μείων
2124 1538 2403 1603 ἐπίδειξις,
2422 1540 2454 1606 ἢ
2485 1541 2761 1605 πολιτείας
2784 1543 3014 1614 ἀρίστης
3042 1546 3332 1616 ἀκρίδειας
3364 1549 3599 1620 Εὔδηλον

1921 1625 2003 1678 6::
2028 1625 2088 1678 :6
2109 1626 2392 1695 δεύτερον·
2421 1627 2490 1680 τὰ
2521 1628 2577 1680 δὲ
2611 1632 2811 1698 σημεῖα
2832 1630 2923 1683 καὶ
2948 1632 3049 1696 τὰς
3077 1633 3329 1706 ἀφορμάς
3350 1638 3600 1691 ἐντεῦθεν

1921 1712 2055 1781 ἔχει,
2086 1714 2179 1765 xal
2213 1715 2291 1776 εἰς
2318 1713 2476 1767 τοῦτο
2506 1716 2799 1786 καταλήγει
2821 1718 2863 1771 ⁸.
2892 1717 2959 1771 Ὀ
2987 1735 3045 1771 τε
3075 1723 3184 1791 γὰρ
3221 1721 3334 1791 βίον
3376 1724 3601 1793 ἄριστον

1922 1800 2381 1871 ἐπιδεικνύμενος,
2416 1803 2713 1856 ἐπισπᾶται
2742 1804 2945 1871 ταύτην
2976 1802 3073 1876 τήν
3100 1809 3257 1879 χάριν
3276 1824 3289 1838 ⁸
3321 1810 3349 1862 6
3373 1827 3432 1863 τε
3461 1810 3601 1882 λαμ-

1922 1886 2104 1940 ϐάνων
2136 1888 2236 1957 τὴν
2267 1888 2444 1957 χάριν,
2479 1888 2565 1941 διά
2592 1888 2749 1942 τοῦτο
2782 1890 3069 1961 λαμϐάνει,
3112 1894 3200 1948 ἵνα
3232 1896 3324 1949 τὸν
3344 1898 3365 1927 ⁸
3395 1898 3603 1970 ἐτέρων

1920 1974 2282 2046 διορθώσηται
2314 1974 2448 2044 βίον.
2467 1975 2619 2028 Ἐπεὶ
2640 1978 2734 2030 καὶ
2759 1978 2787 2030 6
2816 1980 3049 2049 Χριστὸς
3075 1980 3161 2034 διά
3188 1981 3344 2037 τοῦτο
3370 1984 3438 2037 τά
3464 1985 3599 2039 θαύ-

1924 2080 2069 2133 ματα
2125 2063 2307 2117 ἐκεῖνα
2341 2062 2627 2133 ἐποίησεν,
2665 2066 2751 2118 ἵνα
2785 2066 3096 2133 ἀξιόπιστος
3135 2071 3321 2139 φανεὶς
3349 2073 3601 2129 ἐντεῦθεν

1921 2152 2018 2203 καὶ
2040 2150 2175 2220 πρὸς
2208 2150 2398 2204 ἑαυτὸν
2424 2151 2678 2216 ἑλκύσας,
2705 2154 2904 2225 ἀρετήν
2930 2158 3008 2219 είς
3048 2156 3138 2210 τὸν
3168 2158 3282 2228 βίον
3305 2162 3596 2233 εἰσαγάγῃ.

1921 2238 2012 2290 Διὸ
2055 2239 2150 2291 καὶ
2173 2238 2271 2309 τήν
2296 2238 2517 2293 πλείονα
2539 2240 2678 2311 ὑπὲρ
2706 2241 2896 2295 τούτου
2923 2247 3154 2299 ποιεῖται
3181 2248 3437 2318 σπουδήν.
3466 2249 3603 2305 Οὑδὲ

1920 2325 2029 2399 γὰρ
2058 2328 2171 2389 τοῖς
2206 2327 2455 2396 σημείοις
2482 2329 2730 2399 ἀρκεῖται
2757 2332 2940 2400 μόνον,
2960 2330 3096 2385 ἀλλά
3116 2334 3211 2387 καὶ
3235 2334 3459 2403 γέενναν
3488 2336 3599 2390 ἀπ-

1921 2413 2072 2476 ειλεῖ,
2108 2414 2201 2466 καὶ
2233 2413 2509 2483 βασιλείαν
2542 2416 2959 2483 ἐπαγγέλλεται,
2989 2418 3084 2471 καὶ
3113 2421 3238 2483 τοὺς
3264 2422 3601 2493 παραδόξους

1921 2499 2160 2563 ἐκείνους
2186 2500 2369 2570 τίθησι
2392 2500 2608 2570 νόμους,
2630 2504 2723 2554 καὶ
2743 2504 2921 2556 πάντα
2945 2504 3087 2569 ὑπὲρ
3110 2506 3302 2560 τούτου
3337 2526 3599 2581 πραγμα-

1920 2585 2158 2648 τεύεται,
2193 2586 2277 2638 ἵνα
2314 2587 2634 2654 ίσαγγέλους
2673 2589 2994 2659 ἐργάσηται.
3024 2592 3133 2644 Kal
3177 2592 3229 2643 τί
3263 2593 3425 2662 λέγω,
3455 2596 3536 2648 6::
3570 2598 3602 2650 6

1922 2672 2157 2743 Χριστὸς
2175 2674 2353 2727 πάντα
2371 2673 2562 2726 τούτου
2583 2674 2770 2728 ἐνεκεν
2788 2679 2931 2728 ποιεῖ
2946 2693 2959 2740 ;
2979 2677 3070 2729 Σοὶ
3083 2676 3191 2749 γάρ
3207 2678 3357 2742 εἴτις
3374 2680 3596 2747 ἔδωκεν,

1922 2761 2045 2813 είπέ
2092 2778 2181 2831 μοι
2202 2802 2217 2823 ,
2268 2760 2500 2831 αἰρεσιν,
2533 2763 2762 2832 νεκροὺς
2784 2763 2803 2791 ⁷
2843 2763 3147 2833 ἀναστῆσαι
3174 2767 3233 2817 ἐν
3267 2766 3342 2837 τῷ
3375 2768 3598 2838 ὀνόματι

1923 2848 2110 2913 αὑτοῦ,
2131 2847 2269 2918 ἢδιά
2296 2849 2357 2901 :6
2379 2848 2548 2919 δνομα
2574 2848 2738 2901 αὑτοῦ
2758 2849 3071 2915 ἀποθανεῖν,
3089 2853 3141 2905 τί
3159 2854 3225 2907 ἂν
3240 2852 3405 2921 ἐδέξω
3424 2855 3445 2887 ⁸
3465 2856 3603 2925 μάλ-

1922 2936 2013 2990 λον
2034 2953 2049 3002 ;
2074 2938 2187 2989 υὺκ
2208 2935 2429 3007 εὔδηλον
2444 2938 2527 2989 ὅτι
2547 2936 2609 2989 τὸ
2627 2936 2878 3008 δεύτερον
2894 2954 2909 3002 ;
2930 2940 3035 2991 Kal
3055 2940 3162 3011 μὴν
3178 2941 3240 2993 :6
3258 2942 3356 3012 μὲν
3374 2945 3601 3013 σημεῖόν

1925 3025 2061 3087 ἐστι,
2081 3024 2141 3077 :6
2172 3023 2227 3075 δέ
2244 3024 2437 3093 ἔργον.
2457 3024 2521 3076 Τί
2550 3023 2629 3101 δὲ,
2651 3024 2705 3076 εί
2719 3024 2803 3087 τίς
2828 3041 2911 3078 σοι
2933 3026 3211 3097 προύθηκε
3231 3028 3455 3098 ποιῆσαι
3471 3030 3602 3102 x69-

1923 3127 2014 3164 τον
2035 3111 2256 3181 χρυσὸν,
2271 3111 2304 3181 ἦ
2328 3111 2621 3181 δυνηθῆναι
2640 3112 2858 3166 πάντων
2876 3113 2984 3166 τῶν
2999 3130 3103 3184 χρη
3113 3115 3299 3184 μάτων
3315 3116 3388 3180 ὼς
3405 3117 3601 3187 χόρτου

1924 3200 2359 3272 καταφρονῆσαι,
2397 3199 2499 3251 οὑκ
2525 3198 2623 3252 ἀν’
2655 3198 2811 3252 τοῦτο
2848 3201 3014 3265 ἐδέξω
3051 3202 3281 3273 μᾶλλον;
3315 3205 3426 3258 Kal
3456 3204 3602 3275 μάλα

1924 3287 2168 3348 είκότως.
2188 3286 2295 3337 Kal
2324 3284 2434 3356 γάρ
2450 3288 2575 3349 τοὺς
2604 3286 2925 3357 ἀνθρώπους
2955 3289 3112 3342 τοῦτο
3141 3290 3207 3344 ἂν
3238 3290 3473 3360 μάλιστα
3500 3293 3601 3345 ἐπ·-

1926 3376 2220 3428 εσπάσατο.
2237 3375 2297 3426 Εί
2320 3375 2416 3444 μὲν
2428 3376 2537 3445 γάρ
2554 3372 2693 3428 εἶδον
2708 3377 2799 3429 τὸν
2816 3379 3005 3447 χόρτον
3021 3380 3065 3410 ¹⁹
3082 3380 3281 3448 χρυσὸν
3304 3381 3605 3451 γινόμενον,

1922 3462 2031 3515 κᾶν
2054 3460 2407 3530 ἐπεθύμησαν
2431 3462 2524 3514 καὶ
2554 3462 2707 3514 αὐτοὶ
2740 3462 2926 3515 λαϐεῖν
2960 3464 3058 3533 τὴν
3086 3465 3333 3533 δύναμιν,
3366 3465 3553 3535 ῶσπερ
3574 3469 3605 3520 6

1927 3548 2131 3616 Σίμων,
2161 3546 2499 3617 καὶ·ηὑξήθη
2528 3547 2592 3600 ἂν
2624 3549 2806 3612 αὑτοῖς
2839 3551 2867 3601 6
2887 3549 2995 3602 τῶν
3024 3552 3325 3620 χρημάτων
3353 3553 3492 3622 ἔρως
3512 3570 3525 3583 ·
3553 3555 3604 3605 εί

1926 3634 1982 3687 δέ
2008 3630 2146 3688 εἶδον
2161 3636 2235 3702 ῶς
2263 3636 2455 3705 χόρτου
2471 3636 2565 3688 τοῦ
2586 3636 2787 3706 χρυσοῦ
2804 3637 3011 3700 πάντας
3028 3638 3498 3709 καταφρονοῦντας
3509 3640 3610 3692 καὶ

1930 3721 2337 3793 ὑπερορῶντας,
2355 3722 2517 3775 πάλαι
2545 3723 2610 3775 ἂν
2639 3724 2736 3792 τῆς
2766 3723 2922 3777 νόσου
2957 3723 3158 3792 ταύτης
3189 3724 3602 3794 ἀπηλλάγησαν.

2020 3810 2182 3880 Ὁρᾷς
2211 3810 2330 3863 ὃτιό
2357 3810 2469 3879 βίος
2495 3810 2695 3880 μᾶλλον
2718 3810 2946 3879 ὠφελεῖν
2967 3812 3217 3876 δύναταις
3242 3812 3363 3866 Βίον
3386 3812 3441 3865 δέ
3462 3812 3606 3880 λέγω

1932 3896 2080 3969 [486]
2113 3899 2227 3961 νῦν,
2246 3899 2366 3968 οὐχὶ
2392 3897 2458 3950 ἂν
2484 3900 2805 3969 νηστεύσῃς,
2827 3900 2947 3952 οὑδὲ
2980 3901 3043 3952 ἂν
3075 3899 3276 3952 σάκκον
3302 3901 3393 3953 καὶ
3416 3899 3606 3953 σποδὸν

1930 3985 2288 4056 ὑποστρώσῃς
2307 4003 2319 4015 ·
2345 3985 2458 4038 ἀλλ’
2499 3986 2591 4038 ἐὰν
2614 3987 2910 4057 χρημάτων
2936 3988 3197 4058 ὑπερίδῃς
3224 3988 3299 4052 ὡς
3327 3989 3604 4058 ὑπεριδεῖν

1932 4072 2057 4143 χρὴ,
2089 4072 2183 4125 ἐὰν
2213 4073 2649 4143 φιλοστοργήσης
2674 4074 2738 4137 ¹¹,
2771 4072 2865 4125 ἐάν
2899 4074 3003 4144 δῷς
3036 4074 3289 4128 πεινῶντι
3326 4076 3416 4127 τὸν
3441 4076 3605 4145 ἄρτον

1936 4178 2027 4213 σου
2048 4200 2062 4221 ,
2099 4162 2192 4213 ἐάν
2225 4160 2395 4231 θυμοῦ
2431 4162 2739 4232 κρατήσῃς,
2774 4160 2839 4214 ἀν
2874 4162 3174 4226 κενοδοξίαν
3223 4163 3492 4234 ἐκϐάλῃς,
3538 4162 3605 4216 ἂν

1937 4248 2231 4318 βασκανίαν
2264 4246 2479 4318 ἀνέλῃς.
2511 4246 2664 4299 Οῦτω
2687 4248 2728 4277 ¹²
2760 4248 2854 4299 καὶ
2884 4246 3045 4310 αὑτὸς
3070 4248 3319 4300 ἐπαίδευε
3339 4266 3352 4279 ·
3376 4247 3608 4303 Μάθετε

1932 4333 2060 4404 γάρ,
2104 4334 2287 4400 φησὶν,
2328 4333 2429 4385 ἀπ’
2468 4332 2633 4400 ἐμοῦ,
2675 4332 2761 4384 ὅτι
2810 4331 3000 4399 πρᾶός
3032 4336 3146 4401 εἰμι
3188 4333 3288 4386 καί
3326 4334 3607 4400 ταπεινὸς

1929 4419 2004 4488 τῇ
2050 4419 2283 4485 καρδίᾳ.
2328 4420 2442 4471 Οὑκ
2489 4419 2530 4449 ⁸³
2585 4417 2770 4483 εἶπεν,
2808 4420 2925 4472 Ὀτι
2986 4421 3318 4491 ἐνήστευσα·
3364 4420 3607 4490 καίτοιγε

1931 4505 2074 4578 εἶχεν
2123 4510 2297 4560 εἰπεῖν
2334 4509 2431 4571 τὰς
2466 4507 2877 4578 τεσσαράκοντα
2906 4510 3139 4580 ἡμέρας,
3178 4508 3292 4563 ἀλλ’
3343 4509 3403 4561 οὑ
3459 4509 3608 4577 λέγει

1929 4596 2087 4649 τοῦτο
2105 4612 2118 4625 ·
2158 4594 2296 4658 ἀλλ’,
2322 4594 2448 4647 Ὀτι
2470 4593 2659 4661 πρᾶός
2688 4597 2802 4666 ειμι
2834 4597 2931 4648 καί
2958 4597 3236 4662 ταπεινὸς
3262 4596 3336 4665 τῇ
3371 4597 3605 4665 καρδίᾳ.

1932 4683 2043 4739 Kal
2073 4682 2235 4736 πάλιν
2266 4682 2502 4752 πέμπων
2536 4681 2733 4745 αὑτοὺς
2754 4721 2768 4745 ,
2800 4684 2899 4736 οὑκ
2941 4679 3115 4747 εἶπεν,
3150 4684 3232 4737 6::
3267 4684 3605 4754 Νηστεύετε·

1931 4770 2086 4836 ἀλλὰ,
2118 4768 2246 4824 Πᾶν
2275 4768 2342 4822 τὸ
2372 4767 2837 4837 παρατιθέμενον
2861 4770 3003 4840 ὑμῖν
3015 4772 3266 4825 ἐσθίετε.
3298 4772 3609 4843 Χρημάτων

1936 4858 2119 4928 μέντοι
2164 4858 2348 4911 ἕνεκεν
2394 4856 2593 4927 πολλὴν
2643 4856 2930 4927 ἀκρίϐειαν
2978 4859 3226 4929 ἀπῄτησε
3270 4858 3474 4926 λέγων’
3510 4856 3607 4926 Μὴ

1934 4949 2249 5017 κτήσησθε
2287 4946 2522 5017 χρυσὸν
2549 4948 2585 5016 ἣ
2617 4946 2897 5017 ἄργυρον.
2931 4949 3083 5018 μηδὲ
3125 4950 3360 5019 χαλκὸν
3386 4951 3474 5015 εις
3500 4948 3610 5015 τὰς

1934 5037 2118 5102 ζώνας
2148 5035 2337 5104 ὑμῶν.
2374 5035 2556 5089 Ταῦτα
2584 5037 2639 5089 δὲ
2680 5037 2839 5103 λέγω,
2883 5038 3003 5107 οὐχὶ
3032 5037 3286 5106 νηστείαν
3324 5036 3565 5100 κακίζων
3589 5052 3605 5067 ·

1937 5126 2013 5195 μὴ
2039 5124 2281 5192 γένοιτο·
2316 5124 2450 5177 ἀλλὰ
2490 5125 2584 5177 καὶ
2633 5126 2837 5195 σφόδρα
2884 5126 3154 5178 ἐπαινῶν·
3192 5124 3342 5194 ἀλγῶ
3373 5125 3451 5189 δὲ,
3480 5126 3610 5179 ὅταν

1933 5212 2043 5267 τῶν
2095 5213 2270 5267 ἀλλων
2320 5214 2682 5283 ἠμελημένων
2731 5214 2936 5284 ταύτην
2984 5214 3241 5284 νομίζητε
3284 5215 3475 5285 ἀρκεῖν
3528 5215 3609 5278 είς

1938 5301 2211 5372 σωτηρίαν
2239 5302 2386 5370 ὑμῖν,
2422 5300 2482 5352 τὸ
2516 5300 2741 5371 ἔσχατον
2767 5301 2862 5354 τοῦ
2898 5301 3059 5372 χοροῦ
3086 5301 3186 5371 τῆς
3221 5303 3421 5373 ἀρετῆς
3456 5301 3610 5373 ἔχου-

222 5431 272 5462 ’⁸
307 5428 598 5483 ΗΘΙΚΟΝ.
634 5429 707 5480 Πε
746 5428 770 5480 l
802 5428 909 5479 τῶν
942 5428 1252 5483 ἀποστόλων
1276 5431 1365 5481 καὶ
1397 5430 1612 5483 πάντων
1645 5430 1753 5483 τῶν
1773 5430 1962 5498 ἁγίωνσ
1989 5429 2084 5482 καὶ
2108 5428 2188 5480 6::
2212 5426 2319 5480 ἀπὸ
2348 5426 2463 5496 βίου
2494 5427 2586 5479 καὶ
2615 5427 2814 5498 ἀρετ“ς
2852 5428 3049 5497 μᾶλλον
3094 5428 3363 5499 ἔλαμψαν,
3395 5430 3489 5483 καὶ
3509 5430 3611 5484 οὑκ

222 5500 261 5549 :6
286 5500 661 5549 ναοισμάτων·
692 5448 749 5549 τί
780 5498 889 5549 γὰο
941 5498 1192 5549 μέγιστον
1232 5500 1417 5549 ἀγάπη
1452 5501 1547 5549 καὶ
1596 5499 1957 5549 ὲλετταοσύντπ-
1993 5501 2025 5549 ἢ
2063 5500 2155 5549 καὶ
2198 5496 2491 5549 παρθενίαν
2538 5446 2951 5549 ὑπεοηκὲντισε.
2995 5498 3060 5549 G.
3164 5501 3209 5532 "
3246 5500 3335 5549 Sic
3361 5500 3522 5549 codd.
3553 5509 3610 5549 el

152 5500 261 5579 ἀπὸ
286 5500 661 5579 χαρισμάτων·
692 5496 889 5579 τδηγάρ
940 5498 1192 5579 μέγι-στον
1232 5500 1419 5579 ἀγάπη
1452 5501 1547 5553 καὶ
1596 5496 1957 5579 ἐλεημοσύνη,
1993 5501 2026 5571 ἢ
2063 5500 2155 5551 καὶ
2198 5496 2491 5579 παρθενίαν
2538 5496 2951 5579 ὑιπερηκόντισε.

3164 5501 3209 5532 ’⁸
3246 5500 3335 5553 Sic
3361 5500 3522 5554 codd.
3553 5509 3610 5555 et

154 5566 323 5642 Arni;
351 5566 901 5642 inpatpnaav__lidd}_
944 5566 992 5642 ’ξ
1034 5568 1185 5622 Hauc
1227 5566 1530 5642 ρει-ἰοιίιιηι,
1573 5566 1801 5642 ιιιιὶιιίὶιι
1851 5566 1987 5642 meis
2016 5566 2140 5642 ἰιοιιΔ
2167 5566 2532 5642 ειείοι,-οιιιη
2730 5578 2784 5622 el
2823 5569 2959 5642 Mor.
2998 5570 3217 5642 inclusi.
3256 5568 3377 5624 Vid.
3416 5571 3606 5626 adnol.

152 5644 195 5679 ’⁷
222 5636 671 5701 ἐκϐάλλοντεςϐ.
719 5637 781 5693 Il.
861 5640 905 5669 ⁸⁸
926 5638 1034 5709 τῶν
1066 5655 1175 5692 om.
1206 5640 1303 5693 Ge.
1379 5641 1425 5671 ”
1455 5636 1634 5709 06:03]
1668 5641 1795 5709 alid.

2005 5642 2043 5693 ἱ.
2079 5639 2339 5709 οᾱάκγάρ
2361 5636 2495 5709 E_:ld.
2548 5638 2586 5709 _‘
2627 5638 2941 5709 Clausulam
2969 5642 3063 5693 καὶ
3086 5640 3153 5694 τὰ
3180 5659 3237 5694 π.
3272 5657 3321 5693 τ.
3349 5658 3396 5693 ο.
3419 5658 3471 5693 κ.
3500 5655 3607 5694 non

153 5720 465 5782 agnoseun:
610 5712 760 5761 Arm.
839 5710 858 5739 ’
894 5708 1171 5782 ἀπώλοντο
1196 5710 1259 5763 G.
1290 5709 1425 5782 Mm:
1454 5697 1662 5782 ἀρετῶν
1701 5697 1811 5782 Εύᾴ

2037 5697 2253 5782 οιιιηϐί
2389 5704 2558 5782 Ἄρα]
2592 5708 2828 5782 πάδη-μὴ
2857 5710 2920 5766 G.
2998 5712 3020 5743 ⁸
3046 5709 3368 5782 καταλήγει]
3393 5710 3518 5782 ιιιιιί.
3550 5708 3611 5763 :6

153 5776 309 5844 τέλος
339 5778 465 5835 Sav.
500 5778 631 5832 Ben.
666 5781 1041 5850 consentiente
1081 5778 1212 5850 Reg.
1242 5780 1364 5835 688.
1403 5776 1713 5836 Laelionem
1752 5781 1820 5835 M:

2005 5795 2121 5834 nam
2161 5776 2409 5833 ἐντεῦθεν
2446 5776 2844 5850 ἐίχειίιὺ-τέλος,
2880 5782 2974 5834 καὶ
3000 5784 3079 5844 είς
3100 5776 3607 5850 τοῦτοκαταλήγει,

154 5854 423 5923 exhibent
444 5850 513 5923 ις,
544 5857 599 5902 el
623 5848 802 5923 ρετ-μ.
836 5849 1009 5923 Υοτὺιι
1028 5850 1100 5923 οὶ)
1115 5847 1387 5923 ῥιῐσιςτιιιιη
1426 5852 1609 5906 sedem
1638 5868 1820 5922 suspe:

2005 5867 2057 5923 n1
2084 5850 2477 5923 alperoncodice
2499 5847 2753 5923 :jelevi.__
2771 5853 2791 5882 ⁶
2818 5852 2932 5923 τὸν]
2963 5852 3075 5923 τῶν
3087 5868 3169 5921 pr.
3188 5851 3254 5906 G.
3294 5853 3387 5923 τὸν
3410 5847 3517 5923 τῶ)

156 5939 209 6023 9.-
232 5917 783 6023 Ρί..δξ9λῖίὶιὲῖρνίέλ.¹ξς.
798 5917 1820 6023 ..ινξικρὲχηιὲ·ηίὲι·.νεκεοῑίεεῑίὶρξζειέ

2005 5919 2229 5985 ἐξελέξω
2250 5917 2321 6003 H;
2392 5919 2412 5948 ⁹
2433 5917 2534 6023 av].
2554 5918 2689 5971 αὐτὸ
2706 5918 2842 5977 Mor.
2870 5917 2999 5976 Βίιη.
3030 5917 3145 5974 Min
3173 5921 3452 5974 ἐπεσπᾶτο
3473 5918 3606 5975 Edd.

2038 5993 2078 6023 κ
2190 5992 2232 6022 II
2254 5988 2431 6023 Ωιι-νο.ιῖ
2471 6006 2515 6023 σι.
2542 5992 2570 6023 ,1
2623 5988 2733 6023 νᾹΛ
2765 5994 2807 6023 ιι
2910 5994 2953 6023 II
2982 5992 3086 6023 νηὶ
3126 5993 3224 6023 ’.εἰν
3261 5988 3371 6023 ΒΖΜ

160 5988 203 6023 δ’
232 5988 325 6045 τὸν
356 5988 783 6063 χόρτονΙχόρτον
798 5988 888 6044 τὸν
922 5988 1002 6044 ϐ(
1022 5991 1113 6044 τὸν
1138 5990 1330 6048 οω.11.

1410 5988 1451 6023 ίι
1478 5988 1827 6064 φιλόστοργος
1856 5989 1923 6065 ᾖς
1951 5994 2018 6047 Π.
2038 5993 2107 6048 K.
2190 5992 2232 6022 "
2254 5988 2431 6061 Οὕτω]
2470 5988 2592 6046 add.
2623 5988 2733 6057 γὰρ
2762 5994 2829 6050 Π.
2910 5994 2953 6025 ⁸³
2980 5992 3091 6046 Kal
3126 5993 3227 6046 οὑκ
3259 5988 3395 6045 Ειίιι.
