3908 6198
441 248 544 305 185

436 365 614 433 Quare
657 362 820 420 etiam
867 378 988 419 cum
1031 362 1158 419 alibi
1184 363 1365 435 (Joan.
1387 368 1440 420 4.
1466 365 1555 434 37)
1582 365 1835 431 dixisset,
1858 364 2020 418 alium

434 471 557 512 esse
585 456 674 526 qui
700 455 948 521 seminat,
978 455 1139 510 alium
1165 456 1254 526 qui
1281 456 1453 521 metit,
1484 455 1569 509 hic
1619 455 1747 510 dicit
1796 470 1855 510 se
1899 470 2022 508 eum

432 547 523 619 qui
568 548 797 602 seminat
837 548 994 602 esse?
1053 548 1185 615 Quia
1226 548 1297 600 ibi
1331 549 1409 602 sic
1447 547 1778 617 loquebatur,
1812 554 1872 601 ut
1914 561 2020 601 nou

432 642 555 706 sibi,
579 639 674 695 sed
702 649 759 695 ut
786 640 1061 710 pr0phetis
1089 640 1358 709 apostolos
1385 648 1737 709 compararet,
1761 640 1873 693 sive
1898 654 2020 693 cum

430 732 668 797 Judzeos,
713 732 827 787 sive
871 747 991 786 cum
1039 732 1403 787 Samaritanos
1448 732 1835 801 alloquebatur.
1885 729 2018 783 Nam

382 844 385 845 '
429 825 590 879 etiam
631 839 724 893 per
766 824 1053 893 prophetas
1094 823 1206 889 ipse
1245 822 1561 877 seminabat.
1600 822 1694 877 Est
1720 832 1894 876 autem
1929 821 2018 875 ubi

430 931 659 972 messem
684 924 739 971 et
765 931 946 970 semen
979 914 1205 983 idipsum
1232 914 1394 981 dicat,
1428 913 1721 971 secundum
1749 913 2018 969 diversam

430 1009 690 1065 rationem
717 1008 796 1062 sic
820 1007 1114 1076 appellans.

499 1103 554 1157 Ξ.
609 1100 740 1155 Nam
796 1097 1011 1168 quando
1070 1098 1428 1166 obsequentes
1479 1095 2015 1174 obtemperantesquc

428 1195 701 1252 auditores
743 1191 904 1254 dicit,
941 1204 1169 1242 messem
1202 1198 1387 1252 vocat,
1432 1197 1489 1240 ut
1523 1204 1637 1241 rem
1668 1202 2014 1242 consumma-

429 1295 535 1342 tam
587 1283 826 1339 declaret
855 1299 868 1334 :
900 1280 1111 1349 quando
1154 1288 1333 1332 autem
1363 1278 1589 1332 fructum
1622 1278 2014 1346 praedicationis

426 1380 650 1450 quaerit,
681 1391 863 1432 semen
908 1384 961 1428 et
996 1388 1226 1428 messem
1282 1372 1451 1441 ipsam
1492 1372 2010 1425 consummationem

426 1471 675 1540 appellat.
719 1468 783 1522 Et
824 1465 1093 1532 quomodo
1137 1464 1298 1519 etiam
1346 1462 1471 1517 alibi
1504 1461 1650 1527 dicit,
1694 1462 1855 1516 Primi
1883 1462 2010 1530 juSIi

425 1560 744 1632 rapiuntur?
806 1559 1105 1625 Rapiuutur
1180 1554 1394 1626 quidem
1466 1555 1623 1624 primi
1687 1555 2012 1610 adveniente

423 1648 673 1716 Christo;
722 1650 1001 1705 traduntur
1043 1657 1219 1703 autem
1249 1647 1335 1702 isti
1382 1646 1643 1716 supplicio
1662 1688 1676 1711 ,
1702 1655 1756 1701 et
1784 1655 1908 1700 tunc
1937 1647 2009 1700 illi

426 1745 491 1799 ad
524 1759 748 1815 regnum
779 1743 1031 1797 cadorum
1059 1739 1492 1810 proficiscuntur.
1519 1736 1652 1803 Quia
1669 1736 1810 1791 enim
1835 1736 2009 1805 justus

410 1836 478 1890 in
508 1836 641 1889 caelo
666 1849 788 1888 esse
821 1841 1068 1901 Oportet,
1098 1831 1150 1884 in
1182 1837 1375 1884 terram
1401 1836 1576 1882 autem
1612 1828 1725 1897 ipse
1753 1835 2008 1881 venturus

421 1935 538 1990 est,
564 1926 632 1980 de
658 1924 905 1979 omnibus
938 1921 1240 1976 hominibus
1266 1920 1596 1989 iudicaturus
1618 1960 1633 1982 ,
1669 1918 2008 1973 sententiam-

422 2034 526 2089 que
552 2018 757 2071 laturus
790 2035 803 2070 :
833 2016 981 2085 quasi
1009 2031 1101 2069 rex
1129 2027 1354 2083 surgens
1382 2027 1504 2067 cum
1537 2011 1729 2066 amicis
1756 2013 1889 2077 suis,
1912 2026 2006 2065 eos

421 2097 490 2165 ad
528 2111 734 2165 beatam
767 2108 910 2162 illam
938 2116 1135 2161 sortem
1160 2106 1417 2160 ducturus
1446 2112 1544 2159 est.
1599 2103 1783 2158 Vitlen’
1807 2103 2003 2173 duplex

420 2201 537 2256 lore
562 2200 903 2270 supplicium.
933 2207 1042 2253 tum
1074 2197 1216 2267 quod
1243 2198 1646 2261 comburantur,
1672 2204 1783 2249 tum
1810 2195 1949 2265 quod
1970 2211 2002 2267 a

419 2292 586 2364 gloria
611 2292 696 2345 illa
723 2289 1007 2356 excidant?
1040 2289 1145 2345 Sed
1174 2304 1281 2367 cur
1297 2288 1534 2353 demum,
1565 2287 1669 2341 illis
1699 2287 2002 2342 recedenti-

417 2383 520 2439 bus
540 2426 557 2452 ,
588 2384 715 2453 ipsis
745 2383 905 2438 etiam
937 2381 1194 2451 apostolis
1238 2380 1289 2435 in
1333 2379 1597 2449 parabolis
1617 2378 1880 2449 loquitur?
1906 2377 2003 2433 Sa-

416 2474 708 2545 pientiores
742 2488 808 2527 ex
845 2487 1005 2541 supra
1031 2471 1186 2525 dictis
1216 2470 1388 2525 effecti
1411 2510 1426 2535 ,
1461 2479 1585 2523 tunc
1618 2470 1999 2539 intelligebant.

414 2564 550 2620 Hinc
576 2580 693 2620 cum
724 2563 943 2618 dixisset
960 2563 1063 2617 illis
1085 2573 1297 2633 postea:
1320 2560 1649 2616 Intellexistis
1672 2566 1776 2615 Iuec
1790 2560 1959 2614 omnia
1978 2561 2003 2613 ?

414 2658 587 2714 dicunt
616 2659 681 2724 ei,
713 2657 913 2723 Etiam,
942 2656 1159 2711 Domine
1198 2655 1405 2727 (Matth.
1427 2656 1513 2710 15.
1544 2651 1656 2724 51).
1687 2654 1775 2709 Sic
1814 2663 1867 2708 et
1902 2652 2003 2708 hoc

419 2766 542 2806 eum
569 2750 687 2804 aliis
716 2749 893 2803 effecit
938 2748 1218 2819 parabola,
1252 2756 1310 2802 ut
1349 2746 1767 2817 perspicaciores
1808 2744 2001 2800 deinde

414 2849 613 2896 essent.
645 2840 782 2908 Quid
810 2840 970 2910 igitur
994 2846 1116 2909 post
1143 2837 1258 2893 haec
1289 2836 1452 2891 dicit?
1480 2837 1566 2891 44.
1602 2836 1783 2891 Simile
1820 2846 1892 2890 est
1915 2853 1999 2890 re-

413 2950 568 3005 gnum
598 2931 837 2987 (telorum
876 2932 1110 2986 thesauro
1137 2930 1430 2985 abscondito
1457 2932 1511 2984 in
1539 2946 1661 3007 agro
1681 2946 1700 2985 :
1720 2947 1865 3000 quem
1887 2947 2001 2985 cum

411 3026 598 3079 inuenit
627 3025 776 3078 homo
804 3024 1087 3088 abscondit,
1116 3032 1161 3077 et
1182 3038 1289 3093 pra:
1313 3022 1500 3093 gaudio
1529 3020 1666 3077 illius
1695 3023 1999 3077 vendituni-

410 3133 554 3171 versa
576 3131 691 3186 qua!
716 3116 883 3181 habet,
912 3124 957 3168 et
985 3115 1099 3169 emit
1121 3131 1299 3185 agrum
1320 3113 1485 3167 illum.
1505 3114 1593 3169 45.
1621 3113 1815 3168 lterum
1835 3115 2001 3170 simile

410 3216 483 3262 est
504 3223 712 3279 regnum
742 3206 980 3261 caelorum
1004 3206 1303 3276 negotiatori
1337 3206 1578 3274 quwrenti
1609 3206 1762 3259 bonas
1792 3223 1997 3278 marga-

408 3304 551 3352 ritas.
582 3297 671 3353 46.
703 3296 918 3352 Inventa
938 3308 1107 3352 autent
1136 3313 1237 3350 una
1266 3298 1484 3367 pretiosa
1512 3297 1791 3367 margarita
1810 3338 1826 3361 ,
1850 3298 1994 3366 abiit,

408 3399 455 3444 et
478 3388 699 3444 vendidit
724 3389 957 3443 universa
976 3404 1089 3459 qua:
1112 3388 1306 3449 habuit,
1335 3396 1383 3441 et
1418 3389 1536 3441 emit
1565 3404 1695 3441 eam.
1729 3387 1997 3456 Quemad-

408 3478 627 3535 modum
662 3479 769 3534 illic
800 3494 1023 3549 granum
1073 3478 1325 3533 frumenti
1355 3488 1409 3533 et
1454 3478 1776 3535 fermentum
1811 3496 1997 3551 parum

407 3573 548 3629 inter
584 3587 644 3627 se
694 3571 949 3627 diﬂ‘erunt
980 3589 992 3626 :
1023 3572 1100 3627 sic
1149 3580 1204 3625 ct
1251 3571 1354 3626 hoc
1407 3570 1526 3625 loco
1572 3571 1693 3626 dua:
1735 3573 1998 3642 parabola:

409 3666 647 3721 thesauri
672 3675 724 3720 et
757 3666 1077 3735 margaritae.
1111 3664 1240 3719 Nam
1271 3679 1367 3734 per
1394 3674 1675 3733 utrumque
1703 3664 1807 3721 hoc
1830 3666 1998 3736 signi-

407 3757 619 3821 ﬁcatur,
643 3764 893 3827 oportere
907 3755 1340 3826 prtedicatiouem
1366 3756 1614 3810 omnibus
1642 3766 1994 3825 anteponere.

409 3850 478 3905 Et
508 3850 613 3904 illa:
650 3847 865 3918 quidem
902 3847 1145 3902 fermenti
1190 3856 1244 3902 et
1271 3847 1470 3915 sinapis
1510 3846 1776 3915 parabola:
1800 3846 1866 3901 ad
1889 3847 1997 3901 vim

407 3940 804 4012 praedicationis
829 3940 1133 4009 pertinent,
1167 3938 1440 4008 ipsamque
1468 3946 1636 3993 totum
1660 3938 1848 3995 orbem
1873 3954 1997 3995 esse

403 4040 776 4103 superaturam
806 4030 1041 4084 indicant
1072 4046 1087 4084 ς
1121 4028 1201 4082 lue
1232 4036 1409 4082 autem
1435 4028 1557 4083 dure
1584 4029 1852 4098 parabola:
1879 4030 1996 4101 ejus

402 4125 633 4195 pretium
662 4133 716 4178 et
752 4122 1060 4192 dignitatem
1091 4121 1385 4175 declarant.
1440 4120 1761 4177 Extenditur
1800 4124 1997 4195 quippe

402 4218 490 4274 illa
517 4226 576 4271 ut
615 4215 785 4285 sinapi
812 4256 826 4278 ,
856 4221 1074 4282 superat
1104 4220 1163 4266 ut
1204 4212 1545 4278 fermentum,
1574 4213 1804 4282 pretiosa
1832 4224 1915 4269 est
1942 4224 2000 4269 ut

402 4308 709 4381 margarita,
739 4307 1016 4361 innumera
1046 4303 1249 4374 praebet
1274 4301 1555 4358 commoda
1623 4313 1679 4358 et
1707 4312 1952 4359 ornatum
1977 4348 1994 4373 ,

405 4410 462 4456 ut
493 4400 798 4454 thesaurus.

475 4492 788 4546 Renuntiare
816 4487 1047 4543 omnibus
1094 4495 1167 4540 est
1211 4485 1506 4556 negotiatio,
1540 4500 1640 4538 non
1669 4485 1899 4556 jactura.
1926 4515 1997 4526 —

405 4586 591 4657 Neque
621 4584 673 4638 id
701 4583 875 4638 solum
903 4581 991 4636 hic
1017 4580 1295 4647 discimus,
1325 4579 1575 4633 omnibus
1597 4592 1655 4633 se
1679 4593 1878 4635 exuere
1901 4593 1997 4649 par

402 4694 551 4739 esse,
579 4691 641 4731 ac
664 4673 1025 4745 praedicationi
1059 4672 1264 4726 lnererc
1289 4688 1304 4737 ;
1332 4669 1427 4725 sed
1450 4670 1610 4723 etiam
1639 4669 1690 4724 id
1717 4684 1839 4725 cum
1870 4684 1999 4739 gau-

399 4772 491 4827 dio
516 4785 635 4828 esse
668 4766 989 4823 faciendum.
1017 4765 1176 4820 Certe
1204 4765 1249 4818 is
1268 4806 1283 4828 ,
1313 4762 1403 4832 qui
1431 4762 1676 4817 omnibus
1705 4762 1993 4829 renuntiat,

396 4866 531 4920 sciat
564 4870 778 4934 oportet
808 4902 823 4924 ,
851 4875 963 4915 rem
993 4859 1135 4913 illam
1158 4872 1279 4912 esse
1305 4856 1715 4925 negotiationem
1738 4896 1754 4919 ,
1783 4870 1888 4909 non
1908 4854 1993 4924 ja-

402 4967 630 5011 cturam.
682 4952 867 5007 Viden’
911 4948 1179 5020 quomodo
1230 4946 1535 5018 praedicatio
1580 4946 1633 5000 in
1677 4946 1877 4999 mundo
1928 4946 1997 5000 sit

408 5048 614 5103 occulta
636 5088 653 5112 ,
682 5054 737 5100 et
766 5044 817 5099 in
851 5043 1227 5114 prtedicatioue
1264 5048 1393 5110 quot
1434 5041 1543 5094 sint
1574 5039 1752 5094 bona?
1787 5040 1865 5094 Ac
1892 5040 1993 5095 nisi

405 5139 583 5194 omnia
608 5135 932 5201 vendideris,
957 5150 1062 5189 non
1085 5133 1219 5188 emis
1246 5132 1389 5185 illam
1439 5149 1454 5186 :
1485 5131 1599 5201 nisi.
1614 5131 1841 5186 sollicito
1872 5131 1995 5185 ani-

404 5245 492 5285 mo
514 5228 810 5299 quaesieris,
828 5243 933 5282 non
962 5225 1189 5281 invenis.
1214 5224 1326 5278 Duo
1349 5224 1508 5293 igitur
1523 5224 1823 5278 necessaria
1845 5233 1990 5292 sunt,

396 5320 732 5378 smculariusn
781 5336 960 5376 rerum
1010 5318 1296 5380 abdicatio.
1344 5326 1397 5372 ct
1441 5332 1647 5371 summa
1700 5316 1991 5387 vigilantia.

393 5404 525 5468 Nam
552 5413 628 5465 ait
653 5428 666 5464 :
701 5410 956 5476 Quwrenti
979 5409 1135 5465 bonas
1159 5409 1461 5479 margaritas
1485 5423 1503 5461 :
1523 5408 1723 5461 inventa
1744 5424 1845 5461 una
1872 5423 1991 5479 pre-

394 5505 544 5570 tiosa,
570 5503 788 5557 uendidit
815 5503 1006 5569 omnia,
1026 5513 1073 5558 et
1090 5503 1209 5557 emit
1238 5518 1368 5556 eam.
1405 5500 1521 5557 Una
1549 5503 1748 5572 quippe
1778 5510 1860 5556 est
1900 5518 1990 5557 ve-

392 5596 546 5660 ritas,
574 5608 673 5649 nec
699 5595 750 5649 in
781 5602 969 5664 partes
990 5593 1180 5648 divisa.
1213 5594 1290 5646 Ac
1324 5591 1463 5645 sicut
1501 5591 1547 5645 is
1580 5592 1670 5660 qui
1726 5592 1988 5661 margari-

398 5697 505 5745 tam
531 5686 691 5745 habet
713 5726 730 5756 ,
757 5687 905 5743 novit
931 5686 1044 5756 ipse
1072 5700 1131 5741 se
1159 5684 1379 5740 divitem
1413 5696 1535 5739 esse
1558 5698 1574 5750 ;
1598 5696 1740 5756 saepe
1764 5690 1941 5738 autem
1962 5722 1981 5751 ,

1209 244 1266 301 S.
1306 243 1584 304 JOANNIS
1608 242 2079 301 CIIRYSOSTOMI
2120 246 2434 305 ARCHIEP.
2473 252 3006 314 CONSTANTINOP.
3270 220 3280 230 .
3611 263 3695 320 186

2132 365 2255 421 licet
2298 369 2444 424 illam
2485 387 2644 427 manu
2678 383 2873 440 teneat,
2898 376 2949 430 id
2979 375 3100 431 aliis
3125 384 3209 431 est
3237 375 3510 448 ignotum;
3540 394 3693 449 neque

2129 458 2272 512 enim
2316 461 2459 516 mole
2486 464 2729 533 corporis
2758 465 2979 536 insignis
3007 477 3090 521 est
3117 482 3131 518 :
3161 465 3239 520 sic
3273 476 3327 521 et
3371 467 3425 520 in
3454 467 3694 536 praedica-

2130 546 2275 602 tione
2296 590 2310 614 ,
2343 551 2432 618 qui
2465 550 2610 605 illam
2658 562 2875 619 tenent,
2906 569 2965 609 se
2996 554 3186 610 divites
3216 569 3334 609 esse
3360 564 3593 621 norunt,
3620 557 3692 610 iu-

2124 638 2326 692 crednli
2358 651 2536 695 autem
2566 641 2871 698 thesaurum
2903 643 3207 715 bujusmodi
3238 644 3546 716 ignorantes
3570 688 3584 710 ,
3614 662 3695 700 no-

2125 737 2265 783 stras
2294 731 2417 785 item
2460 731 2671 787 divitias
2701 735 2964 789 nesciunt.
3021 735 3219 791 Deinde
3249 752 3316 791 ne
3340 736 3687 806 praedicationi

2126 830 2329 876 tantum
2354 822 2582 879 fidamus
2600 868 2616 891 ,
2645 842 2779 881 neve
2805 837 3051 897 putemus
3075 831 3244 883 solam
3273 830 3431 886 fidem
3461 831 3528 886 ad
3556 833 3689 887 salu-

2124 920 2230 966 tem
2286 914 2439 968 nobis
2477 915 2762 980 sufficere,
2791 918 2950 972 aliam
2982 919 3273 974 terribilem
3298 920 3453 975 ell'ert
3480 923 3693 991 parabo—

2120 1004 2246 1057 lam.
2277 1004 2531 1070 Quaenam
2582 1007 2670 1062 illa
2708 1009 2828 1064 est?
2850 1010 2940 1064 47.
2970 1009 3191 1080 Sagena:
3219 1013 3488 1081 parabola.
3529 1013 3696 1069 Simile

2118 1103 2191 1148 est
2220 1111 2427 1166 regnum
2450 1098 2687 1152 ctelorum
2715 1116 2915 1170 sagena:
2942 1103 3107 1157 misste
3132 1104 3184 1156 in
3210 1120 3366 1170 mare,
3397 1113 3445 1159 et
3469 1122 3535 1159 ea:
3563 1109 3691 1160 omni

2118 1203 2296 1257 genere
2328 1188 2538 1258 piscium
2562 1193 2885 1262 congreganti
2909 1209 2927 1247 :
2960 1193 3051 1248 48.
3080 1211 3227 1263 quam
3248 1195 3509 1251 educentes
3544 1198 3610 1250 ad
3635 1200 3693 1252 li-

2120 1286 2200 1330 tus
2222 1279 2395 1342 maris,
2427 1281 2673 1342 sedentes,
2706 1292 2752 1334 et
2778 1282 3065 1353 colligentes
3090 1283 3244 1340 bonos
3268 1284 3320 1338 in
3342 1302 3427 1338 vas
3443 1287 3688 1357 jecerunt,

2116 1367 2278 1423 malos
2296 1380 2458 1423 autem
2487 1372 2624 1441 foras
2650 1373 2905 1426 miserunt.
2942 1374 2997 1428 In
3019 1390 3123 1444 quo
3143 1374 3319 1430 diﬂ'ert
3345 1377 3458 1431 hanc
3488 1394 3517 1431 a
3550 1394 3693 1446 para-

2118 1457 2235 1511 bola
2259 1459 2620 1515 zizaniorum?
2650 1461 2778 1515 Nam
2805 1473 2857 1518 et
2879 1464 2987 1518 illic
3012 1466 3100 1519 alii
3130 1477 3411 1521 servantur
3436 1510 3450 1534 ,
3474 1467 3566 1521 alii
3583 1482 3687 1535 per.

2113 1556 2279 1615 eunt;
2343 1552 2435 1606 sed
2467 1552 2575 1607 illic
2598 1554 2667 1608 ob
2692 1569 2973 1624 pravorum
3005 1555 3312 1628 dogmatnm
3327 1559 3573 1614 hiBI'OSilll
3604 1573 3691 1617 :et

2113 1640 2201 1710 qui
2227 1651 2351 1695 ante
2388 1654 2788 1711 memorantur,
2811 1648 2933 1717 quia
2973 1647 3133 1703 dictis
3160 1649 3562 1718 prtedicautium
3594 1668 3691 1707 non

2111 1732 2423 1798 attendunt;
2454 1733 2506 1787 hi
2537 1750 2665 1790 vero
2681 1736 2751 1791 ob
2778 1740 3092 1793 sceleratam
3125 1740 3307 1805 vitam,
3336 1743 3424 1812 qui
3453 1744 3687 1799 outnium

2112 1825 2400 1880 miserrimi
2428 1836 2572 1893 sunt,
2608 1838 2789 1898 utpote
2814 1831 2904 1900 qui
2946 1831 2998 1884 in
3030 1833 3273 1887 notitiam
3306 1837 3548 1890 veritatis
3576 1852 3693 1907 pcr-

2110 1916 2455 1982 venerint,et
2499 1918 2550 1971 in
2595 1929 2709 1974 rete
2746 1921 3060 1990 piscantium
3100 1924 3411 1987 inciderint,
3437 1943 3499 1981 ac
3532 1945 3710 2000 neque.

2108 2006 2187 2059 sic
2215 2007 2438 2063 salutem
2469 2011 2722 2080 consequi
2746 2013 3031 2080 potuerint.
3059 2012 3387 2085 Quamquam
3405 2018 3532 2071 alibi
3555 2018 3692 2073 dicat

2110 2097 2280 2167 ipsum
2312 2109 2579 2170 pastorem
2606 2117 2916 2174 segregasse
2937 2121 3084 2168 oves,
3121 2106 3207 2162 hic
3232 2107 3362 2163 dicit
3388 2112 3609 2179 angelos
3640 2112 3689 2167 id

2109 2188 2283 2245 facere
2306 2230 2321 2257 ,
2344 2199 2403 2244 ut
2428 2200 2482 2246 et
2515 2191 2567 2246 in
2599 2193 2921 2249 zizaniorum
2952 2196 3199 2265 parabola
3231 2193 3442 2269 (Matth.
3465 2200 3555 2255 25.
3580 2202 3689 2273 32).

2104 2280 2243 2350 Quid
2267 2295 2394 2351 ergo
2427 2283 2754 2338 dicendum?
2788 2286 3085 2356 Aliquando
3112 2286 3417 2354 demissius,
3451 2291 3690 2362 aliquan-

2105 2369 2177 2424 do
2204 2371 2483 2428 sublimius
2511 2374 2639 2445 ipsis
2672 2375 2922 2445 loquitur.
2973 2376 3122 2433 Hauc
3150 2393 3310 2447 porro
3344 2395 3444 2434 nec
3472 2396 3685 2452 rogatus

2107 2465 2413 2534 parabolam
2467 2477 2657 2537 sponte
2710 2470 3088 2539 interpretatur
3144 2489 3157 2525 :
3210 2486 3276 2526 ex
3313 2482 3461 2541 parte
3518 2477 3689 2529 solum

2105 2558 2390 2627 explicavit
2418 2559 2586 2623 illam,
2618 2570 2672 2613 et
2697 2560 2939 2616 timorem
2972 2562 3136 2617 auxit.
3159 2563 3233 2618 Ne
3249 2567 3389 2619 enim
3420 2576 3697 2636 postquam

2106 2648 2319 2713 audisti,
2353 2650 2522 2704 malos
2546 2649 2748 2719 eiectos
2776 2650 2938 2708 fuisse
2964 2652 3107 2708 foras
3126 2695 3142 2718 ,
3172 2656 3289 2711 sine
3315 2658 3550 2726 periculo
3581 2676 3692 2714 rem

2106 2756 2228 2797 esse
2266 2751 2502 2812 putares,
2540 2743 2977 2814 interpretatione
3015 2761 3109 2800 sua
3156 2748 3474 2817 supplicium
3506 2752 3699 2805 extulit

2105 2833 2306 2897 dicens,
2343 2834 2545 2889 Mittent
2580 2852 2663 2890 eos
2686 2837 2739 2889 in
2768 2838 3021 2891 caminum
3047 2839 3213 2909 ignis;
3244 2842 3529 2897 stridorem
3558 2844 3695 2899 deu-

2107 2927 2235 2981 tinm
2268 2942 2571 2982 memorans
2601 2928 3028 3001 ineﬂ‘abilemque
3055 2931 3318 2987 dolorem.
3348 2934 3535 2989 Videu’
3563 2947 3695 3006 quot

2103 3017 2171 3072 ad
2198 3018 2484 3088 perniciem
2511 3020 2650 3073 viai?
2683 3019 2783 3075 Per
2805 3031 3030 3091 petram,
3064 3037 3155 3092 per
3186 3025 3388 3093 spinas,
3420 3043 3514 3096 per
3533 3028 3696 3096 viam,

2106 3123 2202 3178 per
2224 3108 2450 3169 zizania.
2481 3125 2577 3180 per
2602 3126 2874 3181 sagenam.
2913 3113 3028 3168 Non
3057 3130 3184 3185 ergo
3213 3116 3479 3173 immerito
3511 3120 3650 3175 dixit
3680 3139 3695 3175 :

2102 3203 2235 3258 Lata
2254 3213 2325 3258 est
2352 3206 2430 3258 via
2452 3221 2566 3277 qute
2586 3206 2723 3261 ducit
2750 3208 2819 3260 ad
2838 3208 3167 3278 perditionem
3190 3252 3204 3273 ,
3228 3221 3275 3265 et
3296 3213 3439 3266 multi
3466 3224 3585 3267 sunt
3611 3215 3699 3284 qui

2102 3295 2454 3367 ingrediuntur
2494 3314 2582 3368 per
2621 3313 2732 3351 eam
2774 3297 2986 3368 (Matth.
3037 3301 3090 3353 7.
3124 3302 3234 3371 l3).
3270 3302 3392 3357 llaec
3415 3320 3546 3375 ergo
3573 3320 3697 3359 cum

2101 3390 2344 3457 dixisset,
2391 3406 2454 3445 ac
2501 3392 2721 3446 terribili
2769 3392 2928 3446 modo
2983 3393 3143 3449 linem
3190 3395 3400 3450 dicendi
3455 3396 3696 3464 fecisset,

2103 3484 2326 3554 haecque
2357 3484 2503 3553 plura
2532 3483 2818 3553 adjecisset
2848 3484 3068 3555 (diutius
3094 3486 3235 3541 enim
3272 3488 3322 3540 in
3369 3488 3473 3542 illis
3514 3504 3700 3544 mora-

2104 3586 2188 3630 tus
2208 3575 2338 3645 est),
2358 3575 2433 3629 ait
2461 3592 2473 3627 :
2507 3574 2597 3631 51.
2630 3574 2961 3630 lntellexistis
2992 3576 3098 3631 hinc
3141 3578 3311 3631 omnia
3332 3578 3358 3631 ?
3385 3578 3572 3634 Dicunt
3604 3582 3653 3635 ei
3678 3599 3697 3635 :

2104 3666 2304 3732 Etiam,
2336 3665 2573 3721 Domine.
2608 3666 2737 3721 Post
2768 3667 2901 3731 bare,
2940 3668 3063 3734 quia
3102 3668 3520 3736 intellexerunt,
3551 3671 3701 3741 ipsos

2103 3761 2285 3816 laudat
2315 3760 2399 3815 bis
2422 3761 2621 3815 verbis.
2654 3761 2743 3816 5‘2.
2775 3760 2899 3816 Ideo
2928 3763 3091 3816 onmis
3114 3763 3278 3817 scriba
3317 3765 3496 3819 doctus
3522 3766 3575 3819 in
3607 3784 3698 3821 re-

2103 3868 2201 3921 gno
2220 3851 2479 3917 calorum,
2508 3851 2689 3905 similis
2713 3861 2787 3904 est
2813 3852 3003 3905 homini
3023 3853 3165 3919 patri
3186 3854 3430 3923 familias,
3458 3856 3544 3926 qui
3569 3872 3699 3925 pro-

2103 3946 2201 4013 fert
2225 3942 2288 3995 de
2308 3942 2542 3996 thesauro
2568 3957 2661 3995 suo
2691 3958 2819 3995 nova
2863 3950 2909 3995 et
2946 3952 3131 3995 vetera.
3180 3942 3304 3999 Ideo
3326 3944 3451 3998 alibi
3479 3960 3702 4014 quoque

2102 4032 2180 4088 ait
2209 4050 2224 4086 :
2249 4032 2455 4087 Mittam
2477 4032 2546 4085 ad
2594 4048 2679 4086 vos
2704 4033 2954 4102 sapientes
2979 4042 3024 4086 et
3045 4031 3460 4101 scribasﬂfatth.
3476 4033 3698 4102 εἵκω).

2174 4127 2227 4181 5.
2257 4124 2644 4194 Scripturarum
2686 4123 2829 4177 lectio
2857 4125 3257 4178 commendatur.
3298 4124 3575 4180 Humilitas
3602 4144 3700 4180 ca-

2102 4226 2194 4288 put
2232 4218 2449 4272 virtutis.
2475 4247 2547 4257 —
2572 4216 2735 4272 Vides
2772 4216 3043 4287 quomodo
3083 4232 3188 4270 non
3240 4218 3489 4273 excludat
3531 4220 3701 4273 Vetus

2102 4308 2525 4373 Testamentum,
2552 4307 2644 4363 sed
2684 4308 2860 4377 potius
2902 4307 3083 4362 laudet
3111 4320 3167 4362 et
3186 4310 3441 4373 celebret,
3475 4310 3704 4365 thesau-

2103 4415 2225 4455 rum
2254 4400 2490 4455 vocans?
2531 4398 2709 4469 Itaque
2748 4408 3008 4469 quotquot
3049 4399 3345 4453 divinarum
3381 4399 3701 4470 Scriptura-

2102 4505 2223 4546 rum
2270 4490 2500 4559 imperiti
2527 4498 2669 4550 sunt.
2699 4503 2804 4542 non
2846 4498 3027 4557 patres
3075 4488 3303 4543 familias
3346 4489 3565 4555 fuerint,
3604 4492 3703 4562 qui

2102 4595 2278 4651 neque
2301 4580 2501 4635 habent
2524 4580 2644 4648 ipsi,
2677 4593 2777 4633 nec
2798 4577 2867 4633 ab
2888 4578 3006 4633 aliis
3033 4580 3321 4647 accipiunt,
3341 4580 3436 4635 sed
3462 4595 3524 4635 se
3552 4582 3704 4637 fame

2104 4680 2389 4743 pereuntes
2423 4671 2712 4741 negligunt.
2740 4669 2848 4725 Nec
2874 4668 3034 4724 modo
3064 4669 3184 4739 ipsi,
3209 4669 3303 4725 sed
3333 4671 3493 4725 etiam
3524 4671 3707 4725 hatre-

2104 4765 2192 4820 tici
2213 4772 2461 4835 expertes
2489 4772 2615 4818 sunt
2641 4761 2795 4830 huius
2824 4760 3185 4817 beatitudinis.
3229 4761 3344 4817 Non
3372 4764 3514 4817 enim
3564 4778 3704 4832 pro-

2101 4858 2281 4914 ferunt
2308 4872 2447 4913 nova
2475 4864 2529 4911 et
2555 4854 2903 4911 vetera.N.im
2933 4870 3053 4909 cum
3080 4864 3257 4910 vetera
3289 4870 3396 4910 non
3428 4856 3696 4923 habeant,

2101 4966 2202 5005 nec
2222 4963 2362 5004 nova
2383 4947 2582 5002 habere
2604 4954 2858 5015 possunt:
2880 4946 3327 5015 quemadmodum
3361 4947 3523 5001 etiam
3545 4948 3576 4999 ii
3604 4948 3703 5017 qni

2103 5056 2238 5096 nova
2267 5054 2372 5095 nou
2400 5038 2618 5104 habent,
2638 5037 2906 5091 veteribus
2931 5052 3141 5106 quoque
3160 5046 3367 5104 carent,
3386 5038 3482 5092 sed
3531 5040 3704 5095 utris-

2100 5151 2203 5206 que
2245 5134 2520 5206 privantur
2554 5149 2568 5186 :
2612 5130 2728 5186 haec
2754 5131 2898 5186 enim
2931 5138 3111 5183 mutuo
3153 5130 3467 5200 colligantur
3492 5143 3545 5186 et
3567 5147 3707 5185 con-

2100 5236 2411 5284 nectuntur.
2459 5224 2753 5281 Audiamus
2799 5225 2973 5292 itaque
3000 5232 3259 5294 quotquot
3288 5224 3700 5296 Scripturarum

2100 5319 2383 5375 lectionem
2427 5315 2765 5385 negligimus,
2812 5325 3067 5384 quantum
3110 5315 3375 5383 patiamur
3408 5316 3700 5379 damnum,

2098 5418 2349 5482 quantam
2378 5416 2768 5478 paupertatem.
2795 5405 3142 5472 Quandonam
3171 5405 3330 5461 vitam
3362 5421 3485 5462 cum
3512 5408 3706 5477 cperi-

2098 5500 2198 5556 bus
2216 5500 2522 5569 jungemus,
2552 5497 2641 5568 qui
2680 5511 2748 5550 ne
2796 5496 2941 5566 leges
2983 5495 3197 5567 quidem
3240 5497 3524 5563 novimus,
3553 5512 3699 5568 quas

2096 5588 2477 5645 observemus?
2499 5587 2606 5644 Sed
2629 5586 2843 5655 divites,
2870 5587 2959 5656 qui
2981 5587 3287 5644 divitiarum
3303 5588 3596 5658 cupiditate
3619 5588 3700 5642 inc

2097 5681 2347 5750 saniunt,
2396 5695 2539 5753 saepe
2580 5690 2760 5737 vestes
2788 5694 2913 5737 suas
2955 5695 3023 5737 ne
3061 5697 3091 5737 a
3122 5682 3281 5739 tineis
3326 5680 3700 5739 corrodantur
