3908 6198
168 257 264 316 ωε

171 382 430 442 excutiunt
465 398 477 434 :
510 388 562 433 tu
590 376 717 433 vero
735 376 859 431 dum
875 376 1073 430 oblivio
1095 377 1233 428 tinea
1264 372 1613 442 perniciosior
1632 369 1751 423 ani-

168 492 301 533 mam
350 484 489 527 tuam
528 469 841 531 labefactat,
874 483 978 520 non
1016 465 1181 520 libros
1212 465 1363 533 legis,
1393 479 1495 516 non
1544 470 1746 530 pestem

172 571 307 625 illam
337 565 558 636 depellis
585 606 598 626 .
625 564 856 617 animam
888 576 993 615 non
1023 573 1273 618 exornas.
1307 570 1411 611 non
1439 552 1633 622 aspicis
1662 567 1747 605 as-

168 664 311 718 sidue
354 660 561 713 virtutis
602 656 910 727 imaginem,
957 668 1057 708 nec
1102 653 1337 705 tuctuhra
1373 651 1489 718 ejus
1516 657 1568 702 et
1591 656 1749 715 caput

168 754 499 812 consideras?
520 752 652 806 Nam
682 760 737 805 et
761 756 918 818 caput
941 746 1105 803 habet
1133 756 1187 799 et
1213 743 1475 805 membra,
1503 743 1748 810 Specioso

166 864 382 924 corpore
424 845 760 901 formosiora.
806 841 959 909 Quod
995 856 1124 908 ergo
1162 846 1322 906 caput
1369 844 1472 899 est,
1511 832 1742 901 inquies,

168 921 410 999 virtutis?
455 937 756 994 llumilitas.
785 932 1144 1003 Quamobrem
1175 928 1244 983 ab
1268 928 1367 982 hac
1388 926 1572 994 incipit
1596 921 1750 977 Chri-

166 1049 273 1096 stus
316 1036 495 1090 dicens
527 1050 540 1085 :
573 1029 713 1083 Beati
758 1041 999 1098 pauperes
1026 1026 1045 1094 (
1069 1021 1256 1076 Matth.
1286 1019 1338 1073 5.
1368 1016 1461 1086 5).
1508 1014 1619 1070 IIoc
1661 1028 1750 1067 ca-

170 1143 256 1202 put
305 1144 408 1184 non
449 1138 635 1181 comas
678 1121 859 1183 habet,
909 1133 1016 1173 non
1061 1113 1359 1173 cincinnos,
1405 1108 1498 1163 sed
1548 1114 1746 1160 tantam

169 1197 626 1297 pulchritudinem,
656 1222 714 1269 ut
747 1214 911 1267 Deum
956 1210 1130 1278 ipsum
1169 1202 1400 1259 attrahat
1430 1219 1443 1255 :
1468 1214 1604 1297 nam.
1630 1197 1746 1297 alti:

173 1290 329 1385 Super
352 1330 496 1384 quem
539 1309 827 1376 respiciam,
872 1302 969 1356 nisi
989 1315 1140 1369 super
1168 1304 1484 1349 mansuetum
1514 1301 1558 1344 et
1585 1290 1751 1343 humi-

170 1381 277 1477 lmi.
316 1381 373 1467 eti
408 1414 696 1466 trementem
740 1399 890 1455 verba
918 1413 1029 1451 mea
1054 1392 1208 1465 (Isai.
1232 1390 1320 1446 66.
1351 1386 1447 1455 2)?
1477 1394 1565 1449 et,
1587 1381 1747 1477 Oculi

168 1475 340 1566 mei-ad
367 1510 652 1560 mansuetos
685 1506 834 1551 terra:
862 1489 1030 1561 (Psal.
1065 1488 1153 1542 75.
1183 1484 1269 1539 10.
1310 1492 1356 1537 et
1398 1479 1516 1535 100.
1550 1475 1624 1549 (ἶ).
1657 1477 1746 1543 Ει,

172 1604 332 1672 Prope
370 1607 444 1653 est
471 1593 721 1650 Dominus
762 1583 989 1640 contritis
1013 1579 1163 1672 corde
1184 1575 1352 1672 lPsul.
1372 1570 1603 1672 35:19).
1639 1569 1750 1624 Hoc

170 1664 320 1765 caput
348 1704 444 1761 pro
468 1683 758 1755 capillis,et
777 1690 951 1740 coma,
977 1668 1235 1765 sacrilicia
1261 1664 1745 1765 oll'ertnDeogt-ata.

173 1753 269 1845 Ara
296 1753 378 1840 est
403 1753 587 1840 aurea,
612 1783 666 1831 et
686 1772 855 1827 altare
902 1762 1177 1835 Spiritnale
1211 1779 1224 1815 :
1254 1774 1376 1814 nam
1423 1753 1751 1825 Sacriﬁcium

176 1883 281 1936 Deo-
293 1876 497 1946 spiritus
535 1862 898 1923 contribulatns
924 1854 1095 1929 (Psal.
1127 1853 1220 1908 50.
1248 1847 1524 1946 l9)‘._II-.cc-
1555 1853 1751 1946 est-sa-

173 1936 374 2046 pientia:
412 1974 603 2021 mater.
635 1959 691 2015 Si
717 1957 837 2026 quis
865 1952 1007 2007 illam
1039 1947 1250 2046 habe-at,
1276 1941 1483 2046 reliqua
1513 1936 1748 2046 habebit.

175 2030 407 2123 Vidistin‘
427 2069 607 2131 caput,
638 2052 795 2124 quale
817 2057 1077 2115 nusquam
1100 2035 1347 2095 videras?
1377 2033 1539 2131 Visne
1562 2030 1749 2131 faciem

174 2163 363 2224 videre,
392 2122 512 2211 imo.
528 2122 802 2207 ediscere?
846 2140 964 2197 Jam
1011 2136 1159 2192 disce
1193 2130 1429 2186 colorem
1457 2125 1573 2224 ejus
1603 2122 1750 2224 rubi-

172 2215 414 2316 cundum,
465 2243 735 2304 ﬂoridum,
781 2246 836 2293 et
870 2232 1028 2289 valde
1070 2228 1404 2300 gratiosum:
1440 2220 1588 2274 disce
1635 2215 1755 2285 qui-

174 2351 383 2403 busnam
404 2314 653 2396 constet.
687 2330 891 2400 Quibus
916 2340 1044 2398 ergo
1067 2319 1315 2378 constat?
1345 2314 1558 2372 Pudore
1593 2320 1752 2383 atque

174 2442 376 2495 rubore.
418 2433 754 2501 Quapropter
794 2423 869 2477 ait
906 2416 1169 2489 quispiam
1201 2431 1215 2466 :
1245 2412 1373 2465 Ante
1417 2406 1752 2501 verecundum

175 2530 408 2605 prwcetlel
431 2496 843 2597 ivgratia(Eccli.
870 2513 959 2569 32.
1095 2507 1295 2605 llucﬂet
1338 2502 1457 2604 aliis
1500 2496 1754 2605 membris

174 2587 410 2693 iuagnam
454 2587 684 2671 infundit
708 2601 1173 2693 pulchritudinem.
1213 2593 1434 2693 Etiamsi
1478 2589 1623 2693 mille
1653 2587 1754 2642 mi-

174 2683 315 2772 sceas
344 2710 551 2766 colores
576 2746 593 2771 ,
624 2717 728 2758 non
755 2705 955 2754 tantam
984 2692 1218 2763 speciem
1246 2685 1469 2743 efﬁcies.
1498 2683 1555 2739 Si
1575 2689 1752 2737 autem

175 2820 221 2866 et
253 2805 435 2862 oculos
482 2800 662 2855 videre
700 2792 918 2863 cupias,
965 2785 1145 2856 aSpice
1187 2781 1306 2836 illos
1344 2776 1662 2834 modestiam
1701 2780 1757 2828 et

176 2896 551 2957 continentiam
577 2894 825 2945 accurate
850 2880 1184 2937 exhibentes.
1232 2872 1355 2927 ldeo
1384 2870 1482 2939 ipsi
1508 2876 1562 2923 et
1587 2867 1755 2922 forma

176 2989 485 3048 etacumine
533 2983 756 3057 pollent,
784 2976 856 3030 ita
888 2980 945 3027 ut
989 2971 1160 3040 ipsum
1194 2963 1477 3057 Dominum
1519 2959 1755 3057 videant.

176 3085 321 3147 Nam,
352 3050 736 3143 Reum-inquit,
765 3064 952 3121 mundo
977 3060 1150 3124 corde,
1183 3056 1418 3126 quoniam
1454 3053 1552 3123 ipsi
1593 3050 1759 3103 Deum

179 3145 400 3231 ridebunt
430 3167 651 3242 (Matth.
674 3164 726 3219 5.
756 3161 836 3230 8).
862 3156 936 3213 Os
981 3164 1159 3208 autem
1203 3149 1319 3220 ejus
1344 3189 1360 3217 ,
1402 3145 1760 3242 sapientianet

180 3235 492 3326 intellectus,
508 3254 966 3330 spiritualiumque
984 3247 1304 3317 hymnorum
1324 3238 1635 3330 modulatio.
1656 3235 1760 3289 Cor

177 3370 370 3423 autem,
396 3329 792 3422 Scripturarum
822 3341 1011 3413 peritia
1028 3379 1042 3403 ,
1071 3347 1426 3402 verorumque
1452 3329 1761 3399 dogmatum

179 3419 534 3507 conservatio,—
576 3437 905 3509 benignitas,
951 3427 1254 3486 clementia.
1296 3425 1372 3478 Ac
1415 3419 1761 3491 quemadmo-

180 3546 296 3597 dum
339 3541 461 3594 siue
504 3536 594 3589 illo
634 3532 815 3585 vivere
860 3522 1161 3595 nequimus,
1193 3517 1269 3572 sic
1301 3529 1473 3585 neque
1515 3512 1634 3566 sine
1672 3509 1765 3563 illo

180 3614 397 3692 salutem
425 3623 684 3693 consequi
714 3629 1018 3691 possumus.
1058 3610 1191 3668 Nam
1222 3607 1345 3661 hinc
1366 3602 1545 3659 omnia
1574 3600 1763 3656 oriuno

184 3739 264 3783 tur
290 3725 451 3779 bona.
489 3718 660 3775 liabet
684 3716 811 3769 item
840 3708 1006 3780 pedes
1031 3715 1085 3760 et
1107 3716 1316 3763 manus,
1348 3698 1609 3751 bonorum
1638 3706 1766 3761 ope-

184 3835 293 3873 rum
322 3810 569 3881 exempla
593 3825 609 3874 ;
640 3805 813 3859 anima
835 3801 951 3877 ejus
977 3806 1058 3851 est
1092 3795 1295 3864 pietas;
1329 3798 1514 3859 pectus
1540 3786 1656 3852 ejus
1682 3796 1769 3834 au-

186 3926 348 3974 reum,
378 3878 663 3961 adamante
690 3896 914 3960 ﬁrmius,
941 3900 1023 3948 est
1045 3885 1331 3949 fortitudo;
1358 3883 1536 3939 omnia
1565 3878 1770 3974 facilius

183 3966 451 4073 expugnes
470 4038 484 4061 ,
510 4008 669 4066 quam
715 3995 895 4060 pectus
917 3981 1054 4038 istud
1080 3980 1371 4047 dirumpas.
1402 3971 1653 4073 Spiritus,
1681 3966 1771 4039 qui

188 4107 238 4153 et
250 4068 311 4149 iu
323 4068 592 4153 cerebro,
612 4093 665 4139 et
685 4084 738 4139 in
761 4078 924 4136 corde
949 4074 1178 4137 exsistit,
1201 4080 1284 4125 est
1308 4068 1522 4123 caritas.

250 4188 307 4244 ι.
357 4181 591 4239 Mattluei
629 4173 947 4246 evangelistte
983 4170 1208 4223 virtutes.
1248 4162 1401 4217 Avari
1442 4170 1487 4215 et
1535 4156 1772 4229 pauperis

187 4279 454 4336 voluntarii
481 4264 941 4341 descriptio.—Vis
962 4263 1101 4317 banc
1128 4258 1416 4329 imaginem
1447 4252 1540 4307 tibi
1572 4254 1622 4304 in
1644 4264 1772 4319 epe-

190 4375 331 4429 ribus
357 4364 678 4426 ostendam?
721 4360 907 4430 Cogita
950 4356 1079 4411 mihi
1112 4353 1253 4407 hunc
1291 4351 1463 4419 ipsum
1507 4345 1774 4414 evangeli-

188 4476 341 4530 stam,
367 4461 581 4520 etiamsi
606 4473 712 4513 non
734 4465 895 4509 totum
913 4451 1029 4521 ejus
1050 4448 1211 4503 vitam
1233 4442 1553 4511 descriptam
1580 4439 1773 4493 habea-

192 4574 338 4622 mus;
369 4563 607 4611 attamen
637 4567 700 4605 ex
727 4547 910 4619 paucis
938 4558 1056 4614 qua:
1086 4547 1311 4604 restant,
1339 4537 1463 4591 licet
1490 4533 1774 4603 imaginem

191 4658 303 4724 ejus
326 4649 701 4722 Splendeutem
744 4641 943 4696 videre.
991 4634 1143 4705 Quod
1190 4631 1406 4686 humilis
1433 4638 1485 4682 et
1514 4626 1778 4681 contritus

193 4723 331 4804 esset
353 4790 369 4814 ,
417 4743 544 4800 audi
577 4742 749 4810 ipsum
778 4730 1131 4801 quvaugelio
1156 4742 1276 4783 sese
1311 4723 1649 4795 publicanum
1681 4734 1776 4774 voc

192 4853 434 4905 cautem;
482 4835 628 4908 quod
655 4842 833 4887 autem
878 4824 1181 4882 misericors
1227 4828 1409 4884 esset,
1457 4816 1583 4872 vide
1630 4814 1777 4869 illum

193 4935 440 4991 onmibus
467 4938 694 4987 exutum
718 4925 899 4980 desum
930 4925 1262 4989 sequentem.
1288 4912 1438 4980 Quod
1472 4911 1586 4983 pius
1614 4917 1777 4973 esset,

199 5028 365 5096 palam
395 5035 481 5080 est
513 5038 580 5076 ex
608 5015 964 5087 dogmatibus.
994 5007 1399 5079 lntelligentiam
1427 5013 1481 5059 et
1504 5002 1778 5057 caritatem

196 5094 307 5191 ejus
340 5134 409 5174 ex
453 5131 520 5172 eo
557 5111 697 5183 quod
744 5103 1066 5175 Conscripsit
1116 5097 1404 5169 Evangelio
1447 5094 1629 5149 videre
1651 5103 1778 5146 est:

201 5213 430 5269 universi
462 5209 603 5265 enim
644 5204 792 5259 orbis
829 5213 1011 5256 curam
1032 5195 1238 5267 gessit;
1272 5192 1530 5247 bonorum
1558 5198 1782 5256 operum

203 5313 573 5375 argumentum
606 5298 770 5351 habes
797 5308 864 5349 ex
904 5276 1120 5352 throuﬁ,
1164 5286 1218 5340 in
1247 5298 1353 5355 quo
1379 5293 1622 5375 sessurus
1660 5282 1780 5340 est;

207 5369 568 5450 foititudinem
593 5429 609 5453 ,
641 5386 782 5459 quod
809 5381 1047 5455 gaudens
1074 5391 1322 5433 reversus
1347 5374 1470 5429 sita
1496 5369 1628 5426 facie
1655 5381 1786 5422 con-

202 5489 330 5544 cilii.
362 5486 557 5543 Virtuti
583 5484 743 5555 igitur
771 5474 1057 5534 admodum
1085 5470 1416 5536 Studeamus,
1447 5467 1783 5532 maximeque

544 5816 816 5875 PATROL.
866 5810 982 5870 Gn.
1032 5802 1240 5867 LVIII.

1038 251 1098 305 IN
1141 249 1542 306 ΜᾹΤΊΊΙᾸΞΟΜ
1590 246 1816 304 IIOMIL.
1861 248 2066 305 XLVII.
2106 252 2175 307 aI.
2220 253 2450 310 XLVIII.

3344 265 3445 323 486

1858 366 2097 422 omnium
2148 368 2496 426 humilitatem
2549 382 2602 426 et
2657 373 3080 433 misericordiam
3137 390 3442 450 sectemur,

1858 455 1974 511 sine
1999 459 2190 528 quibus
2216 463 2439 517 salutem
2462 465 2718 533 consequi
2746 482 2852 521 non
2879 482 3161 537 possumus
3183 514 3198 536 ,
3231 482 3288 527 ut
3320 490 3446 543 pro-

1860 547 2012 603 batur
2040 565 2103 605 ex
2146 553 2384 622 quinque
2435 555 2764 626 virginibus,
2797 569 2851 613 et
2890 575 2959 615 ex
2988 562 3279 621 Phariszco.
3312 569 3445 625 Nam

1856 641 1973 696 sine
2013 643 2317 712 virginitate
2358 662 2576 717 regnum
2618 650 2767 707 adire
2807 668 3123 723 possumus,
3173 675 3275 714 non
3320 679 3447 717 vero

1856 734 1972 789 sine
2016 737 2378 794 misericordia
2418 752 2473 796 et
2496 743 2875 817 eleemosyna:
2911 748 2997 803 illa
3026 753 3167 806 enim
3198 770 3447 811 necessa-

1858 827 1932 879 ria
1962 842 2180 896 prorsus
2207 842 2287 885 εει
2317 873 2332 897 ,
2363 841 2415 886 et
2450 833 2589 889 inter
2621 838 2883 907 praecipua
2915 858 3038 907 qua:
3067 846 3244 897 omnia
3274 850 3447 901 conti-

1858 918 2025 974 tiueut
2063 933 2335 978 censetur.
2367 924 2481 978 Non
2524 927 2642 983 sine
2686 944 2845 986 causa
2891 948 3020 1003 ergo
3053 935 3287 992 diximus
3329 955 3449 995 eam

1856 1024 1950 1063 cor
1976 1026 2096 1065 esse
2124 1014 2351 1069 virtutis.
2383 1014 2488 1071 Sed
2517 1032 2610 1072 cor
2638 1019 2810 1088 ipsum
2833 1061 2847 1086 ,
2882 1022 2982 1077 nisi
3013 1026 3263 1083 omnibus
3290 1030 3449 1099 spiri-

1860 1109 1967 1156 tum
2016 1104 2416 1172 subministret,
2469 1109 2576 1164 cito
2614 1113 3003 1183 exstinguitur;
3056 1117 3193 1173 sicut
3238 1130 3289 1174 et
3330 1120 3450 1177 fons

1858 1194 1958 1249 nisi
2004 1196 2201 1253 ﬂuenta
2250 1216 2414 1270 penes
2443 1218 2502 1258 se
2532 1208 2838 1273 perenniter
2881 1210 3111 1276 habeat,
3149 1217 3443 1283 putrescit:

1856 1285 1934 1339 sic
1962 1296 2016 1341 et
2059 1287 2285 1357 divites,
2317 1292 2361 1346 si
2389 1293 2529 1362 apud
2567 1311 2627 1351 se
2657 1312 2787 1366 opes
2826 1315 2950 1355 suas
2986 1303 3278 1360 detineant.
3324 1306 3447 1362 Ideo

1857 1380 2127 1433 Communi
2197 1398 2291 1436 usu
2337 1385 2603 1453 dicimus,
2652 1388 2811 1445 Multa
2861 1394 3089 1461 putredo
3137 1396 3444 1459 divitiarum

1857 1470 1998 1537 apud
2048 1472 2205 1527 talem
2250 1474 2479 1532 habetur
2511 1497 2523 1532 :
2558 1494 2731 1549 neque
2758 1481 2982 1540 dicimus
3003 1528 3019 1552 ,
3060 1486 3217 1542 Multa
3249 1492 3400 1561 copia
3422 1533 3439 1557 ,

1858 1576 2080 1633 magnus
2110 1564 2410 1622 thesaurus.
2446 1569 2574 1623 Nam
2622 1572 2848 1640 putredo
2897 1584 2981 1630 est
3028 1594 3131 1633 non
3166 1584 3442 1649 possiden-

1859 1654 1986 1708 tium
2011 1656 2190 1723 modo,
2221 1659 2311 1713 sed
2344 1660 2572 1730 ipsarmn
2602 1662 2926 1720 divitiarum.
2953 1667 3279 1727 Vestimenta
3303 1675 3444 1729 enim

1858 1746 2129 1801 recondita
2176 1762 2627 1819 corruniptmtur,
2676 1772 2864 1811 aurutn
2908 1761 3142 1830 aerugine
3192 1764 3443 1832 roditur,

1859 1834 2181 1891 frumentum
2232 1855 2261 1894 a
2292 1843 2558 1899 vermibus
2601 1840 2849 1901 roditur:
2896 1851 3070 1905 anima
3117 1870 3245 1910 vero
3274 1858 3446 1927 possi-

1857 1926 2030 1982 dentis
2059 1929 2174 1998 plus
2204 1946 2360 2001 quam
2392 1944 2583 1989 caetera
2630 1939 2807 1993 omnia
2835 1942 2978 1996 curis
3018 1945 3224 2001 roditur
3267 1959 3321 2004 et
3347 1967 3446 2019 pu-

1860 2020 2063 2074 trescit.
2098 2022 2155 2076 Si
2197 2023 2327 2078 velis
2356 2028 2501 2081 avari
2530 2030 2763 2085 animam
2806 2032 2857 2087 in
2896 2036 3128 2092 medium
3155 2040 3444 2107 adducere.

1861 2112 1997 2166 sicut
2023 2115 2402 2173 vestimentum
2443 2135 2471 2172 a
2504 2123 2649 2178 mille
2676 2125 2832 2179 tineis
2859 2141 3136 2186 corrosum
3159 2173 3174 2197 ,
3206 2135 3447 2207 nihilque

1859 2220 2049 2261 sanum
2088 2207 2293 2266 habens
2320 2253 2335 2279 ,
2366 2213 2444 2267 sic
2471 2214 2707 2272 invenies
2735 2218 2880 2274 illam
2908 2237 3183 2280 corrosam
3214 2228 3449 2300 undique

1858 2301 2035 2368 curis,
2080 2305 2312 2371 peccatis
2343 2308 2644 2376 putridam,
2687 2321 2736 2365 et
2772 2315 3009 2385 :erugine
3054 2318 3442 2378 labefactatam.

1861 2394 1928 2446 At
1961 2396 2207 2464 pauperis
2248 2399 2422 2453 anima
2450 2417 2557 2455 non
2587 2403 2706 2457 talis
2733 2407 2914 2476 utique
2938 2417 3055 2475 est,
3087 2414 3331 2482 pauperis
3359 2416 3446 2470 in-

1859 2499 2016 2554 quam
2058 2486 2374 2555 voluntarii;
2405 2492 2498 2547 sed
2546 2492 2706 2565 fulget
2739 2506 2795 2551 ut
2838 2514 3068 2567 aurum,
3100 2503 3346 2571 splendet
3390 2516 3449 2562 ttt

1862 2580 2166 2649 margarita,
2195 2580 2351 2637 ﬂoret
2378 2593 2433 2639 ut
2458 2599 2601 2640 rosa.
2633 2587 2750 2642 Non
2782 2589 2851 2644 ibi
2881 2591 3042 2659 tinea,
3077 2608 3181 2648 non
3213 2594 3314 2662 fur,
3341 2612 3445 2653 non

1862 2686 1988 2725 cura
2019 2674 2327 2738 sa-cularis;
2362 2670 2456 2731 sed
2489 2687 2545 2731 ut
2574 2680 2747 2748 angeli
2777 2694 3180 2745 conversantur.
3216 2685 3303 2739 Vis
3326 2688 3447 2745 talis

1860 2764 2055 2819 anima:
2075 2766 2517 2834 pulchritudinetn
2538 2771 2760 2826 videre?
2796 2774 2876 2828 vis
2895 2779 3215 2844 paupertatis
3237 2778 3450 2835 divitias

1861 2856 2141 2913 ediscere?
2164 2858 2369 2929 Pauper
2388 2875 2489 2914 non
2515 2862 2741 2932 imperat
2760 2865 3083 2930 hominibus,
3104 2867 3197 2922 sed
3222 2869 3451 2940 imperat

1862 2951 2214 3018 da'monibus;
2234 2967 2338 3006 non
2356 2952 2527 3007 adstat
2542 2956 2675 3024 regi,
2689 2955 2780 3010 sed
2795 2956 2968 3011 adstat
2982 2959 3111 3023 Deo;
3132 2976 3235 3015 non
3256 2972 3453 3032 pugnat

1863 3059 1985 3099 cum
2018 3044 2323 3101 hominibus
2348 3086 2365 3113 ,
2396 3047 2489 3101 sed
2520 3062 2640 3102 cum
2673 3051 2910 3120 angelis;
2944 3067 3046 3107 non
3083 3054 3242 3110 habet
3270 3072 3450 3113 aream

1868 3153 2050 3203 unam,
2080 3137 2161 3191 vel
2191 3137 2344 3204 duas,
2374 3138 2460 3192 vel
2487 3148 2616 3208 tres,
2646 3141 2728 3196 vel
2759 3142 2962 3211 viginti,
2996 3144 3088 3199 sed
3118 3155 3317 3201 tantam
3362 3165 3451 3204 re-

1868 3245 1987 3284 rum
2018 3230 2247 3297 copiam,
2295 3239 2352 3284 ut
2378 3231 2634 3287 mundum
2664 3243 2831 3290 totum
2859 3236 2991 3290 nihil
3019 3251 3139 3293 esse
3165 3240 3453 3297 existimet.

1865 3318 1984 3375 Non
2001 3320 2161 3375 habet
2177 3319 2619 3384 thesaurum,sed
2635 3320 2849 3385 caelum;
2867 3336 2973 3374 non
2989 3332 3108 3387 eget
3123 3323 3316 3389 servis;
3339 3324 3450 3380 imo

1860 3425 2049 3467 servos
2087 3411 2265 3477 habet,
2318 3410 2486 3464 animi
2520 3414 2773 3476 morbos;
2804 3410 2965 3463 habet
2991 3426 3179 3466 servos
3203 3452 3217 3475 ,
3256 3428 3449 3484 nempe

1863 3504 2134 3574 appetitus
2151 3504 2244 3573 qui
2271 3503 2487 3573 regibus
2514 3502 2800 3571 imperant.
2827 3502 2903 3555 llli
2928 3502 3073 3555 enim
3100 3503 3348 3557 carnales
3372 3506 3448 3558 af-

1862 3594 2057 3659 fectus,
2086 3595 2177 3666 qui
2203 3596 2283 3647 vel
2306 3610 2548 3665 purpura
2572 3594 2912 3648 circumdato
2937 3593 3227 3664 imperant,
3249 3611 3448 3665 paupe-

1862 3704 1980 3744 rem
2006 3699 2347 3754 reverentur,
2371 3697 2426 3742 et
2449 3697 2637 3743 contra
2666 3686 2936 3755 respicere
2959 3702 3065 3740 non
3096 3688 3320 3740 audent.
3350 3687 3450 3742 Rc-

1864 3798 2033 3854 gnum
2053 3789 2311 3835 etaurum
2331 3780 2626 3850 omniaque
2644 3780 2865 3844 similia,
2887 3790 2945 3834 ut
2969 3795 3260 3850 puerorum
3294 3780 3448 3834 ludos

1863 3874 2023 3940 ridet,
2042 3883 2096 3928 et
2115 3884 2173 3929 ut
2191 3874 2419 3939 t'otulas,
2436 3874 2593 3938 talos,
2619 3872 3079 3943 capita,spha:ras
3104 3871 3204 3943 (a),
3232 3873 3307 3927 ita
3335 3873 3446 3928 haec

1862 3967 2046 4022 omnia
2076 3975 2224 4037 putat
2273 3982 2393 4022 esse
2429 3964 2762 4037 spernenda.
2788 3965 2958 4019 Ilabet
2990 3966 3133 4019 enim
3167 3975 3446 4030 ornatum,

1864 4076 2027 4131 quem
2046 4075 2117 4115 ne
2141 4060 2416 4128 respicere
2436 4057 2657 4128 quidem
2683 4064 2915 4127 possunt
2938 4057 2995 4121 ii,
3020 4057 3114 4127 qui
3136 4057 3446 4127 hujusmodi

1868 4152 2010 4207 ludis
2029 4160 2242 4220 tempus
2263 4159 2464 4207 terunt.
2481 4149 2621 4215 Quid
2646 4149 2809 4218 igitur
2827 4149 2928 4204 hoc
2944 4164 3180 4219 paupere
3195 4159 3451 4217 praestan-

1866 4244 1978 4300 tius
2003 4242 2203 4298 l'uerit?
2226 4240 2277 4295 Is
2303 4240 2674 4311 pavimentum
2716 4238 2877 4293 habet
2914 4238 3127 4292 cazlum.
3174 4236 3230 4291 Si
3266 4248 3449 4292 autem

1868 4334 1975 4392 tale
1999 4334 2374 4406 pavimentum
2401 4340 2507 4393 est,
2531 4330 2736 4400 cogites
2756 4328 2914 4383 velim
2930 4328 3074 4397 quod
3099 4335 3299 4382 tectum
3325 4329 3448 4382 erit.

1872 4427 1975 4483 Sed
2002 4441 2110 4480 non
2135 4425 2299 4479 habet
2320 4438 2491 4492 equos
2513 4432 2566 4475 et
2588 4419 2825 4474 currus?
2843 4418 2983 4484 Quid
3008 4418 3115 4473 illis
3136 4433 3273 4487 opus
3294 4419 3455 4471 habet

1871 4521 1920 4575 is
1958 4520 2051 4590 qui
2092 4516 2334 4572 nubibus
2359 4506 2637 4570 vehendus
2659 4522 2764 4578 est,
2791 4522 2845 4567 et
2874 4527 3000 4567 cum
3025 4511 3243 4566 Christo
3276 4511 3455 4567 vivet?

1873 4605 1999 4662 llaec
2039 4606 2341 4676 cogitantes
2376 4613 2432 4661 et
2464 4603 2567 4659 viri
2611 4612 2665 4657 et
2694 4603 2952 4658 mulieres
2990 4602 3112 4657 illas
3142 4618 3455 4672 qumramus

1877 4700 2098 4754 divitias
2128 4710 2181 4753 et
2211 4714 2393 4753 rerum
2428 4697 2644 4767 c0piam
2676 4711 2784 4749 non
2823 4695 3241 4758 absumeudam,
3272 4705 3330 4749 ut
3366 4711 3454 4750 re-

1875 4807 2043 4863 gnum
2073 4791 2328 4846 cmlorum
2358 4802 2784 4858 consequamur,
2810 4786 2983 4856 gratia
3002 4794 3058 4840 et
3079 4784 3456 4839 misericordia

1880 4882 2095 4938 Domini
2132 4881 2303 4936 nostri
2332 4879 2460 4935 Jesu
2487 4878 2716 4945 Christi,
2749 4879 2837 4933 cui
2865 4877 3036 4949 gloria
3074 4887 3127 4931 et
3167 4876 3455 4946 imperium

1882 4975 1941 5031 in
1974 4976 2172 5031 sset-uia
2206 4974 2553 5031 smeulorum.
2586 4973 2780 5029 Amen.

1947 5161 2018 5222 ta)
2044 5158 2206 5209 Verba
2234 5160 2396 5210 Graeca
2420 5157 2498 5207 his
2523 5155 2723 5222 vocibus
2745 5153 3093 5222 respondentia
3117 5156 3247 5222 sunt,
3267 5151 3352 5222 Inui
3373 5168 3467 5222 κα·-

1883 5213 2030 5286 θάαὶιερ
2048 5223 2262 5286 τροχοὺς,
2291 5227 2336 5286 et
2359 5226 2409 5268 ut
2436 5220 2653 5286 rutulus;
2678 5220 2759 5265 καὶ
2778 5213 3118 5286 sameram,
3142 5219 3187 5263 et
3210 5213 3333 5262 talos
3349 5215 3464 5286 ξλιαὶ

1883 5275 2107 5346 ﬂeuisti.
2129 5275 2173 5335 et
2196 5275 2386 5346 capita;
2408 5284 2489 5330 καὶ
2516 5275 2734 5343 σφαίρας,
2760 5275 3062 5346 step/ueras.
3092 5278 3159 5346 Ιη⁵
3175 5289 3270 5346 uno
3295 5275 3467 5346 codice

1884 5338 2493 5408 legitumnsptnspalatiag,
2517 5338 2623 5408 pro,
2638 5338 2858 5408 ’κξφαλὰξ
2877 5353 2889 5387 :
2920 5338 3257 5408 χερικεςξαὶαία
3279 5343 3467 5408 autem,

1884 5404 2230 5471 'l‘lieophrasto
2247 5404 2418 5471 teste,
2445 5404 2532 5467 pro
2557 5404 2741 5471 glande
2780 5404 3270 5471 rquernauaceipitur,
3299 5404 3468 5471 ensi}:

1886 5468 2002 5521 huic
2023 5460 2130 5520 loco
2156 5469 2311 5531 probe.
2335 5460 2590 5517 optaretur
2631 5467 2726 5517 llfr.
2756 5460 2928 5516 Adnot.
2948 5460 3193 5525 Iiicldpad
3218 5477 3326 5525 pag.
3357 5460 3465 5510 £92.
