3908 6198
459 250 559 306 487

1225 248 1282 304 S.
1316 245 1592 302 JOANNIS
1628 242 2108 303 CHRVSOSTOMI
2148 191 2469 301 ANCHIEP.
2507 244 3043 303 CONSTANTINOP‘.

1537 431 1886 493 HOMILIA
1929 429 2219 492 XLVIII.
2274 430 2367 492 al.
2412 430 2647 493 XLIX.

450 584 576 636 ttae.
624 582 712 636 t5.
758 596 807 633 v.
856 580 945 635 5‘5.
994 576 1060 631 Et
1099 580 1289 649 factum
1330 585 1423 641 est,
1486 590 1598 628 cum
1655 579 2046 627 consummasset

728 672 878 725 Jesus
907 670 1174 736 parabolas
1202 670 1345 730 istas,
1377 665 1605 719 transivit
1630 664 1767 717 inde.

530 768 580 821 l.
608 762 718 820 Cur
738 764 892 830 dixit,
925 760 1102 815 Istas?
1127 760 1260 827 Quia
1283 758 1415 812 alias
1442 755 1683 811 dicturus
1707 762 1842 810 erat.
1871 753 2047 823 Quare

451 860 574 913 inde
606 856 873 913 recessit?
915 853 988 910 Ut
1025 852 1250 906 verbum
1285 849 1481 920 ubique
1509 847 1904 903 disseminaret.
1947 847 2038 901 54.

452 952 514 1005 Et
547 968 663 1005 cum
689 948 902 1004 venisset
927 947 982 999 in
1008 944 1225 1014 patriant
1254 958 1421 1008 suam,
1453 940 1659 994 docebat
1685 956 1769 993 eos
1809 940 1861 991 in
1884 955 2042 1008 syna-

449 1061 582 1116 goga
609 1058 802 1099 eorum.
829 1039 1001 1107 Quam
1027 1046 1182 1091 vocat
1213 1034 1435 1105 patriam
1459 1031 1655 1087 suam?
1691 1031 1917 1086 Nazaret
1937 1072 1952 1097 ,
1986 1039 2044 1083 ut

450 1136 581 1192 mihi
611 1133 828 1205 quidem
852 1130 1080 1185 videtur.
1116 1126 1236 1181 Non
1265 1125 1407 1181 enim
1432 1124 1502 1178 ibi
1529 1124 1648 1193 fecit
1673 1124 1879 1176 virtutes
1908 1121 2043 1174 mul-

451 1238 529 1283 tas
558 1225 769 1299 (Matth.
803 1223 890 1278 l3.
914 1219 1024 1291 58),
1054 1219 1161 1282 ait;
1210 1217 1261 1271 in
1286 1216 1618 1286 Capernaum
1648 1221 1823 1267 autem
1870 1211 2036 1266 multa

449 1321 575 1376 fecit
613 1319 797 1388 signa;
841 1322 1169 1385 quapropter
1202 1308 1453 1364 dicebat:
1483 1305 1553 1360 Et
1597 1316 1650 1361 tu
1678 1304 1998 1376 Capernaum
2023 1345 2038 1367 ,

412 1478 413 1481 η
448 1428 563 1486 qua
590 1425 747 1481 usque
782 1408 851 1461 ad
884 1405 1065 1461 ctelum
1107 1402 1331 1457 excitata
1369 1417 1424 1455 es
1446 1442 1460 1465 ,
1490 1414 1649 1469 usque
1691 1399 1759 1451 ad
1785 1400 2043 1467 infernum

450 1505 719 1560 descendes
741 1518 759 1555 :
786 1500 1021 1564 quoniam
1051 1497 1093 1550 si
1128 1496 1181 1549 in
1210 1493 1451 1549 Sodomis
1472 1496 1620 1561 factm
1644 1491 1852 1561 fuissent
1880 1489 2041 1541 virtu-

450 1608 542 1666 tes,
569 1612 682 1665 quin
709 1595 861 1666 facta:
885 1600 1000 1646 sunt
1032 1592 1085 1643 in
1116 1599 1162 1643 te
1184 1631 1197 1653 ,
1228 1587 1528 1641 mansissent
1552 1584 1722 1654 utique
1749 1597 1907 1650 usque
1943 1581 2039 1634 Ito-

449 1691 531 1744 die
560 1687 772 1758 (Matth.
809 1686 897 1741 tl.
923 1684 1038 1754 2‘5).
1071 1681 1205 1737 Cum
1253 1693 1416 1751 porro
1443 1677 1678 1731 venisset
1710 1675 1863 1738 istuc,
1890 1674 2040 1744 signa

448 1782 661 1854 quidem
692 1778 859 1834 multa
887 1792 992 1832 non
1016 1776 1161 1840 fecit,
1184 1790 1252 1830 ne
1278 1773 1331 1828 in
1359 1771 1616 1841 majorem
1641 1769 1762 1824 illos
1789 1767 2038 1823 invidiam

449 1876 827 1939 inflammaret,
859 1884 993 1926 neve
1022 1868 1092 1923 ob
1111 1866 1370 1936 majorem
1394 1862 1819 1919 incredulitatem
1842 1860 1896 1915 in
1919 1875 2042 1931 gra-

448 1971 651 2025 viorem
695 1964 1097 2021 damnationem
1142 1959 1460 2015 inciderent.
1515 1956 1819 2012 Doctrinam
1859 1963 2037 2009 autem

449 2062 703 2135 proponit
726 2074 834 2114 non
872 2055 1095 2112 minoris
1138 2067 1297 2124 quam
1341 2051 1489 2121 signa
1537 2045 1927 2103 admirationis.
1970 2046 2040 2099 At

446 2151 749 2211 Stultissimi
797 2148 1042 2205 homines
1065 2188 1080 2214 ,
1112 2143 1328 2217 quando
1356 2141 1611 2198 admirari
1638 2182 1653 2206 ,
1693 2148 1749 2196 et
1773 2140 1843 2195 ob
1870 2138 2040 2193 dicto-

448 2261 569 2302 rum
609 2245 717 2299 vim
757 2241 1138 2310 obstupescere
1168 2251 1262 2307 par
1287 2234 1474 2290 fuisset
1499 2274 1515 2299 ,
1544 2233 1617 2288 illi
1647 2241 1831 2287 contra
1862 2231 2035 2300 ipsum

446 2337 818 2410 parvifaciunt,
867 2331 1009 2405 quod
1038 2331 1125 2385 tali
1151 2337 1299 2400 patre
1326 2336 1483 2383 natus
1509 2335 1824 2397 putaretur:
1849 2339 2036 2396 quam-

444 2421 604 2502 quam
634 2428 796 2484 multa
822 2422 1186 2495 superioribus
1212 2418 1545 2490 temporibus
1568 2417 1813 2486 exempla
1837 2430 2036 2487 suppe-

446 2531 623 2580 terent
650 2536 835 2578 eorum
864 2519 954 2591 qui
986 2516 1203 2589 ignobili
1250 2525 1398 2587 patre
1426 2514 1533 2568 nati
1576 2513 1902 2568 claruerant.
1934 2510 2036 2565 Da-

445 2618 534 2673 vid
564 2617 759 2688 quippe
782 2614 950 2670 Jessa:
976 2611 1096 2666 vilis
1124 2610 1401 2681 cujusdam
1432 2608 1680 2679 agricola:
1705 2608 1845 2661 titius
1872 2614 1988 2660 erat
2016 2622 2031 2660 :

442 2721 498 2768 et
546 2713 711 2766 Amos
757 2707 988 2779 caprarii
1051 2705 1226 2770 filius,
1284 2703 1399 2773 ipse
1458 2717 1670 2772 quoque
1715 2700 2030 2770 caprarius:

442 2803 651 2875 Moyses
680 2817 806 2856 vero
839 2799 1127 2869 legislator,
1157 2797 1314 2866 longe
1334 2810 1394 2851 se
1419 2792 1675 2849 inferiore
1697 2803 1848 2864 patre
1877 2801 2032 2846 natus

441 2905 545 2951 est.
577 2894 709 2949 Cum
738 2892 1067 2962 oportuisset
1107 2904 1235 2957 ergo
1276 2886 1396 2942 ideo
1425 2886 1657 2940 maxime
1686 2883 1929 2939 venerari
1970 2882 2035 2937 il-

441 2988 549 3042 lum
579 2995 634 3042 et
653 2986 1035 3053 obstupescere
1058 3021 1075 3048 ,
1106 2979 1249 3050 quod
1279 2994 1342 3033 ex
1373 2979 1569 3033 talibus
1598 2985 1748 3030 ortus
1784 2976 1908 3029 talia
1954 2975 2033 3029 lo-

439 3088 694 3152 queretur
722 3094 735 3130 :
769 3076 1107 3130 manifestum
1135 3071 1330 3142 quippe
1354 3080 1471 3125 erat
1497 3070 1547 3123 id
1572 3085 1677 3122 non
1703 3084 1769 3123 ex
1798 3068 2031 3124 humano

438 3173 655 3238 studio,
704 3169 797 3225 sed
845 3184 908 3223 ex
939 3166 1118 3222 divina
1161 3164 1330 3235 gratia
1372 3162 1668 3234 proficisci;
1715 3162 1840 3216 inde
1882 3162 2029 3217 illum

437 3266 759 3337 despiciunt,
792 3261 933 3317 unde
962 3258 1143 3313 mirari
1169 3256 1469 3327 oportebat.
1499 3255 1831 3325 Frequenter
1850 3265 2029 3309 autem

438 3358 503 3413 ad
532 3368 827 3430 synagogas
858 3353 987 3413 ibat,
1021 3366 1087 3404 ne
1107 3350 1150 3404 si
1182 3356 1441 3419 perpetuo
1469 3347 1520 3401 in
1547 3345 1763 3402 deserto
1788 3360 2031 3401 versare-

439 3461 546 3516 tur,
580 3450 747 3518 magis
782 3447 1125 3508 incusarent,
1171 3452 1440 3511 tamquam
1472 3439 1787 3510 frequentia
1814 3447 1867 3494 et
1895 3439 2027 3494 civi-

439 3544 561 3600 tatis
588 3540 967 3598 adversarium.
998 3536 1290 3607 Stupentes
1318 3535 1479 3605 igitur
1504 3542 1559 3589 et
1586 3533 1915 3603 ambigentes
1942 3531 2028 3587 di-

438 3641 629 3694 cebant
667 3655 681 3693 :
732 3633 879 3691 Unde
907 3633 1024 3687 huic
1064 3629 1317 3702 sapientia
1362 3628 1470 3683 licet:
1496 3636 1542 3682 et
1584 3628 1831 3681 virtutes?
1868 3624 2029 3696 Signa

438 3733 663 3786 virtutes
707 3728 1001 3792 vocabant,
1044 3724 1159 3779 sive
1186 3722 1354 3792 ipsam
1400 3719 1718 3791 sapientiam
1766 3719 1903 3790 ejus.
1935 3719 2026 3774 55.

440 3823 626 3879 Nonne
654 3821 734 3875 hic
758 3830 829 3874 est
848 3818 979 3890 fabri
1006 3815 1182 3885 ﬁlius?
1209 3814 1351 3884 Ergo
1379 3811 1690 3867 miraculum
1721 3811 1890 3882 majus
1918 3826 2031 3865 ma-

441 3916 625 3986 jorque
669 3922 873 3982 stupor.
919 3907 1105 3964 Nonne
1140 3916 1302 3961 mater
1342 3907 1452 3978 ejus
1495 3905 1681 3958 dicitur
1726 3903 1942 3958 Maria?
1982 3910 2030 3958 et

440 4012 623 4079 fratres
652 4006 763 4075 ejus
784 4003 1007 4057 Iacobus
1033 4011 1083 4056 et
1108 3999 1256 4054 loses
1281 4040 1295 4065 ,
1337 4007 1382 4053 et
1410 3998 1592 4053 Simon
1616 4006 1664 4052 et
1690 3996 1904 4055 Judas.’
1934 3996 2025 4053 56.

441 4108 486 4154 et
512 4112 708 4153 sorores
737 4096 846 4167 ejus
877 4108 1043 4148 nonne
1071 4108 1240 4145 omnes
1266 4091 1405 4160 apud
1433 4105 1526 4143 nos
1551 4098 1666 4143 sunt
1682 4089 1710 4144 7
1736 4086 1884 4144 Unde
1910 4105 2028 4160 ergo

443 4194 558 4249 huic
586 4190 756 4245 omnia
780 4189 917 4243 ista?
941 4187 1029 4242 57.
1059 4184 1127 4239 Et
1156 4181 1633 4239 scandalisabantur
1650 4183 1705 4236 in
1732 4198 1811 4236 eo.

516 4284 727 4339 Invidia
755 4297 891 4352 sirpe
908 4296 1076 4335 secum
1104 4279 1214 4348 ipsa
1238 4285 1449 4349 pugnat.
1471 4306 1544 4317 —
1565 4275 1750 4332 Viden‘
1781 4276 1833 4330 in
1859 4274 2029 4332 Naza-

442 4388 525 4435 ret
551 4380 650 4433 ista
677 4376 817 4431 dicta
844 4373 1053 4428 fuisse?
1081 4371 1269 4427 Nonne
1297 4369 1491 4424 fratres
1516 4367 1652 4439 ejus,
1686 4369 1877 4437 inquit,
1910 4368 2027 4421 talis

441 4483 495 4529 et
516 4472 636 4526 talis
661 4469 827 4525 sunt?
858 4467 925 4523 Et
952 4466 1075 4538 quid
1109 4466 1245 4521 hoc?
1276 4464 1407 4519 llinc
1436 4464 1665 4517 maxime
1694 4463 1845 4517 vobis
1873 4461 1940 4517 ad
1962 4463 2026 4516 tl-

441 4566 561 4620 dem
592 4562 766 4617 induci
797 4576 892 4631 par
931 4566 1065 4613 erat.
1102 4555 1296 4611 Verum
1328 4555 1468 4611 mala
1509 4570 1597 4611 res
1623 4555 1821 4609 invidia
1845 4596 1859 4620 ,
1909 4569 2026 4627 qua:

441 4657 543 4712 sibi
572 4655 669 4726 ipsi
697 4667 843 4723 saepe
873 4660 1148 4720 repugnat.
1179 4647 1310 4703 Nam
1336 4664 1455 4719 qua:
1487 4647 1744 4713 inaudita,
1774 4657 1827 4701 et
1854 4646 2027 4700 admi-

442 4750 607 4808 randa
632 4755 788 4805 erant
812 4787 827 4808 ,
870 4759 1095 4816 qumque
1127 4743 1246 4797 illos
1288 4741 1557 4796 attrahere
1585 4748 1866 4811 poterant,
1915 4739 2029 4794 haec

442 4845 548 4903 illis
593 4841 912 4897 offendicula
940 4846 1113 4893 erant.
1144 4834 1282 4903 Quid
1324 4835 1483 4906 igitur
1507 4836 1754 4891 Christus
1790 4835 1856 4889 ad
1886 4834 2027 4890 eos?

444 4936 567 4992 Non
595 4944 667 4989 est
692 4931 938 5005 praplteta
956 4970 973 4997 ,
1008 4929 1215 4998 inquit,
1247 4927 1357 4981 sine
1385 4927 1576 4981 honore
1595 4968 1610 4992 ,
1641 4927 1738 4981 nisi
1779 4928 1831 4981 in
1858 4928 2028 4997 patria

443 5047 568 5095 sua,
602 5036 647 5083 et
684 5027 739 5080 in
776 5024 926 5079 domo
955 5040 1068 5078 sua.
1096 5010 1185 5077 58.
1233 5020 1298 5073 Et
1328 5037 1427 5075 non
1456 5021 1570 5091 fecit
1600 5020 1804 5074 uirtutes
1841 5020 2030 5076 multas

444 5131 649 5193 propter
692 5116 1098 5172 incredulitatem
1140 5130 1332 5169 eorum.
1380 5112 1549 5167 Lucas
1591 5122 1765 5167 autem
1801 5114 1875 5168 ait
1916 5130 1930 5167 :
1967 5112 2031 5167 Et

444 5231 545 5269 non
572 5212 688 5282 fecit
730 5211 797 5265 ibi
824 5211 968 5281 signa
996 5209 1175 5261 multa.
1210 5206 1368 5276 Atqui
1400 5206 1575 5260 facere
1599 5206 1903 5273 debuisset,
1950 5207 2029 5261 in-

445 5307 617 5377 quies.
644 5303 777 5359 Nam
804 5303 847 5357 si
876 5301 927 5357 id
957 5307 1277 5371 assequutus
1305 5308 1387 5354 est
1416 5306 1472 5351 ut
1497 5297 1834 5352 admirationi
1863 5306 2027 5369 esset,

446 5407 506 5453 ut
533 5410 659 5451 vere
686 5394 823 5461 fuit,
852 5408 946 5447 cur
973 5393 1122 5463 signa
1163 5406 1267 5445 non
1300 5388 1459 5445 fecit?
1485 5389 1617 5455 Quia
1657 5404 1761 5444 non
1791 5400 2030 5444 ostenta-

446 5490 668 5551 tionem,
699 5485 794 5541 sed
819 5500 1005 5540 eorum
1035 5485 1312 5538 utilitatem
1344 5483 1396 5536 in
1424 5496 1588 5553 scopo
1624 5481 1871 5538 habebat.
1896 5483 2030 5536 Cum

449 5583 607 5654 igitur
633 5580 748 5634 haec
775 5579 855 5632 via
885 5594 990 5632 non
1032 5575 1345 5632 succederet
1363 5616 1380 5639 .
1422 5577 1491 5631 ab
1520 5591 1586 5630 eo
1611 5575 1753 5645 quod
1782 5591 1813 5631 e
1840 5593 1898 5630 re
1935 5591 2030 5630 sua

448 5685 567 5728 esse
595 5669 870 5725 videbatur
899 5668 1173 5733 abstinuit,
1197 5682 1264 5723 ne
1290 5668 1419 5736 ipsis
1446 5668 1762 5736 supplicium
1789 5678 2028 5737 augeret.

449 5765 779 5835 Quamquam
808 5768 928 5824 post
961 5767 1163 5816 tantum
1197 5768 1438 5832 tempus,
1467 5769 1588 5833 post
1614 5768 1691 5817 tot
1717 5761 1858 5818 edita
1885 5761 2033 5832 signa

2155 571 2221 627 ad
2250 572 2369 628 illos
2396 574 2603 629 venerit
2634 591 2648 627 :
2677 582 2733 629 at
2758 590 2932 646 neque
2962 577 3039 632 sic
3062 578 3208 633 illum
3237 579 3492 647 tulerunt,
3524 582 3619 636 imo
3645 598 3719 636 ar-

2155 664 2356 720 debant
2408 664 2624 720 invidia.
2666 666 2778 722 Cur
2815 682 2944 737 ergo
2978 684 3142 739 pauca
3185 681 3360 726 tamen
3404 671 3529 728 fecit
3555 675 3719 744 signa?

2152 754 2231 811 Ne
2259 755 2519 825 dicerent,
2550 757 2763 824 Mediae,
2793 775 2918 813 cura
2942 770 2991 814 te
3011 762 3178 831 ipsum
3204 761 3353 833 (Luc.
3377 764 3431 818 4.
3460 763 3588 835 23);
3619 766 3716 831 vel,

2152 847 2403 903 Inimicus
2430 859 2614 906 noster
2653 861 2736 906 est
2762 862 2817 908 et
2846 853 3014 909 hostis
3035 895 3051 921 ,
3083 856 3378 925 aftinesque
3406 874 3534 913 suos
3559 860 3718 929 despi-

2102 949 2117 961 °
2149 938 2255 1007 cit;
2288 956 2357 997 ne
2382 941 2646 1006 dicerent,
2673 942 2729 997 Si
2775 943 2909 999 facta
2941 945 3166 1001 fuissent
3188 946 3336 1018 signa
3358 991 3372 1014 ,
3411 965 3511 1005 nos
3530 965 3721 1021 quoque

2150 1032 2583 1089 eredidissemus.
2613 1033 2735 1092 Ideo
2764 1045 2816 1091 et
2843 1036 2992 1107 signa
3019 1038 3144 1093 fecit
3164 1081 3179 1105 ,
3217 1048 3272 1095 et
3304 1042 3412 1095 cito
3440 1039 3608 1097 facere
3629 1042 3720 1097 de.

2145 1123 2253 1187 siit;
2282 1132 2391 1177 tum
2422 1135 2477 1179 ut
2502 1141 2622 1197 qua:
2650 1142 2743 1181 sua
2765 1140 2920 1183 erant
2947 1130 3223 1200 impleret;
3249 1141 3357 1187 tum
3379 1149 3448 1189 ne
3473 1135 3717 1205 majorem

2146 1215 2276 1285 ipsis
2327 1217 2723 1275 damnationem
2766 1222 3079 1278 attraheret.
3123 1224 3393 1280 Dictorum
3440 1243 3596 1297 porro
3622 1229 3721 1283 vim

2154 1309 2350 1378 cogita.
2388 1310 2559 1366 Etiam
2601 1313 2796 1367 invidia
2835 1317 3101 1386 correpti,
3142 1319 3472 1375 mirabantur
3514 1331 3720 1376 tamen:

2150 1415 2334 1455 verum
2368 1404 2506 1457 sicut
2536 1404 2587 1458 in
2616 1406 2869 1476 operibus
2896 1424 2999 1463 non
3032 1424 3118 1464 res
3147 1410 3289 1481 ipsas
3318 1412 3721 1479 reprehendunt,

2149 1492 2243 1547 sed
2289 1509 2482 1549 causas
2521 1497 3002 1554 comminiscuntur
3042 1501 3315 1568 dicentes,
3361 1502 3430 1558 In
3458 1503 3725 1561 Beelzebub

2149 1587 2285 1658 ejicit
2332 1588 2584 1645 daemonia
2627 1590 2782 1664 (Luc.
2827 1595 2916 1648 ll.
2972 1594 3060 1666 14)
3090 1613 3105 1649 :
3137 1598 3215 1652 sic
3256 1608 3310 1653 et
3339 1598 3439 1655 hoc
3478 1600 3595 1655 loco
3622 1618 3723 1656 non

2149 1679 2443 1735 doctrinam
2465 1684 2701 1753 culpant,
2732 1684 2827 1740 sed
2854 1684 2920 1740 ad
2954 1688 3169 1757 generis
3200 1690 3579 1759 ignobilitatem
3597 1707 3725 1749 eon-

2149 1770 2379 1843 fugiunt.
2414 1775 2494 1829 Tu
2524 1791 2654 1831 vero
2682 1777 2810 1833 mibi
2841 1782 3111 1849 perpende
3141 1782 3381 1839 Doctoris
3408 1786 3719 1844 moderatio-

2148 1880 2293 1931 nem,
2325 1868 2595 1937 quomodo
2621 1885 2727 1925 non
2758 1870 2881 1926 illos
2904 1873 3188 1942 vituperet.
3214 1874 3310 1930 sed
3336 1890 3458 1931 eum
3484 1893 3725 1934 mansue-

2148 1958 2331 2014 tudine
2357 1960 2519 2014 multa
2541 1960 2684 2016 dicat
2708 1978 2722 2016 :
2752 1962 2873 2018 Non
2897 1974 2971 2018 est
3000 1967 3245 2037 propheta
3268 1968 3377 2023 sine
3399 1969 3604 2035 honore,
3629 1974 3725 2026 nisi

2146 2050 2199 2104 in
2239 2052 2404 2121 patria
2442 2069 2554 2107 sua.
2601 2052 2784 2125 Neque
2823 2054 2909 2111 hic
2949 2058 3116 2123 stetit,
3148 2059 3243 2114 sed
3289 2060 3520 2132 adjecit,
3570 2063 3633 2118 Et
3672 2066 3725 2120 in

2145 2141 2296 2197 domo
2323 2159 2452 2209 sua;
2480 2143 2693 2214 fratres,
2718 2155 2775 2203 ut
2796 2149 2923 2204 mihi
2951 2150 3167 2221 quidem
3196 2153 3422 2222 videtur,
3452 2171 3581 2214 suos
3604 2159 3727 2214 sub-

2144 2235 2402 2294 indicans.
2584 2243 2593 2252 '

2212 2327 2270 2383 2.
2314 2329 2466 2400 Apud
2499 2330 2695 2389 Lucam
2723 2337 2971 2408 exempla
3016 2337 3239 2408 hujusce
3276 2342 3356 2397 rei
3384 2346 3604 2413 apponit
3641 2347 3724 2401 di-

2143 2436 2309 2478 cens:
2341 2422 2526 2495 Neque
2561 2425 2743 2483 Helias
2786 2429 2854 2483 ad
2895 2445 3021 2485 suos
3073 2434 3250 2501 venit,
3281 2435 3378 2491 sed
3420 2438 3487 2493 ad
3519 2440 3725 2495 viduam

2142 2516 2519 2588 alienigenam,
2552 2536 2725 2591 neque
2750 2522 2817 2578 ab
2856 2523 3052 2579 Etiszeo
3079 2528 3214 2583 alius
3234 2539 3453 2585 curatus
3483 2531 3723 2601 leprosns

2140 2617 2243 2676 est,
2276 2610 2378 2664 nisi
2411 2610 2645 2667 Neeman
2669 2613 2965 2686 alienigena
2998 2616 3146 2689 (Luc.
3177 2620 3233 2675 4.
3256 2620 3348 2676 26.
3390 2622 3525 2692 27):
3561 2623 3727 2679 Israe-

2141 2701 2245 2755 lita:
2266 2718 2394 2757 vero
2423 2720 2522 2759 nec
2542 2705 2670 2775 quid
2699 2705 2824 2761 boni
2852 2719 3193 2779 acceperunt,
3227 2728 3326 2767 nec
3346 2715 3472 2783 quid
3501 2716 3624 2770 boni
3647 2717 3726 2771 fe-

2139 2804 2348 2859 cerunt,
2390 2796 2484 2851 sed
2521 2800 2762 2854 extranei
2813 2809 3039 2857 tantum.
3084 2802 3211 2858 Haec
3255 2821 3414 2875 porro
3442 2807 3593 2873 dicit,
3622 2811 3719 2864 im-

2140 2888 2359 2956 probam
2410 2888 2621 2944 illorum
2651 2894 3095 2948 consuetudinem
3126 2896 3285 2966 plane
3310 2900 3601 2956 ostendens
3624 2942 3640 2970 ,
3670 2913 3728 2957 et

2139 2978 2273 3034 nihil
2319 2994 2379 3035 se
2419 2981 2544 3036 novi
2590 2983 2819 3052 experiri
2849 2984 3148 3041 declarans.
3195 2986 3363 3059 (Cap.
3404 2991 3529 3062 14.)
3569 2994 3622 3047 Ι.
3656 2993 3725 3047 In

2137 3070 2228 3124 illo
2270 3079 2492 3141 tempore
2525 3073 2713 3127 audivit
2760 3074 2989 3130 Herodes
3032 3081 3285 3134 tetrarclm
3324 3085 3516 3154 fanum
3570 3083 3725 3139 Jestt.

2137 3160 2376 3217 Mortuus
2415 3162 2557 3218 enim
2586 3175 2702 3221 erat
2740 3167 2899 3237 hujus
2927 3177 3077 3237 pater
3102 3170 3341 3227 Herodes
3362 3214 3378 3239 ,
3407 3176 3495 3245 qui
3529 3191 3727 3244 pueros

2136 3255 2424 3309 occiderat.
2455 3255 2562 3311 Nec
2605 3257 2723 3313 sine
2760 3274 2920 3315 causa
2966 3270 3176 3331 tempus
3221 3274 3443 3320 annotat
3488 3281 3725 3338 evange-

2137 3348 2255 3403 lisut
2279 3389 2296 3417 ,
2326 3349 2419 3405 sed
2451 3362 2508 3405 ut
2533 3352 2743 3423 tyranni
2777 3352 2972 3409 fastum
3003 3364 3059 3410 et
3087 3357 3461 3429 negligentiam
3489 3361 3722 3417 ediscas.

2135 3442 2318 3513 Neque
2343 3445 2484 3499 enim
2513 3445 2663 3501 initio
2703 3446 2788 3501 illa
2817 3447 3001 3503 didicit
3026 3491 3042 3517 ,
3071 3451 3165 3505 sed
3192 3460 3311 3521 post
3335 3454 3556 3509 multum
3590 3463 3730 3510 tem-

2136 3535 2301 3605 poris.
2344 3536 2434 3592 Sic
2457 3537 2597 3592 enim
2630 3538 2897 3609 principes
2938 3539 3134 3597 fastum
3160 3544 3381 3598 multum
3418 3561 3527 3615 prae
3554 3563 3617 3602 se
3642 3547 3728 3603 fe-

2133 3638 2350 3695 rentes,
2398 3643 2487 3684 res
2535 3628 2843 3700 hujusmodi
2892 3633 3095 3690 tardius
3133 3634 3406 3701 ediscunt,
3454 3639 3577 3709 quia
3613 3638 3730 3694 haec

2132 3722 2282 3791 parvi
2311 3720 2530 3777 faciunt.
2572 3722 2655 3777 Tu
2683 3739 2808 3778 vero
2836 3725 2965 3780 mihi
2998 3728 3269 3797 perpende
3307 3739 3503 3798 quanta
3542 3746 3632 3787 res
3656 3733 3729 3788 sit

2133 3814 2332 3875 virtus;
2364 3830 2485 3871 nam
2528 3815 2618 3870 ille
2648 3825 2917 3873 mortuum
2979 3819 3233 3887 timebat,
3265 3820 3491 3893 hincque
3514 3823 3585 3879 de
3610 3825 3729 3895 ejus

2134 3910 2527 3988 resurrectione
2555 3908 3052 3980 philosophabatur.
3079 3912 3135 3968 2.
3164 3912 3310 3968 Dixit
3334 3915 3500 3982 enim,
3530 3917 3725 3988 inquit,

2134 3986 2303 4070 pueris
2329 4000 2436 4054 suis
2462 4014 2482 4054 :
2512 3997 2613 4054 llic
2637 4010 2710 4054 est
2751 3999 3013 4068 Joannes,
3047 4020 3193 4073 quem
3224 4020 3311 4074 ego
3351 3986 3619 4075 interfeci;
3645 4009 3729 4062 bis

2132 4094 2407 4146 resurrexit
2431 4109 2463 4146 a
2502 4093 2755 4157 mortuis;
2802 4104 2849 4148 et
2877 4095 2990 4148 ideo
3017 4095 3222 4150 virtutes
3244 4107 3521 4167 operantur
3554 4100 3615 4154 in
3645 4117 3725 4155 eo.

2133 4182 2322 4238 Videu'
2344 4184 2599 4254 grandem
2645 4185 2931 4240 timorem?
2959 4186 3142 4257 Neque
3169 4189 3320 4242 enim
3345 4189 3396 4244 id
3426 4191 3479 4244 in
3507 4192 3730 4260 publico

2131 4274 2311 4330 dicere
2337 4291 2499 4331 ausus
2537 4285 2658 4343 est,
2696 4277 2790 4332 sed
2817 4276 3126 4334 domesticis
3155 4289 3360 4335 tantum
3387 4281 3500 4339 suis
3538 4284 3624 4338 sic
3650 4286 3732 4339 lo-

2131 4369 2413 4439 quebatur.
2446 4370 2695 4425 Attamen
2743 4370 2857 4426 lure
2882 4371 3111 4427 absurda
3142 4373 3327 4443 opinio
3368 4377 3598 4431 militem
3636 4393 3731 4433 sa-

2132 4463 2329 4532 piebat.
2360 4463 2510 4517 Multi
2550 4463 2692 4518 enim
2722 4474 3073 4519 surrexerunt
3098 4479 3127 4518 a
3155 4467 3383 4522 mortuis
3406 4508 3422 4533 ,
3462 4478 3519 4524 et
3561 4484 3732 4525 nemo

2131 4570 2203 4609 ex
2245 4554 2323 4609 eis
2366 4554 2656 4625 quidquam
2702 4554 3005 4625 hujusmodi
3048 4554 3193 4612 fecit.
3257 4557 3517 4614 Videntur
3562 4576 3733 4631 porro

2133 4646 2259 4700 mihi
2285 4645 2401 4701 hrrc
2419 4648 2579 4702 verba
2602 4648 2944 4702 ambitionem
2968 4648 3125 4703 simul
3154 4658 3208 4704 et
3231 4651 3478 4706 timorem
3507 4667 3729 4722 sapere.

2131 4737 2221 4795 Sic
2246 4739 2440 4811 quippe
2464 4741 2637 4795 minus
2660 4742 2772 4794 sani
2802 4741 2987 4806 animi,
3014 4742 3407 4798 contrariorum
3434 4743 3733 4799 affectuum

2132 4848 2276 4904 smpe
2305 4834 2614 4889 mixtionem
2643 4834 2949 4890 admittunt.
2976 4836 3149 4892 Lucas
3169 4852 3296 4892 vero
3320 4850 3504 4894 narrat
3522 4840 3735 4895 dixisse

2133 4928 2387 5000 populum
2414 4945 2428 4982 :
2461 4928 2558 4983 Hic
2579 4936 2662 4982 est
2692 4928 2833 4982 Elias
2856 4969 2871 4993 ,
2912 4937 3006 4983 aut
3031 4928 3324 4997 Jeremias,
3355 4939 3448 4985 aut
3472 4947 3621 4987 unus
3665 4948 3735 4986 ex

2133 5020 2404 5076 veteribus
2432 5020 2705 5091 prophetis
2734 5021 2752 5089 (
2776 5019 2899 5073 Luc.
2925 5019 2979 5075 9.
3012 5019 3119 5091 8);
3159 5020 3247 5076 hic
3270 5037 3401 5078 vero
3427 5024 3738 5094 sapientius

2136 5121 2301 5176 quam
2355 5110 2447 5163 alii
2478 5125 2535 5163 se
2568 5111 2789 5178 putabat
2822 5113 2897 5167 ita
2927 5113 3128 5170 dicere.
3191 5114 3501 5173 Verisimile
3527 5132 3723 5175 autem

2142 5207 2224 5254 est
2282 5200 2435 5253 illum
2487 5200 2643 5254 initio
2682 5202 2923 5270 quidem,
2957 5219 3081 5258 cum
3114 5205 3358 5261 dicerent
3387 5224 3522 5264 esse
3547 5209 3729 5264 Joan-

2138 5308 2261 5347 nem
2281 5295 2427 5364 (nam
2484 5294 2634 5348 multi
2669 5269 2749 5350 sic
2788 5269 3085 5368 dicebant),
3127 5298 3177 5352 id
3210 5314 3456 5368 negasse,
3494 5312 3570 5368 et,
3609 5303 3731 5373 Ego

2137 5385 2290 5440 illum
2359 5386 2568 5451 occidi,
2636 5388 2879 5451 dixisse,
2950 5389 3017 5443 de
3062 5390 3206 5445 czede
3259 5392 3350 5447 illa
3415 5395 3730 5451 insolenter

2135 5478 2478 5547 gloriantem.
2518 5477 2632 5534 Hoc
2686 5480 2831 5533 enim
2860 5478 3078 5537 Marcus
3098 5492 3155 5537 et
3207 5482 3387 5541 Lucas
3420 5486 3727 5543 dixisseil-

2134 5570 2244 5623 lum
2295 5580 2555 5637 narrant,
2590 5570 2704 5642 Ego
2750 5571 3012 5627 Joannem
3043 5552 3318 5631 decoliavi.
3360 5578 3497 5634 Cum
3529 5590 3722 5635 autem

2135 5662 2279 5716 fania
2327 5663 2663 5732 praevaleret,
2705 5665 2926 5720 demum
2992 5667 3107 5737 ipse
3167 5669 3307 5724 idem
3351 5670 3527 5740 ipsum
3561 5672 3721 5743 quod

2134 5754 2228 5809 alii
2252 5753 2411 5810 dixit.
2430 5753 2632 5811 Deinde
2665 5771 2794 5813 vero
2815 5757 3102 5815 historiam
3130 5760 3277 5817 illam
3304 5763 3462 5819 nobis
3477 5778 3725 5836 evange-
