3908 6198
219 279 321 332 489

219 399 334 453 lista
366 406 565 453 narrat.
599 398 666 454 Et
692 414 787 454 cur
809 410 913 455 non
938 397 1077 454 illam
1102 400 1470 470 praemiserat?
1498 400 1632 467 Quia
1662 398 1716 454 in
1739 413 1805 455 eo

219 498 361 544 totus
386 499 523 556 erat,
550 499 606 544 ut
634 488 829 546 Christi
860 501 1006 562 gesta
1033 490 1364 548 describeret
1390 534 1405 558 ,
1449 491 1689 561 nihilque
1713 506 1802 547 ex-

218 591 297 634 tra
328 596 438 635 rem
466 583 808 651 evangelista:
838 581 1132 647 dicebant,
1172 583 1274 638 nisi
1325 582 1378 638 id
1409 584 1475 639 ad
1501 584 1803 638 institutum

213 686 368 727 suum
398 673 709 730 referretur.
733 674 848 729 Non
871 690 999 746 ergo
1018 675 1156 730 hanc
1178 674 1453 730 historiam
1480 689 1807 731 commemo-

212 777 424 823 rassent
446 810 461 832 ,
496 768 597 824 nisi
627 778 848 839 propter
872 768 1140 824 Christum
1166 811 1182 836 ,
1227 777 1283 825 et
1306 768 1406 824 nisi
1447 768 1687 826 Herodes
1724 768 1805 824 di-

213 863 383 917 xisset
421 860 678 917 Joannem
730 861 1109 918 resurrexisse.
1150 860 1360 918 Marcus
1406 860 1557 934 (Cap.
1602 862 1654 916 6.
1705 861 1803 932 9.0)

212 969 342 1008 vero
380 954 454 1009 ait
490 952 749 1010 Joannem
781 969 972 1024 magno
1014 953 1065 1008 in
1097 954 1299 1010 honore
1336 953 1502 1011 fuisse
1527 951 1666 1025 apud
1696 953 1801 1009 Ile-

212 1048 419 1115 rudem,
466 1048 671 1103 etiamsi
716 1047 804 1105 hic
846 1048 915 1103 ab
945 1048 1035 1103 illo
1061 1048 1487 1119 redargueretur.
1520 1046 1687 1102 Tanta
1715 1044 1802 1103 res

211 1148 293 1194 est
314 1140 500 1193 virtus.
526 1138 729 1194 Deinde
754 1153 973 1194 narrare
998 1139 1077 1193 sic
1105 1139 1278 1209 pergit
1302 1157 1315 1193 :
1343 1139 1399 1194 '5.
1426 1136 1652 1193 Herodes
1668 1137 1802 1193 enim

210 1246 327 1283 cum
355 1230 590 1283 tenuisset
623 1227 914 1294 Joannem,
944 1230 1118 1303 ligavit
1145 1246 1257 1285 eum
1277 1272 1292 1295 ,
1323 1239 1371 1283 et
1411 1230 1579 1299 posuit
1604 1229 1656 1303 in
1683 1244 1800 1282 car-

211 1338 375 1375 cerem
406 1330 613 1392 propter
635 1320 982 1375 Herodiadem
1008 1337 1217 1376 uxorem
1245 1318 1478 1391 Philippi
1503 1321 1678 1392 fratris
1697 1319 1796 1374 sui.

212 1414 265 1468 ι.
297 1412 505 1468 Dicebat
529 1413 663 1467 enim
707 1413 787 1467 illi
811 1411 1038 1468 Joannes
1062 1427 1081 1466 :
1107 1410 1229 1466 Non
1258 1409 1371 1465 licet
1399 1412 1488 1465 tibi
1517 1411 1700 1465 habere
1735 1410 1801 1464 il-

212 1505 332 1559 lum.
369 1505 421 1559 5.
456 1502 519 1557 Et
538 1505 709 1559 volens
734 1520 849 1558 eum
877 1504 1178 1572 interﬁcere,
1209 1504 1377 1557 timuit
1406 1502 1658 1566 turbam‘,
1681 1502 1800 1573 quia

211 1597 336 1650 sicut
368 1596 665 1665 prophetam
695 1612 808 1649 eum
835 1594 1104 1650 habebant.
1136 1594 1247 1649 Cur
1274 1610 1380 1650 non
1412 1593 1794 1660 llerodiadem,

210 1688 301 1743 sed
334 1688 477 1743 illurn
505 1688 828 1759 alloquitur?
873 1688 1007 1757 Quia
1049 1688 1350 1759 prmcipuus
1378 1687 1468 1743 ille
1495 1696 1631 1743 erat.
1666 1687 1798 1744 Vide

210 1781 477 1850 quomodo
500 1781 897 1836 accusationem
928 1781 1105 1835 minus
1131 1794 1413 1836 onerosam
1441 1780 1618 1847 faciat,
1651 1780 1720 1834 ita
1741 1789 1797 1835 ut

210 1873 427 1927 historia
453 1873 626 1943 potius
651 1889 810 1943 quam
841 1873 1111 1928 accusatio
1142 1870 1391 1927 videatur
1419 1886 1562 1927 esse.
1591 1871 1644 1928 ϐ.
1668 1871 1797 1927 Cum

206 1974 374 2017 autent
400 1964 633 2018 natalitia
666 1962 888 2018 Herodis
916 1972 1221 2033 agerentur,
1250 1962 1455 2018 saltavit
1476 1964 1592 2032 'ﬁlia
1624 1961 1793 2018 Hero-

204 2056 373 2111 diadis
400 2056 454 2110 in
480 2056 646 2111 medio
670 2098 685 2123 ,
730 2065 778 2110 et
807 2057 1000 2126 placuit
1035 2054 1249 2110 Herodi.
1274 2055 1320 2112 Ο
1345 2056 1645 2111 convivium
1675 2056 1792 2111 dia-

204 2149 469 2203 bolicum!
501 2164 533 2204 o
564 2148 829 2203 theatrum
860 2148 1191 2203 satanicum!
1224 2163 1258 2203 ο
1288 2148 1522 2220 iniquam
1553 2148 1792 2204 saltatio-

201 2248 358 2306 nem,
410 2257 474 2297 ac
516 2241 819 2297 mercedem
863 2242 1162 2297 saltationis
1214 2241 1552 2311 iniquiorem.
1603 2239 1792 2298 Caedes

203 2335 345 2389 enim
373 2334 609 2388 omnium
655 2333 1033 2390 scelestissima
1063 2333 1415 2403 peragebatur
1435 2373 1452 2399 ,
1481 2339 1538 2388 et
1574 2333 1663 2402 qui
1701 2336 1793 2388 co—

203 2427 380 2481 ronari
426 2435 481 2481 et
523 2426 783 2482 celebrari
823 2426 1160 2492 merebatur,
1207 2426 1259 2480 in
1306 2426 1482 2482 medio
1519 2425 1791 2496 iugulatus

201 2528 282 2573 est
327 2537 341 2573 :
390 2518 691 2574 daemonum
744 2526 1001 2588 tropaeum
1048 2519 1101 2573 in
1147 2530 1330 2573 mensa
1378 2526 1614 2573 erectum
1669 2517 1787 2573 fuit.

201 2610 448 2667 Victoria:
476 2610 666 2667 modus
689 2611 901 2665 caeteris
929 2610 1094 2681 gestis
1119 2609 1312 2681 dignus
1343 2608 1460 2664 fuit.
1485 2608 1620 2664 Nam
1654 2607 1783 2665 Salo

200 2706 339 2771 tavit,
375 2702 565 2775 inquit,
595 2701 705 2769 ﬁlia
727 2694 1039 2756 H'erodiadis
1066 2702 1119 2755 in
1150 2702 1335 2767 medio,
1365 2711 1411 2755 et
1442 2700 1636 2770 placuit
1676 2698 1787 2755 He-

197 2796 327 2850 rodi.
380 2796 433 2850 7.
470 2793 617 2851 Unde
650 2794 994 2866 jurejurando
1032 2793 1297 2866 afﬁrmavit
1334 2810 1389 2848 se
1430 2792 1508 2847 illi
1549 2792 1788 2846 daturum

195 2889 542 2960 quodcumque
569 2888 787 2959 petierit.
818 2887 873 2942 8.
901 2885 1009 2942 Illa
1050 2903 1166 2941 vero
1195 2903 1227 2941 a
1259 2896 1419 2940 matre
1448 2886 1745 2955 praemonita
1768 2926 1783 2949 ,

196 2981 276 3036 Da
297 2983 441 3048 mihi,
476 2982 568 3048 ait,
599 2982 682 3035 hic
707 2983 763 3054 in
790 2982 929 3040 disco
955 2991 1107 3053 caput
1128 2979 1348 3035 Joannis
1384 2977 1653 3048 Baptistae.
1676 2977 1784 3032 Du-

196 3074 309 3144 plex
335 3075 558 3141 crimen,
582 3085 638 3131 et
661 3074 803 3146 quod
830 3075 1055 3141 saltarit,
1079 3082 1133 3129 et
1156 3073 1295 3144 quod
1323 3072 1601 3144 placuerit,
1628 3080 1786 3141 atque

194 3167 261 3220 ita
291 3166 571 3235 placuerit,
603 3177 661 3221 ut
690 3166 865 3222 czedes
893 3166 967 3220 illi
995 3181 1095 3237 pro
1123 3166 1373 3221 mercede
1396 3175 1559 3220 esset.
1595 3164 1782 3219 Viden‘

193 3274 347 3328 quam
381 3258 637 3331 crudelis,
671 3273 836 3329 quam
862 3258 1196 3319 insensatus,
1220 3271 1383 3335 quam
1414 3271 1645 3313 vesanus
1669 3256 1782 3311 sit?

186 3350 504 3409 Juramento
527 3371 586 3410 se
609 3354 902 3411 obnoxium
929 3350 1141 3419 reddit;
1173 3351 1250 3407 illi
1280 3364 1410 3405 vero
1428 3352 1520 3407 dat
1536 3358 1778 3422 potesta-

193 3452 294 3498 tem
323 3443 540 3513 petendi
584 3459 704 3514 qua:
742 3444 892 3498 velit.
923 3441 1056 3498 Cum
1094 3453 1287 3497 autem.
1310 3442 1442 3496 vidit
1484 3442 1611 3511 quid
1653 3441 1780 3497 mali

190 3536 312 3590 hinc
340 3536 602 3599 evenerit,
633 3532 971 3590 Contristatus
1009 3544 1102 3601 est,
1133 3533 1339 3604 inquit;
1370 3548 1690 3603 quamquam
1712 3534 1781 3589 ab

189 3626 338 3682 initio
367 3627 623 3697 ligaverat
649 3629 842 3698 ipsum.
872 3625 980 3681 Cur
1002 3641 1131 3697 ergo
1159 3624 1546 3681 contristatur?
1585 3625 1781 3697 Hujus-

189 3720 328 3776 modi
350 3730 439 3776 est
467 3719 671 3775 virtus:
699 3720 860 3774 etiam
888 3718 1029 3789 apud
1060 3717 1335 3789 improbos
1362 3716 1701 3775 admirationi
1726 3728 1780 3774 et

188 3812 327 3868 laudi
358 3820 463 3868 est.
495 3810 624 3875 Sed,
651 3827 685 3867 ο
712 3810 965 3865 furiosam
991 3810 1294 3875 mulierem,
1326 3825 1444 3879 quae
1471 3824 1593 3865 cum
1619 3824 1779 3880 opor-

190 3912 323 3958 teret
347 3902 500 3958 illum
540 3900 791 3957 admirari
823 3915 886 3956 ac
914 3900 1160 3956 venerari
1186 3943 1200 3965 ,
1233 3899 1374 3971 quod
1404 3901 1572 3970 ipsam
1600 3900 1668 3956 ab
1698 3900 1780 3955 in-

187 3996 318 4068 juria
351 3993 671 4060 vindicaret,
699 3993 883 4049 drama
913 4002 1081 4048 totum
1112 3992 1347 4058 ordinat,
1378 3992 1627 4063 laqueum
1660 4001 1778 4047 ten-

188 4090 280 4153 dit,
312 4089 646 4161 gratiamque
674 4089 807 4158 petit
835 4086 1150 4141 satanieam.
1179 4085 1236 4142 9.
1268 4083 1299 4139 1
1303 4101 1392 4156 pse
1414 4093 1581 4139 autem
1609 4084 1773 4138 timuit

187 4190 389 4250 prapter
404 4178 799 4250 jusjurandum,
829 4179 1020 4249 inquit,
1049 4176 1103 4232 et
1125 4177 1279 4233 simul
1304 4177 1661 4232 recumbentes.
1707 4176 1777 4231 Et

186 4286 279 4326 cur
303 4272 447 4343 quod
476 4271 687 4342 gravius
721 4280 838 4325 erat
861 4286 965 4327 non
995 4269 1263 4326 timuisti?
1290 4269 1423 4325 Nam
1453 4270 1497 4325 si
1522 4269 1664 4341 quod
1692 4278 1777 4325 te-

187 4374 293 4417 stes
324 4362 546 4434 perjurii
575 4361 772 4418 habere
804 4361 1156 4439 formidahas,
1189 4361 1356 4416 multo
1381 4361 1548 4433 magis
1571 4361 1773 4417 caedem

186 4455 477 4511 formidare
520 4455 801 4526 oportebat
829 4454 900 4511 ita
925 4454 1184 4525 iniquam,
1213 4467 1334 4510 cum
1366 4461 1445 4509 tot
1469 4461 1633 4510 testes
1659 4454 1775 4524 ejus

190 4545 433 4601 haberes.

253 4638 307 4693 '5.
350 4636 487 4706 Quia
523 4652 652 4692 vero
671 4645 798 4707 puto
835 4637 1031 4693 multos
1064 4636 1420 4693 accusationis
1446 4650 1511 4693 ex
1540 4650 1644 4708 qua
1670 4651 1775 4693 cae-

188 4728 280 4785 des
305 4740 426 4786 orta
456 4739 539 4785 est
568 4738 941 4801 argumentum
972 4731 1220 4801 ignorare
1238 4772 1253 4796 ,
1288 4731 1652 4786 necessarium
1690 4738 1775 4786 est

189 4824 287 4878 hoc
308 4824 473 4878 etiam
504 4823 704 4890 dicere,
736 4832 793 4878 ut
826 4823 1144 4894 legislatoris
1173 4823 1508 4894 prudentiam
1530 4824 1769 4879 discatis.

187 4911 441 4980 Quasnam
472 4928 601 4985 ergo
629 4924 781 4969 vetus
811 4914 893 4969 lex
936 4912 1020 4968 illa
1048 4922 1165 4969 erat
1184 4953 1200 4979 ,
1241 4930 1401 4985 quam
1437 4915 1771 4970 conculcavit

188 5005 459 5074 Herodes,
485 5016 539 5062 et
564 5007 853 5062 vindicavit
871 5006 1150 5063 Joannes?
1176 5006 1304 5078 Ejus
1325 5008 1413 5077 qui
1447 5008 1561 5063 sine
1589 5008 1772 5063 liberis

188 5107 486 5153 moreretur
504 5113 723 5152 uxorem
748 5098 894 5152 fratri
921 5097 1036 5152 dari
1062 5097 1343 5168 oportebat
1369 5096 1546 5167 (Deut.
1572 5097 1666 5154 '25.
1688 5097 1768 5168 5).

188 5189 314 5256 Quia
336 5189 480 5243 enim
497 5203 601 5244 non
620 5189 947 5244 consolabile
958 5188 1155 5244 malum
1174 5203 1318 5243 mors
1334 5197 1447 5243 erat
1462 5232 1476 5256 ,
1494 5198 1547 5244 et
1558 5204 1656 5259 pro
1666 5188 1772 5245 vita

187 5282 448 5337 servanda
478 5282 608 5337 nihil
638 5299 741 5338 non
767 5283 959 5353 agitur,
989 5282 1158 5353 legem
1190 5283 1404 5345 statuit,
1440 5293 1497 5336 nt
1525 5284 1613 5352 qui
1644 5281 1774 5337 vivit

189 5390 407 5430 uxorem
442 5374 620 5431 fratris
652 5375 887 5431 defuncti
936 5376 1136 5442 ducat,
1179 5387 1234 5431 et
1278 5377 1445 5431 tilium
1490 5377 1616 5433 hinc
1645 5392 1770 5447 pro-

186 5480 424 5522 creatum
456 5469 647 5523 mortui
673 5470 888 5524 nomine
915 5479 1088 5536 vocet,
1118 5470 1190 5524 ita
1218 5479 1274 5524 ut
1301 5470 1492 5524 domus
1519 5470 1635 5539 ejus
1664 5486 1769 5525 non

187 5559 417 5615 excidat.
444 5560 497 5618 Si
520 5561 663 5617 enim
690 5572 933 5618 mortuus
961 5562 1097 5620 tilios
1125 5578 1234 5619 non
1264 5562 1594 5633 relinquebat
1613 5603 1627 5628 ,
1651 5579 1771 5633 quae

194 5753 204 5763 _
248 5698 267 5729 ι
302 5698 496 5755 quidam
522 5699 705 5768 habent
731 5713 742 5768 ξ
772 5704 824 5748 Et
848 5698 1002 5768 nolens
1024 5714 1134 5751 eum
1167 5697 1457 5765 interficere,
1484 5698 1638 5765 posuit
1661 5712 1770 5751 eum

187 5761 235 5809 tu
258 5773 470 5822 carcere,
496 5761 651 5813 timuit
670 5762 794 5813 cnim
820 5761 1023 5813 turbam.

1136 276 1203 334 IN
1243 277 1652 336 MATTHEUM
1691 270 1923 333 HOMIL.
1967 275 2191 334 XLVIII.
2232 280 2302 339 al.
2344 281 2530 339 XLIX.

3394 288 3498 343 ὅθί)

1924 403 2098 452 tamen
2136 400 2363 455 maxima
2411 409 2495 458 est
2535 403 2727 459 mortis
2764 404 3062 460 consolatio
3085 444 3100 469 ,
3146 403 3500 461 intolerabilis

1912 486 2086 544 luctus
2125 490 2332 547 futurus
2356 501 2495 548 erat.
2535 492 2661 550 Ideo
2689 494 2961 566 legislator
2996 498 3135 551 hanc
3171 497 3495 551 consolatio-

1911 594 2033 635 nem
2073 582 2397 653 exeogitavit
2442 584 2508 639 iis
2528 626 2542 649 ,
2565 585 2759 655 quibus
2788 594 2978 641 natura
3012 586 3151 643 filios
3177 599 3461 659 negaverat
3480 632 3495 653 ,

1909 682 1965 728 et
1992 675 2318 730 nasciturum
2348 676 2490 731 illius
2521 678 2737 734 nomine
2765 680 2944 734 vocari
2973 680 3249 751 praecepit.
3277 680 3332 736 Si
3367 697 3497 737 vero

1910 775 2152 821 mortuus
2172 765 2337 821 filium
2364 769 2710 839 relinqueret,
2731 778 2856 824 tunc
2883 785 2988 825 non
3013 770 3214 827 licitum
3232 780 3348 826 erat
3366 787 3496 827 con-

1910 857 2155 913 nubium.
2184 858 2254 914 Et
2290 875 2387 915 cur
2415 861 2440 915 ?
2470 862 2679 932 inquies
2709 879 2724 917 :
2767 878 2888 918 nam
2927 865 2975 922 si
2998 864 3152 919 alteri
3181 866 3373 921 licebat
3396 865 3496 921 du-

1905 960 2060 1011 cere,
2095 949 2266 1007 multo
2308 953 2478 1023 magis
2526 954 2698 1009 fratri.
2746 953 3091 1025 Nequaquam
3134 972 3148 1009 :
3187 957 3300 1012 vult
3352 958 3494 1012 enim

1905 1039 2219 1098 affinitatem
2246 1045 2495 1112 extendi,
2531 1055 2587 1101 et
2617 1046 2812 1102 multas
2842 1047 3024 1103 haberi
3051 1051 3362 1105 occasiones
3397 1065 3493 1105 co-

1903 1134 2169 1202 gnationis
2196 1136 2462 1192 ineundae.
2512 1138 2576 1193 Et
2616 1153 2712 1194 cur
2737 1139 2830 1196 illo
2853 1138 2969 1196 sine
2994 1141 3178 1197 liberis
3211 1142 3484 1210 defuncto,

1904 1239 2008 1278 non
2036 1225 2170 1282 alius
2193 1226 2390 1284 ducere
2419 1234 2674 1300 poterat?
2698 1231 2832 1301 Quia
2861 1233 2939 1288 sic
2969 1250 3074 1289 non
3106 1244 3317 1305 putatus
3353 1237 3490 1293 fuis-

1902 1325 1984 1370 set
2022 1331 2141 1373 esse
2184 1319 2377 1374 mortui
2405 1322 2543 1376 filius
2583 1339 2598 1376 :
2645 1339 2786 1378 nunc
2811 1340 2939 1378 vero
2976 1327 3276 1383 seminante
3302 1328 3488 1396 fratre,

1905 1409 2191 1478 probabilis
2226 1421 2342 1468 erat
2368 1413 2610 1469 inventio
2638 1416 2749 1471 illa.
2772 1418 3022 1488 Alioquin
3052 1433 3178 1474 vero
3200 1428 3489 1477 extraneus

1904 1515 2009 1555 non
2048 1511 2286 1572 putasset
2312 1506 2739 1562 constituendam
2781 1504 3183 1567 esse'defuneti
3224 1511 3485 1569 domum:

1905 1589 1991 1646 hic
2014 1602 2191 1648 autem
2223 1597 2554 1666 cognationis
2586 1598 2675 1669 jus
2710 1600 2959 1656 habebat.
3001 1602 3134 1669 Quia
3162 1619 3290 1674 ergo
3316 1606 3487 1661 Ilcro-

1900 1683 1997 1739 des
2026 1700 2245 1741 uxorem
2270 1688 2446 1743 fratris
2462 1690 2565 1758 sui,
2586 1705 2705 1761 qua:
2728 1692 2930 1761 prolem
2958 1692 3205 1759 habebat,
3224 1696 3483 1771 duxit(a),

1900 1775 2022 1832 ideo
2077 1789 2291 1835 accusat
2355 1781 2500 1836 illum
2564 1782 2828 1854 Joannes,
2889 1794 2944 1840 et
3000 1787 3273 1844 moderate
3328 1790 3487 1847 simul

1898 1877 2060 1938 atque
2096 1869 2265 1925 libere
2304 1881 2537 1928 accusat.
2569 1872 2653 1929 Tu
2690 1889 2818 1930 vero
2859 1875 2988 1930 mihi
3020 1878 3319 1945 considera,
3349 1896 3485 1951 quo-

1897 1959 2068 2047 modo.
2102 1962 2365 2016 theatrum
2414 1971 2580 2018 totum
2625 1966 2921 2021 satanicutn
2952 1974 3007 2023 et
3042 1968 3365 2025 diabolicum
3392 1972 3483 2027 sit.

1898 2050 2078 2107 Primo
2105 2053 2246 2107 enim
2283 2055 2543 2112 ebrietate
2570 2064 2625 2113 et
2652 2056 2861 2114 deliciis
2888 2059 3197 2127 constabat,
3234 2062 3376 2119 unde
3400 2064 3484 2119 ni-

1897 2140 1973 2198 hil
1998 2158 2186 2199 sanum
2216 2146 2343 2200 oriri
2372 2157 2598 2217 poterat.
2640 2147 2910 2216 Secundo,
2930 2161 3261 2221 spectatores
3301 2168 3486 2211 corro-

1896 2240 2017 2302 ptos
2034 2233 2281 2302 habebat,
2309 2246 2361 2291 et
2382 2238 2733 2309 excipientem
2756 2241 2992 2295 omnium
3013 2243 3262 2300 maxime.
3282 2244 3482 2312 Tertio,

1893 2324 2266 2384 delectationis
2307 2342 2475 2399 genus
2504 2331 2714 2386 ratione
2737 2346 2984 2386 vacuum.
3011 2333 3247 2404 Quarto,
3280 2339 3481 2407 puella,

1894 2431 2114 2492 propter
2143 2437 2303 2493 quam
2340 2424 2664 2480 connubium
2692 2434 2878 2481 contra
2919 2428 3100 2498 legem
3141 2440 3287 2498 erat,
3323 2448 3483 2502 quam

1892 2517 2148 2573 occultari
2190 2520 2502 2588 oportebat,
2559 2529 2745 2591 utpote
2799 2520 2993 2592 injuria
3032 2521 3224 2578 affecta
3272 2535 3479 2593 matre,

1893 2608 2187 2679 ingreditur
2226 2624 2347 2666 sese
2380 2620 2698 2679 ostentans,
2738 2612 2887 2683 virgo
2929 2613 3242 2670 meretrices
3281 2630 3475 2671 omnes

1893 2700 2217 2771 impudentia
2263 2715 2544 2772 superans.
2572 2702 2809 2773 Tempus
2854 2704 3015 2760 etiam
3065 2721 3171 2760 non
3216 2707 3481 2763 modicam

1891 2794 1956 2849 ad
1978 2794 2402 2851 criminationem
2432 2796 2626 2868 iniquas
2667 2797 2745 2852 rei
2772 2810 2960 2853 ansam
3002 2799 3223 2868 praebet.
3256 2799 3481 2869 Quando

1890 2886 2031 2942 enim
2053 2887 2333 2956 oportebat
2356 2903 2478 2943 eum
2503 2888 2701 2959 gratias
2716 2887 2919 2945 referre
2935 2890 3072 2958 Deo,
3098 2890 3241 2961 quod
3269 2892 3362 2946 illo
3391 2892 3480 2948 die

1891 2976 2061 3047 ipsum
2102 2978 2155 3033 in
2178 2977 2350 3034 lucem
2379 2980 2735 3049 produxisset,
2770 2989 2897 3038 tunc
2939 2981 3122 3052 iniqua
3169 2982 3256 3037 illa
3286 2998 3477 3055 aggre-

1888 3069 2032 3126 ditur
2063 3088 2076 3126 :
2124 3070 2335 3142 quando
2364 3071 2597 3127 vinctum
2630 3071 2842 3127 solvere
2866 3073 3169 3144 oportebat,
3200 3083 3325 3129 tunc
3361 3075 3478 3132 viu-

1888 3161 2025 3217 culis
2065 3161 2269 3217 caedem
2309 3162 2512 3232 adjicit.
2544 3163 2741 3219 Audite
2782 3171 3047 3234 quotquot
3092 3164 3177 3220 vel
3223 3165 3476 3236 virgines,

1886 3254 1971 3310 vel
1996 3254 2157 3310 etiam
2188 3252 2422 3309 maxime
2458 3262 2660 3324 nuptm,
2707 3256 2912 3315 alienas
2939 3256 3149 3332 nuptias
3181 3257 3260 3318 sic
3283 3258 3473 3319 detur-

1886 3362 2015 3422 pare
2049 3346 2279 3417 audetis,
2320 3351 2597 3419 saltantes,
2628 3351 3001 3422 tripudiantes,
3045 3363 3101 3409 et
3128 3369 3467 3413 communem

1885 3454 2130 3500 naturam
2156 3443 2588 3499 dehonestantes.
2616 3444 2810 3499 Audite
2829 3446 3011 3513 etiam,
3032 3447 3152 3514 viri,
3194 3451 3286 3520 qui
3322 3465 3473 3506 sum-

1885 3545 2072 3606 ptuosa
2098 3535 2363 3602 convivia,
2381 3535 2638 3591 ebrietate
2660 3535 2813 3604 plena
2835 3536 3111 3592 sectamini
3137 3555 3151 3592 :
3181 3547 3234 3594 et
3253 3541 3473 3596 metuite

1884 3626 2082 3682 diaboli
2130 3626 2461 3681 barathrum.
2514 3626 2645 3682 Nam
2704 3626 2775 3681 ita
2818 3629 3167 3684 vehementer
3207 3631 3466 3686 miserum

1886 3728 2013 3774 tunc
2055 3718 2202 3773 illum
2248 3718 2460 3784 invasit,
2490 3728 2548 3773 ut
2568 3718 2775 3789 juraret
2808 3733 2868 3774 se
2908 3720 3186 3777 dimidium
3215 3722 3362 3793 regni
3387 3724 3471 3778 sui

1882 3811 2129 3866 daturum
2158 3825 2298 3867 esse.
2332 3811 2463 3867 Illud
2511 3811 2655 3866 enim
2701 3812 2910 3867 Marcus
2937 3813 3107 3868 dicit:
3142 3813 3343 3869 Juravit
3368 3815 3468 3884 illi,

1885 3902 2250 3973 Quodcumque
2284 3902 2482 3974 petieris
2508 3918 2542 3956 a
2568 3918 2649 3956 me
2685 3902 2815 3958 dabo
2844 3903 2968 3970 tibi,
3013 3919 3171 3975 usque
3208 3906 3278 3959 ad
3313 3905 3470 3960 dimi-

1883 3995 2024 4048 dium
2061 3995 2204 4066 regni
2240 3995 2336 4048 mei
2365 3996 2385 4065 (
2416 3993 2582 4048 Mare.
2614 3993 2667 4050 6.
2700 3993 2772 4049 2'5
2794 3994 2833 4065 ).
2867 3994 3024 4051 Tanti
3066 3996 3271 4052 scilicet
3307 3997 3470 4053 ditio-

1882 4103 2006 4144 nem
2050 4103 2201 4144 suam
2232 4087 2500 4155 faciebat;
2530 4087 2601 4142 ita
2641 4088 2927 4157 voluptatis
2964 4089 3208 4159 captivus
3245 4100 3382 4157 erat,
3414 4102 3472 4147 ut

1881 4182 2149 4239 saltationi
2185 4181 2299 4239 haec
2336 4179 2677 4238 concederet.
2716 4181 2921 4253 Ecquid
2972 4183 3215 4251 miraris,
3252 4185 3298 4239 si
3344 4194 3468 4241 tunc

1882 4275 1998 4330 haec
2021 4273 2161 4330 facta
2181 4281 2322 4338 sunt,
2345 4271 2559 4344 quando
2586 4288 2729 4328 nunc
2755 4273 2919 4330 etiam
2949 4282 3230 4344 postquam
3265 4284 3465 4331 tantam

1881 4366 2131 4424 inivimus
2160 4364 2571 4435 philosophiam,
2615 4364 2686 4419 ob
2726 4364 2968 4420 mollium
2995 4364 3303 4436 huiusmodi
3336 4383 3466 4437 pue-

1880 4472 2061 4513 rorum
2092 4456 2433 4512 saltationem
2477 4448 2628 4511 multi
2672 4456 2879 4510 animas
2913 4469 3039 4511 suas
3082 4456 3465 4527 prodiderunt,

1880 4551 2006 4606 licet
2026 4548 2313 4620 juramenti
2339 4547 2658 4605 necessitate
2672 4548 2910 4603 adstricti
2942 4563 3047 4603 non
3074 4560 3256 4605 essent
3273 4550 3300 4605 ?
3328 4549 3463 4606 Nam

1878 4660 1908 4699 a
1946 4643 2219 4714 voluptate
2266 4642 2462 4712 captivi
2507 4640 2722 4697 abducti
2752 4641 2902 4712 quasi
2949 4640 3180 4711 pecudes
3212 4652 3465 4714 aguntur,

1877 4750 1984 4807 quo
2027 4734 2184 4805 lupus
2220 4734 2341 4791 illos
2389 4735 2629 4790 traxerit.
2671 4733 2728 4789 ιιι
2752 4732 2894 4805 quod
2925 4742 3053 4790 tunc
3095 4734 3185 4791 ille
3227 4734 3463 4797 furiosus

1879 4842 2067 4899 passus
2109 4836 2229 4893 est,
2260 4829 2368 4884 duo
2411 4828 2711 4898 turpissima
2754 4835 3089 4898 perpetrans,
3139 4838 3195 4884 et
3221 4830 3364 4900 quod
3397 4829 3465 4884 ilo

1879 4921 1984 4975 lam
2025 4920 2295 4977 dominam
2327 4919 2515 4976 fecerit
2557 4921 2636 4975 sic
2665 4919 2917 4974 furiosam
2941 4960 2957 4984 ,
3001 4920 3202 4976 ebriam
3230 4930 3287 4976 et
3328 4920 3468 4978 nihil

1878 5013 2001 5068 mali
2037 5022 2374 5069 recusantem
2402 5029 2418 5079 ;
2446 5020 2502 5068 et
2533 5012 2675 5082 quod
2712 5011 3031 5066 necessitate
3061 5010 3353 5081 juramenti
3389 5012 3459 5067 ita

1876 5118 1937 5160 se
1960 5105 2328 5161 obstrinxerit.
2360 5104 2431 5160 At
2471 5104 2596 5159 licet
2638 5103 2730 5158 ille
2758 5111 2864 5157 tam
2898 5103 3108 5171 iniquus
3145 5111 3321 5170 esset,
3356 5105 3466 5159 ini-

1876 5196 2033 5267 quior
2067 5206 2243 5251 tamen
2285 5204 2341 5250 et
2372 5204 2596 5267 tyranno
2638 5202 2692 5249 et
2731 5193 2908 5263 puella
2933 5202 3048 5248 erat
3091 5193 3304 5251 mulier.
3347 5194 3462 5264 Ipsa

1877 5290 2020 5344 enim
2054 5288 2168 5345 haec
2194 5288 2331 5343 mala
2352 5288 2531 5342 omnia
2561 5296 2616 5342 et
2635 5295 2800 5341 totum
2825 5285 3008 5340 drama
3040 5283 3294 5340 fabricata
3325 5298 3456 5351 erat,

1877 5398 1998 5454 quin
2040 5392 2215 5438 tamen
2254 5380 2478 5453 gratiam
2518 5378 2791 5451 prephette
2819 5377 3018 5434 habere
3054 5377 3347 5435 debuisset.
3378 5380 3466 5435 Fi-

1878 5476 1944 5530 lia
1974 5475 2170 5546 quippe
2193 5475 2291 5544 ipsi
2325 5488 2525 5528 morem
2552 5486 2745 5543 gerens
2774 5484 2829 5526 et
2857 5473 3085 5541 turpiter
3110 5472 3238 5542 egit,
3276 5482 3329 5527 et
3357 5477 3461 5525 sal-

1877 5568 2026 5632 tavit,
2072 5575 2129 5621 et
2163 5565 2365 5620 Caedem
2417 5563 2608 5635 petiit,
2652 5563 2999 5635 llerodesque
3035 5563 3105 5619 ab
3154 5564 3267 5634 ipsa
3302 5566 3452 5633 quasi

1943 5697 2017 5810 ia)
2052 5701 2192 5745 Juxta
2216 5694 2352 5751 alios,
2378 5694 2490 5744 ideo
2520 5701 2729 5744 Joannes
2760 5698 2999 5745 accusavit
3032 5694 3289 5749 Itermlem,
3307 5696 3457 5760 quod,

1943 5780 1948 5808 l
1971 5759 2098 5810 lieno
2118 5760 2263 5810 l'ratre
2288 5758 2442 5808 adhuc
2466 5759 2679 5810 vivente.
2697 5758 2849 5810 ipsius
2872 5770 3076 5808 uxorem
3096 5758 3335 5807 duxisset.

1881 5758 2098 5823 Philippo
2118 5760 2263 5810 l'ratre
2288 5758 2442 5808 adhuc
2466 5759 2679 5818 vivente,
2697 5758 2849 5821 ipsius
2872 5770 3076 5808 uxorem
3096 5758 3335 5807 duxisset.
