3908 6198
438 263 533 319 tot
1136 259 1190 317 s.
1230 258 1507 317 JOANNlS
1542 250 2018 315 CHRYSOSTOMI
2056 250 2373 312 ARCHIEP.
2412 256 2946 320 CONSTANTINOP.

441 392 636 446 sagcna
695 382 884 445 captus
935 382 1037 431 est.
1078 372 1268 432 Viden'
1294 388 1453 444 quam
1490 372 1734 443 apposite
1780 370 2028 427 Christus

441 470 638 524 dixerit
671 487 684 523 :
722 469 823 536 Qui
850 477 989 521 amat
1021 475 1213 537 patrem
1240 477 1329 521 aut
1359 474 1571 520 matrem
1597 465 1713 535 plus
1744 479 1898 537 quam
1928 478 2026 528 me,

441 578 543 615 non
572 570 644 615 est
665 578 742 614 me
765 560 950 631 dignus
973 557 1197 629 (Matth.
1244 558 1330 614 10.
1364 559 1466 629 57)
1493 556 1668 611 ‘iNam
1693 556 1737 610 si
1767 554 1857 610 illa
1890 553 2029 609 hanc

441 663 667 723 sequuta
717 660 862 706 esset
907 652 1077 721 legem
1102 692 1119 718 ,
1170 665 1275 704 non
1320 658 1397 704 tot
1440 650 1583 719 leges
1619 646 1889 712 violasset,
1920 659 2027 699 non

444 746 583 801 hanc
607 745 808 800 caedem
851 750 1229 813 perpetrasset.
1260 742 1391 797 Nam
1417 741 1545 811 quid
1573 741 1671 795 hac
1699 728 2030 794 immanitate

444 840 712 903 deterius,
743 837 946 893 caedem
989 844 1047 891 ut
1084 835 1305 905 gratiam
1336 833 1605 903 postulare
1629 872 1645 898 ,
1677 830 1879 887 ctedem
1922 828 2027 883 ini-

441 949 620 1004 quam,
654 931 858 988 caedem
901 931 1038 985 inter
1060 930 1265 1000 epulas,
1295 927 1495 982 caedem
1522 926 1732 997 publice
1762 933 1813 980 et
1853 924 2028 993 impu-

443 1024 635 1083 denter
668 1026 886 1096 petitam
919 1024 941 1076 ?
969 1022 1152 1091 Neque
1197 1020 1340 1076 enim
1377 1033 1621 1074 seorsum
1651 1016 1880 1073 accessit
1916 1015 2031 1070 haec

444 1120 670 1189 petitura
694 1159 709 1183 ,
741 1115 834 1171 sed
879 1113 1113 1185 publice,
1136 1121 1191 1167 ct
1231 1110 1400 1181 posita
1440 1109 1607 1175 larva,
1640 1107 1783 1162 nudo
1819 1106 2027 1177 capite,

441 1209 639 1265 diaboli
691 1221 787 1261 usa
833 1203 1165 1276 patrocinio,
1197 1202 1314 1257 haec
1358 1201 1449 1255 illo
1479 1201 1639 1255 modo
1682 1198 1901 1269 loquuta
1925 1207 2028 1253 est.

442 1301 575 1359 Nam
609 1299 658 1354 id
703 1298 949 1353 diabolus
996 1295 1193 1368 effecit,
1223 1302 1281 1348 ut
1321 1294 1410 1348 illa
1451 1292 1653 1347 saltans
1678 1290 1934 1361 placeret,
1977 1297 2034 1345 et

446 1394 714 1449 lict-edem
767 1400 895 1446 tunc
943 1396 1179 1458 caperet.
1228 1386 1325 1444 Ubi
1369 1386 1511 1441 enim
1538 1384 1786 1450 saltatio,
1817 1382 1886 1438 ibi
1914 1380 2030 1439 dia-

444 1487 621 1547 bolus.
649 1484 833 1554 Neque
861 1482 1002 1538 enim
1032 1481 1152 1536 ideo
1180 1479 1347 1551 pedes
1391 1478 1544 1534 nobis
1571 1476 1721 1531 dedit
1760 1476 1930 1542 Deus,
1975 1484 2035 1529 ut

444 1578 511 1633 iis
540 1576 767 1645 turpiter
805 1568 1017 1628 utamur
1035 1612 1049 1637 ,
1078 1571 1171 1628 sed
1211 1578 1269 1625 ut
1296 1579 1440 1626 recte
1466 1567 1774 1640 gradiamur
1800 1583 1817 1633 ;
1846 1580 1953 1621 non
1977 1575 2036 1621 ut

442 1666 670 1739 perinde
700 1675 859 1736 atque
902 1663 1092 1720 cameli
1129 1662 1384 1718 saltemus
1425 1661 1445 1733 (
1475 1675 1596 1716 nam
1622 1668 1679 1716 et
1704 1654 1894 1715 cameli
1924 1658 2032 1714 sal-

452 1771 629 1819 tantes
667 1761 930 1830 ingratum
961 1756 1324 1827 spectaculum
1375 1755 1574 1822 edunt,
1607 1753 1881 1824 multoque
1921 1767 2036 1808 ma-

443 1854 525 1923 gis
554 1852 878 1922 mulieres),
923 1847 1018 1905 sed
1062 1856 1120 1903 ut
1152 1862 1274 1902 cum
1306 1847 1511 1917 angelis
1537 1845 1765 1902 choreas
1790 1859 2035 1916 agamus.

443 1945 499 2003 Si
543 1946 685 2000 enim
736 1955 932 2011 corpus
983 1939 1035 1995 id
1077 1953 1241 2009 agens
1284 1946 1438 2009 turpe
1486 1944 1597 2002 est,
1644 1935 1813 1991 multo
1867 1936 2036 2005 magis

443 2040 645 2095 anima.
686 2037 776 2093 Sic
803 2036 1001 2092 saltant
1028 2034 1302 2091 daemones
1354 2051 1369 2088 :
1414 2031 1493 2089 sic
1515 2030 1803 2090 adulantur
1834 2029 2037 2087 daemo-

445 2148 574 2187 num
604 2130 852 2187 ministri.

426 2276 431 2279 .
513 2224 569 2278 4.
600 2222 705 2278 Sed
738 2221 1045 2292 petitionem
1087 2220 1255 2290 ipsam
1291 2218 1591 2277 considam.
1623 2216 1709 2272 Da
1734 2216 1895 2283 mihi,
1924 2217 2032 2284 ait,

381 2318 386 2325 ’
446 2317 528 2371 hic
554 2316 609 2370 in
635 2314 773 2369 disco
802 2322 954 2386 caput
981 2312 1199 2367 Joannis
1230 2310 1491 2383 Baptista.
1522 2309 1711 2367 Vidcn’
1750 2308 2034 2380 impuden-

447 2417 578 2476 tem,
604 2422 722 2478 qua:
749 2416 911 2461 totam
936 2404 1146 2460 diabolo
1173 2418 1233 2460 se
1259 2402 1505 2459 dedidit?
1532 2402 1849 2473 Dignitatem
1875 2399 2038 2457 Joan-

445 2502 531 2554 nis
556 2508 838 2565 memorat,
868 2512 1041 2568 neque
1065 2506 1242 2552 tamen
1266 2496 1344 2552 sic
1366 2493 1654 2559 erubescit,
1682 2493 1775 2549 sed
1803 2507 1868 2549 ac
1894 2493 1941 2549 si
1968 2492 2037 2549 de

445 2592 567 2648 cibo
595 2591 846 2663 quopiam
877 2591 1205 2660 loqueretur,
1237 2589 1317 2644 sic
1343 2602 1555 2644 sacrum
1579 2596 1635 2643 et
1660 2587 1874 2643 beatum
1904 2583 2036 2641 illud

444 2695 606 2755 caput
645 2686 697 2740 in
735 2684 886 2740 disco
924 2682 1101 2739 efferri
1148 2682 1301 2753 petit.
1339 2679 1547 2736 Nullam
1583 2678 1740 2737 afl‘ert
1774 2691 2033 2733 causam:

447 2793 620 2849 neque
645 2779 787 2834 enim
820 2785 1065 2848 poterat;
1103 2774 1199 2831 sed
1238 2772 1553 2844 simpliciter
1578 2772 1771 2842 quatrit
1810 2771 2035 2826 aliorum

446 2870 837 2927 calamitatibus
857 2869 1129 2924 honorari.
1153 2866 1268 2923 Non
1287 2866 1443 2933 dixit,
1464 2864 1716 2921 Introduc
1744 2865 1889 2920 illum
1909 2862 2035 2930 huc,

448 2975 504 3021 et
533 2964 746 3020 immola
779 2984 791 3019 :
825 2977 998 3033 neque
1024 2962 1168 3017 enim
1208 2960 1453 3016 morituri
1495 2957 1744 3028 loquendi
1789 2957 2037 3017 ﬁduciam

452 3056 680 3111 tulisset.
712 3053 845 3110 Nam
876 3053 1094 3110 timebat
1121 3051 1205 3107 vel
1234 3050 1450 3107 mactati
1488 3064 1677 3106 vocem
1712 3049 1897 3106 audire
1924 3058 2035 3105 ter-

448 3147 656 3204 ribiletn
683 3165 696 3201 :
718 3160 891 3216 neque
911 3145 1051 3200 enim
1069 3144 1242 3215 capite
1262 3141 1600 3199 mulctandus
1623 3142 1890 3198 tacuisset.
1915 3141 2039 3198 ldco

450 3238 557 3292 ait:
590 3236 672 3290 Da
692 3236 815 3291 mihi
842 3235 924 3290 hic
946 3236 999 3289 in
1021 3235 1157 3290 disco
1183 3253 1198 3290 :
1230 3249 1351 3288 nam
1374 3232 1605 3303 linguam
1626 3232 1773 3289 illam
1793 3234 2037 3290 silentem

452 3330 632 3385 videre
664 3329 843 3399 cupio.
880 3327 1064 3398 Neque
1091 3327 1327 3398 effugere
1353 3325 1525 3381 solum
1563 3325 1705 3381 illius
1739 3324 2037 3396 reprehen-

449 3423 628 3477 siones
653 3420 883 3487 volebat,
909 3420 1003 3475 sed
1027 3419 1283 3474 insultare
1299 3417 1495 3489 jacenti
1517 3426 1573 3473 et
1596 3417 1840 3474 deridere
1864 3417 2033 3474 illum.

451 3514 591 3570 Deus
615 3528 745 3570 vero
773 3512 825 3567 id
858 3511 1117 3582 permisit,
1152 3525 1254 3566 nec
1293 3509 1493 3565 fulmen
1523 3524 1755 3580 superne
1785 3509 1948 3578 misit,
1980 3519 2039 3564 ut

449 3604 812 3677 impudentem
852 3604 996 3659 illam
1030 3602 1221 3659 faciem
1258 3602 1643 3659 combureret:
1677 3617 1849 3673 neque
1879 3602 2039 3673 jussit

450 3709 646 3755 terram
679 3696 825 3753 hiatu
861 3704 1032 3752 totum
1062 3695 1191 3751 illud
1230 3696 1472 3765 iniquum
1513 3695 1818 3752 convivium
1848 3696 2036 3752 absor-

448 3790 578 3845 bere
603 3830 619 3855 ,
661 3800 719 3845 ut
758 3789 915 3844 simul
955 3791 1157 3858 justum
1189 3787 1386 3844 clarius
1414 3796 1697 3844 coronaret
1718 3828 1733 3853 ,
1765 3798 1821 3844 et
1853 3788 1919 3843 iis
1946 3789 2034 3858 qui

449 3882 627 3951 iniqua
674 3881 883 3951 passuri
928 3890 1111 3950 postea
1157 3888 1377 3945 essent,
1420 3894 1665 3950 magnam
1712 3880 2039 3950 relinqueret

448 3976 893 4031 consolationem.
926 3973 1218 4029 Audiamus
1258 3973 1419 4044 igitur
1458 3980 1720 4044 qu0tquot
1745 3972 1814 4029 ab
1843 3973 2038 4042 iniquis

446 4067 755 4122 hominibus
775 4067 954 4141 gravia
982 4066 1211 4138 patimur
1232 4065 1358 4121 dum
1386 4074 1532 4121 recte
1556 4065 1801 4121 vivimus.
1823 4065 2035 4122 Etenim

449 4170 578 4217 tunc
605 4162 744 4217 Deus
772 4176 960 4232 passus
990 4169 1072 4217 est
1094 4175 1215 4216 eum
1239 4200 1252 4224 ,
1280 4159 1369 4230 qui
1401 4159 1452 4213 in
1481 4158 1766 4215 solitudine
1791 4159 2034 4225 vixerat,

447 4256 540 4326 qui
570 4256 621 4310 in
650 4270 782 4310 zona
815 4254 1057 4325 pellicea,
1085 4253 1177 4325 qui
1219 4253 1272 4308 in
1313 4252 1510 4320 cilicio,
1541 4253 1874 4323 prophetam,
1908 4268 2034 4324 pro-

449 4348 628 4419 phetis
668 4348 926 4417 majorem
950 4388 965 4413 ,
1003 4361 1111 4417 quo
1158 4346 1334 4401 nullus
1370 4345 1541 4416 major
1584 4361 1833 4416 umquam
1863 4345 2037 4402 fuerat

450 4443 594 4497 inter
619 4449 775 4495 natos
800 4440 1085 4495 mulierum
1129 4437 1347 4511 (Matth.
1381 4438 1467 4493 11.
1510 4437 1645 4507 11),
1673 4437 1902 4493 interﬁci
1940 4452 2037 4508 per

394 4519 402 4543 ⁷
447 4534 681 4606 puellam
737 4533 1059 4603 impudicam
1107 4539 1166 4588 et
1215 4541 1517 4600 corruptam
1571 4530 1907 4586 meretricem
1942 4539 2036 4585 :et

449 4628 569 4684 haec
592 4627 719 4682 dum
748 4625 955 4680 divinas
983 4626 1127 4695 leges
1156 4634 1413 4680 tueretur.
1443 4623 1569 4679 Hmc
1596 4622 1774 4693 itaque
1800 4623 2039 4694 cogitan-

448 4729 562 4785 tes,
604 4719 837 4774 feramus
878 4731 1138 4787 generose
1175 4716 1354 4772 omnia
1389 4730 1739 4785 quaecumque
1781 4717 2032 4786 patimur.

447 4811 581 4867 Nam
610 4820 665 4868 et
695 4821 822 4865 tunc
848 4807 1184 4880 sanguinaria
1224 4806 1315 4862 illa
1354 4815 1410 4863 et
1446 4806 1624 4877 iniqua
1669 4814 1872 4861 tantum
1916 4820 2037 4862 sese

447 4906 516 4961 de
540 4920 627 4969 co,
655 4903 744 4975 qui
768 4903 869 4959 sibi
890 4901 1132 4958 dolorem
1158 4900 1428 4967 attulerat,
1451 4898 1758 4966 vindicavit,
1780 4909 2035 4970 quantum

445 4999 636 5064 voluit,
661 5000 793 5053 iram
818 5005 982 5051 totam
1002 4995 1232 5059 satiavit,
1253 5004 1310 5050 et
1329 4994 1468 5049 Deus
1489 4993 1539 5048 id
1564 4992 1836 5063 permisit:
1859 5006 2038 5063 quam-

445 5110 605 5166 quam
633 5092 764 5149 nihil
786 5091 861 5146 illi
881 5090 1118 5146 Joannes
1135 5088 1365 5153 dixerat,
1388 5101 1488 5142 nec
1507 5086 1650 5142 illam
1672 5093 2034 5151 accusaverat,

446 5186 541 5241 sed
568 5187 739 5240 virum
766 5194 992 5240 tantum.
1024 5181 1130 5239 Sed
1157 5181 1479 5237 conscientia
1509 5179 1733 5235 acerbus
1759 5186 2038 5235 accusator

448 5288 588 5333 erat.
618 5278 850 5348 Ideoque
872 5276 923 5331 in
952 5275 1156 5345 majora
1179 5272 1495 5344 erumpebat
1519 5272 1677 5339 mala,
1704 5271 1915 5338 dolens,
1942 5269 2037 5325 sti-

447 5373 607 5427 mulis
631 5373 855 5441 agitata;
887 5370 1149 5440 simulque
1177 5366 1520 5425 dedecoravit
1544 5379 1754 5434 omnes,
1780 5363 2031 5434 seipsam,

447 5464 633 5527 ﬁliam,
651 5465 930 5519 dimissum
952 5464 1146 5529 virum,
1169 5461 1434 5516 viventem
1463 5462 1751 5525 mtechum,
1779 5467 1833 5514 et
1856 5459 2032 5528 priora

447 5573 701 5629 Superat":
726 5557 986 5613 certabat.
1016 5557 1071 5613 Si
1096 5556 1271 5622 doles,
1301 5555 1492 5625 inquit,
1516 5552 1657 5624 quod
1686 5552 1776 5607 ille
1799 5552 2036 5608 mteche—

448 5664 566 5717 tttr,
596 5669 696 5719 ego
739 5652 888 5708 illum
929 5649 1248 5708 homicidam
1278 5647 1464 5707 faciam
1491 5690 1507 5717 ,
1536 5658 1588 5704 ct
1621 5647 1919 5705 accusantis
1949 5647 2031 5703 in-

450 5746 810 5803 tct‘fcctorem.

3618 268 3717 325 ‘93

2208 364 2615 441 Imprudentium
2634 375 3042 446 juramentorum
3069 384 3118 434 et
3144 378 3493 451 fornicationis
3514 380 3710 441 damus.

2133 489 2205 502 -
2232 461 2426 519 Audite
2448 476 2709 537 quotquot
2734 468 2872 524 ultra
2897 485 3059 540 quam
3084 471 3161 528 fas
3196 483 3281 529 est
3319 476 3574 533 uxoribus
3610 482 3713 544 pla-

2133 567 2257 610 cere
2282 556 2526 613 studetis.
2558 559 2752 617 Audite
2776 572 3035 633 quotquot
3054 565 3195 621 circa
3219 582 3305 621 res
3330 569 3562 626 incertas
3580 572 3714 642 jura.

2134 657 2314 701 menta
2344 650 2616 717 praebetis,
2644 652 2869 724 aliisque
2898 655 3150 723 perniciei
3179 668 3369 714 vestrae
3406 671 3712 730 potestatem

2135 736 2399 805 tribuitis,
2427 754 2492 795 ac
2526 741 2677 798 vobis
2716 742 3022 800 barathrum
3062 746 3318 806 eﬁ‘oditis.
3359 750 3452 806 Sic
3488 752 3713 811 Herodes

2135 827 2313 896 periit.
2344 828 2573 887 Putabat
2611 833 2754 888 enim
2799 835 2966 906 ipsam
2998 837 3269 909 quidpiam
3312 843 3557 899 convivio
3594 860 3716 901 con-

2134 929 2449 978 sentaneum
2477 925 2762 993 petituram
2784 941 2925 993 esse,
2952 929 3290 1001 puellamque
3310 932 3361 987 in
3387 935 3717 992 solemnitate

2135 1021 2189 1065 et
2227 1011 2367 1067 inter
2398 1014 2604 1084 epulas,
2637 1032 2749 1071 rem
2782 1020 3071 1088 gratiosam
3100 1030 3156 1078 et
3184 1022 3383 1091 lanam,
3414 1040 3521 1080 non
3547 1038 3715 1084 autem

2135 1114 2294 1175 caput
2316 1106 2417 1160 viri
2449 1109 2833 1178 postulaturam
2858 1127 3017 1179 esse;
3054 1124 3107 1169 et
3129 1114 3392 1186 deceptus
3414 1128 3516 1173 est.
3570 1122 3716 1177 Atta-

2136 1211 2258 1251 men
2290 1197 2424 1253 nihil
2456 1198 2646 1255 horum
2679 1201 2853 1271 ipsum
2885 1205 3147 1276 purgabit.
3188 1207 3414 1264 Etiamsi
3455 1211 3596 1266 enim
3634 1213 3719 1269 illa

2134 1301 2256 1343 cum
2284 1288 2408 1344 feris
2435 1292 2781 1361 pugnantium
2813 1294 3048 1351 virorum
3077 1298 3312 1354 animum
3342 1299 3612 1368 habuerit.
3640 1315 3719 1360 at-

2138 1388 2314 1437 tamen
2345 1397 2449 1437 non
2477 1383 2656 1440 decuit
2683 1386 2827 1441 illum
2860 1402 2919 1444 se
2944 1391 3016 1444 ita
3045 1388 3418 1460 decipiendum
3447 1395 3716 1465 prteberc,

2138 1487 2241 1529 nec
2270 1475 2549 1544 tyrannico
2572 1476 2791 1549 obsequi
2819 1481 3063 1550 imperio.
3088 1482 3267 1539 Primo
3290 1486 3455 1554 enim,
3478 1489 3597 1559 quis
3614 1506 3719 1545 non

2138 1562 2419 1619 exhorruit
2452 1581 2661 1622 sacrum
2699 1568 2829 1625 illud
2865 1580 3025 1641 caput
3050 1572 3236 1630 videns
3265 1578 3576 1647 sanguinem
3605 1581 3719 1635 stil-

2137 1653 2280 1721 lare,
2310 1663 2365 1710 et
2389 1656 2528 1712 inter
2551 1658 2737 1728 epulas
2764 1662 2998 1731 reponi?
3026 1664 3097 1717 At
3121 1679 3227 1719 non
3264 1664 3476 1737 iniquus
3506 1669 3591 1724 ille
3621 1669 3725 1725 lle-

2138 1745 2332 1815 rodes,
2374 1763 2486 1811 non
2530 1750 2907 1806 exsecrabilior
2948 1753 3038 1809 illo
3080 1755 3296 1810 mulier.
3336 1756 3492 1814 Tales
3530 1762 3724 1830 quippe

2136 1849 2262 1896 sunt
2287 1842 2598 1900 meretrices
2622 1860 2638 1899 :
2660 1844 2899 1900 omnium
2928 1847 3367 1922 petulantissima:
3391 1862 3444 1907 et
3468 1854 3726 1911 crudelis-

2136 1934 2309 1993 sime.
2336 1934 2470 1992 Nam
2494 1936 2538 1991 si
2561 1950 2660 1994 nos
2683 1937 2799 1995 haec
2817 1939 3095 1997 audientes
3119 1942 3593 2012 perhorrescimus,
3616 1963 3724 2018 quo

2136 2027 2317 2084 animo
2342 2026 2509 2085 fuisse
2543 2029 2837 2101 putandum
2876 2042 2959 2087 est
2994 2047 3089 2089 eos
3114 2035 3202 2106 qui
3246 2035 3359 2092 hate
3393 2037 3519 2109 ipsis
3557 2041 3726 2097 oculis

2136 2120 2463 2175 cernerent?
2487 2120 2613 2192 quid
2640 2120 2783 2192 passi
2809 2130 2935 2178 sunt
2959 2125 3199 2180 conviva:
3225 2135 3385 2196 caput
3406 2144 3594 2185 recens
3613 2146 3729 2185 am-

2137 2218 2379 2280 putatum
2421 2220 2476 2267 et
2523 2214 2837 2284 sanguinem
2881 2213 3127 2271 videntes
3170 2216 3222 2271 in
3262 2217 3441 2274 medio
3481 2222 3729 2277 convivio

2137 2303 2434 2374 repositum
2458 2304 2482 2358 ?
2510 2304 2580 2359 At
2608 2320 2714 2360 non
2743 2306 3083 2375 sanguinaria
3114 2307 3199 2369 illa
3226 2317 3284 2367 et
3312 2309 3442 2380 ipsis
3473 2311 3619 2366 furiis
3643 2312 3727 2367 fe-

2138 2393 2317 2449 rocior
2345 2393 2438 2449 illo
2464 2406 2732 2451 commota
2763 2394 2863 2451 fuit
2888 2398 3230 2467 spectaculo.
3261 2399 3355 2456 sed
3380 2402 3680 2458 exsultabat
3710 2422 3725 2459 :

2137 2486 2307 2558 atqui,
2331 2486 2434 2544 etsi
2463 2502 2569 2543 non
2595 2488 2832 2554 aliunde,
2860 2504 2926 2547 ex
2954 2491 3072 2547 solo
3099 2500 3317 2562 aspectu
3347 2494 3535 2550 saltem
3575 2496 3729 2551 fasti-

2137 2578 2283 2634 dium
2321 2593 2681 2652 nauseamque
2719 2582 3018 2652 ingenerari
3058 2598 3154 2654 par
3194 2593 3329 2641 erat.
3362 2586 3558 2643 Verum
3596 2589 3729 2644 nihil

2138 2669 2439 2742 hujusmodi
2472 2686 2627 2743 passa
2658 2681 2741 2729 est
2770 2673 2856 2729 illa
2883 2674 3195 2746 sanguinem
3226 2677 3414 2734 sitiens
3452 2679 3729 2750 propheti-

2138 2777 2282 2816 cum.
2311 2761 2457 2818 Talis
2483 2771 2567 2819 est
2605 2762 2883 2820 fornicatio
2912 2784 2927 2820 :
2960 2781 3064 2821 non
3100 2767 3324 2823 lascivos
3360 2776 3564 2825 tantum
3590 2812 3606 2838 ,
3632 2773 3729 2828 sed

2138 2861 2194 2908 et
2222 2853 2515 2911 homicidas
2560 2856 2743 2912 efﬁcit.
2788 2856 2921 2913 Nam
2959 2858 3203 2915 adulterii
3233 2861 3438 2932 cupida:
3477 2865 3732 2921 mulieres

2139 2944 2207 3001 ad
2235 2945 2435 3003 caedem
2465 2957 2589 3003 sunt
2615 2958 2814 3020 paratae
2841 2951 3076 3006 virorum
3097 2994 3113 3021 ,
3141 2955 3230 3023 qui
3262 2954 3451 3025 injuria
3480 2955 3732 3015 afficiun-

2141 3045 2259 3106 tur;
2286 3055 2385 3096 nec
2408 3056 2568 3097 unam
2592 3051 2795 3098 tantum
2823 3043 2904 3101 vel
2931 3043 3084 3114 duas,
3108 3046 3201 3102 sed
3223 3056 3277 3102 ct
3299 3048 3603 3105 innumeras
3627 3066 3736 3108 cte-

2139 3129 2235 3186 des
2266 3132 2379 3187 ﬁeri
2416 3131 2572 3190 facile
2596 3137 2919 3192 curaverint.
2948 3136 3212 3195 Similium
3243 3155 3404 3211 porro
3433 3141 3733 3201 facinorum

2141 3221 2295 3277 multi
2334 3231 2497 3279 testes
2534 3232 2678 3282 sunt.
2720 3226 2776 3283 ld
2818 3228 2977 3284 etiam
3024 3230 3114 3286 illa
3155 3240 3280 3287 tunc
3320 3231 3479 3302 fecit,
3511 3250 3738 3305 sperans

2143 3322 2344 3369 tantum
2375 3315 2579 3372 facinus
2606 3318 2660 3373 in
2689 3317 3009 3376 oblivionem
3042 3321 3251 3378 tandem
3278 3339 3398 3380 esse
3426 3335 3732 3384 venturum.

2141 3402 2248 3460 Sed
2286 3407 2614 3464 contrarium
2654 3424 2875 3480 prorsus
2911 3413 3090 3469 evenit
3120 3430 3133 3468 :
3165 3429 3290 3470 nam
3329 3416 3485 3489 longe
3517 3418 3737 3476 clariori

2141 3510 2273 3553 voce
2303 3506 2485 3568 postea
2511 3498 2748 3558 Joannes
2773 3503 3044 3559 clamavit.

2211 3591 2266 3645 5.
2298 3589 2539 3662 Nequitia
2572 3595 2642 3648 ad
2677 3612 2899 3665 prauus
2924 3606 3120 3667 tempus
3142 3598 3304 3654 solum
3341 3602 3570 3673 respicit.
3595 3601 3740 3658 Pec-

2139 3692 2307 3737 catum
2332 3701 2433 3740 non
2462 3687 2643 3758 tegitur
2668 3705 2757 3758 per
2783 3690 2927 3744 aliud
2954 3701 3232 3761 peccatum,
3258 3694 3347 3747 sed
3373 3712 3464 3765 per
3488 3699 3740 3768 paeniten-

2141 3774 2284 3828 tiam.
2309 3775 2544 3833 Convivia
2569 3794 2632 3834 ea:
2653 3780 2846 3850 rapinis
2875 3792 3023 3852 parta
3043 3799 3194 3855 quam
3221 3786 3416 3840 odiosa.
3435 3817 3509 3828 —
3534 3787 3737 3845 Verum

2139 3868 2371 3938 nequitia
2398 3868 2464 3924 ad
2497 3885 2732 3943 praesens
2759 3882 2960 3929 tantum
2987 3883 3199 3945 tempus
3222 3877 3456 3947 respicit,
3485 3879 3627 3936 sicut
3652 3881 3738 3937 fe-

2140 3959 2470 4028 bricitantes,
2501 3979 2624 4020 cum
2650 3980 2843 4036 aquam
2873 3966 3116 4038 frigidam
3146 3970 3518 4040 intempestive
3548 3986 3742 4045 postu-

2141 4053 2272 4110 lant.
2296 4055 2505 4112 Etenim
2528 4057 2629 4114 nisi
2650 4070 3015 4117 accusatorem
3032 4060 3345 4133 jugulasset,
3374 4063 3583 4121 facinus
3606 4066 3740 4122 illud

2141 4162 2249 4203 non
2296 4148 2368 4204 ita
2409 4149 2713 4222 evulgatum
2757 4150 2965 4208 fuisset.
3014 4153 3267 4224 Discipuli
3311 4170 3544 4226 namque
3580 4156 3737 4227 ejus.

2141 4243 2354 4314 quando
2384 4244 2436 4300 in
2463 4259 2735 4302 carcerem
2774 4247 3047 4317 conjectus
3084 4245 3179 4302 fuit
3206 4289 3221 4313 .
3254 4246 3385 4303 nihil
3426 4248 3739 4319 hujusmodi

2140 4335 2392 4394 dixerunt
2420 4353 2580 4396 :cum
2606 4349 2782 4396 autem
2811 4340 3118 4397 interfectus
3146 4340 3264 4409 fuit,
3295 4351 3402 4396 tum
3434 4342 3585 4398 necis
3610 4358 3745 4399 cau-

2140 4444 2253 4484 sam
2278 4430 2550 4500 publicare
2568 4432 2737 4487 coacti
2762 4442 2906 4488 sunt.
2937 4432 3244 4489 Adulteram
3269 4433 3521 4504 obtegere
3548 4436 3745 4506 cupie-

2142 4522 2304 4590 bant,
2333 4537 2433 4578 nec
2468 4523 2672 4580 alienas
2699 4525 3030 4580 calamitates
3067 4525 3370 4596 publicare;
3402 4540 3525 4580 cum
3552 4537 3743 4583 autem

2141 4616 2195 4673 in
2229 4616 2480 4673 narrandi
2523 4619 2898 4675 necessitatem
2938 4618 3148 4675 deducti
3183 4627 3337 4687 sunt,
3373 4629 3499 4675 tunc
3526 4619 3747 4676 facinus

2141 4724 2302 4765 omne
2330 4719 2633 4766 recensent.
2665 4709 2742 4766 Ne
2769 4710 2888 4782 quis
2916 4710 3058 4765 enim
3088 4724 3304 4765 causam
3334 4710 3497 4765 caedis
3534 4712 3743 4767 malam

2118 4815 2263 4869 esse
2290 4802 2670 4871 suspicaretur,
2705 4811 2762 4857 ut
2794 4803 2844 4857 in
2875 4802 3091 4858 Theuda
3119 4811 3173 4857 et
3198 4801 3333 4858 Juda
3363 4803 3613 4875 contigit,
3650 4820 3749 4860 ve-

2142 4911 2257 4951 ram
2298 4894 2461 4950 caadis
2501 4908 2715 4949 causam
2762 4894 2961 4951 referre
2998 4904 3277 4965 coguntur.
3320 4894 3504 4965 Itaque
3532 4905 3748 4967 quanto

2142 4989 2312 5061 magis
2351 4995 2624 5058 peccatum
2653 4987 2927 5044 occultare
2955 4987 3057 5043 hoc
3086 4987 3245 5042 modo
3271 4986 3512 5042 volueris
3534 5027 3551 5053 ,
3590 4996 3751 5042 tanto

2144 5082 2313 5152 magis
2330 5080 2459 5136 illud
2474 5078 2713 5150 evulgas.
2729 5080 3010 5136 Peccatum
3028 5080 3169 5135 enim
3190 5094 3292 5134 non
3313 5094 3409 5151 per
3424 5080 3634 5149 peccati
3649 5079 3749 5133 ad-

2144 5174 2494 5230 ditamentum
2521 5174 2737 5245 tegitur,
2755 5172 2849 5229 sed
2876 5188 2971 5242 per
2988 5173 3353 5243 paenitentiam
3376 5182 3428 5228 et
3448 5172 3751 5228 confessio-

2144 5283 2288 5324 nem.
2317 5266 2596 5336 Perpende
2623 5276 2799 5320 autem
2826 5265 3092 5335 quomodo
3120 5263 3236 5319 hzec
3262 5264 3589 5334 evangelista
3621 5280 3750 5318 mo-

2144 5361 2329 5416 derate
2354 5368 2566 5425 narret,
2593 5368 2649 5413 et
2676 5366 2931 5428 quantum
2961 5356 3085 5412 licet
3113 5356 3315 5412 crimen
3348 5356 3572 5411 minuat.
3605 5354 3751 5411 Nam

2143 5452 2409 5511 Herodem
2435 5451 2487 5507 id
2517 5450 2708 5507 fecisse
2734 5448 2864 5504 dicit
2894 5458 3109 5520 propter
3133 5448 3492 5518 juramentum
3522 5457 3582 5503 et
3606 5462 3750 5502 con-

2145 5547 2293 5603 vivas
2312 5587 2328 5613 ,
2356 5545 2637 5617 ipsumque
2662 5542 3037 5599 contristatum
3067 5539 3230 5595 fuisse
3263 5556 3275 5592 :
3304 5538 3371 5594 de
3396 5538 3573 5609 puella
3612 5552 3751 5593 vero

2145 5641 2271 5696 dicit
2298 5640 2465 5710 ipsam
2495 5653 2525 5693 a
2554 5645 2725 5695 matre
2755 5633 3124 5705 praemonitam
3154 5630 3315 5685 fuisse
3336 5669 3352 5694 ,
3383 5637 3440 5684 et
3466 5639 3631 5697 caput
3658 5636 3752 5681 at-

2148 5738 2331 5793 tulisse
2358 5735 2529 5801 matri,
2565 5749 2623 5789 ac
2655 5732 2698 5789 si
2730 5732 2953 5798 diceret,
2986 5727 3127 5783 illius
3148 5724 3295 5797 jussa
3322 5720 3749 5795 exsequebatur.
