3908 6198
257 230 367 285 ωδ

261 347 377 401 Non
405 344 548 399 enim
580 344 648 399 de
690 343 755 399 iis
790 343 879 414 qui
918 342 1055 398 mala
1101 342 1401 412 patiuntur,
1434 342 1527 398 sed
1562 343 1630 397 de
1669 342 1733 397 iis
1760 342 1851 412 qui

262 440 398 493 tnala
430 436 681 501 inferunt,
712 435 895 490 dolere
921 436 1094 489 solent
1118 433 1240 504 justi
1273 449 1480 500 utnues,
1506 434 1628 503 quia
1660 432 1712 487 lii
1741 449 1854 487 ma—

258 535 405 583 xime
442 536 569 583 sunt
601 528 690 598 qui
729 527 866 581 male
907 527 1200 597 patiuntur.
1240 524 1422 596 Neque
1449 525 1591 581 enim
1620 524 1854 580 Joannes

262 621 419 674 laesus
447 619 576 684 fuit,
608 619 702 674 sed
747 618 780 673 ii
820 619 909 689 qui
949 617 1063 672 haec
1101 617 1388 673 machinati
1426 625 1570 679 sunt.
1608 616 1715 671 llos
1754 630 1852 671 nos

258 730 470 784 quoque
492 712 783 778 imitemur,
811 727 984 781 neque
1005 710 1320 765 insultemus
1347 709 1577 778 peccatis
1600 707 1848 778 proximi,

258 809 353 859 sed
384 816 637 877 quantum
666 803 744 859 fas
770 814 852 860 est
874 804 1202 859 occultemus
1227 818 1310 857 ea.
1341 803 1587 858 Animum
1618 801 1857 873 philoso-

260 898 477 968 phicum
502 913 853 953 assumamus.
885 896 1092 951 Etenim
1123 895 1446 966 evangelista
1475 895 1543 950 de
1570 896 1852 951 meretrice

256 1000 313 1046 et
352 989 691 1061 sanguinaria
736 989 960 1043 muliere
999 987 1273 1042 moderate
1304 997 1562 1057 quantum
1592 986 1738 1041 licuit
1768 986 1851 1040 Io-

256 1091 455 1154 quutus
479 1092 578 1138 est.
606 1080 723 1137 Non
745 1081 885 1137 enim
907 1080 1061 1147 dixit,
1090 1081 1132 1134 A
1159 1080 1495 1151 sanguinaria
1520 1088 1575 1135 et
1599 1079 1846 1145 scelesta,

257 1174 376 1238 sed,
401 1176 446 1228 Α
468 1183 627 1227 matre
647 1173 964 1243 praemonita,
991 1170 1382 1226 bonestioribus
1403 1185 1529 1225 usus
1556 1170 1847 1224 vocabulis.

258 1265 338 1319 Tu
370 1281 495 1320 vero
525 1265 823 1334 proximum
850 1262 1172 1319 contumelia
1197 1274 1251 1316 et
1275 1260 1517 1317 convicio
1536 1259 1725 1324 afﬁcis,
1753 1275 1851 1316 nec

258 1358 329 1413 ita
359 1357 599 1413 modeste
626 1368 777 1427 potes
804 1356 871 1411 de
902 1356 1062 1410 fratre
1085 1355 1175 1425 qui
1207 1364 1259 1409 te
1288 1353 1479 1423 injuria
1509 1352 1746 1408 affecerit
1773 1354 1850 1407 lo-

256 1454 386 1523 qui,
417 1463 469 1507 ut
514 1453 603 1508 ille
638 1452 707 1507 de
751 1449 1033 1506 meretrice
1063 1448 1409 1519 Inquebatur,
1442 1447 1535 1503 sed
1562 1447 1848 1502 admodum

258 1547 529 1612 ferociter,
558 1556 611 1601 et
635 1561 755 1600 cum
782 1543 1103 1613 opprobriis,
1132 1542 1419 1597 scelestum
1445 1556 1621 1605 vocas,
1652 1541 1853 1610 impro-

257 1640 385 1693 bum
411 1682 425 1703 ,
457 1639 661 1693 vafrum
686 1680 699 1701 ,
744 1638 961 1692 stultum
982 1678 998 1704 ,
1027 1645 1075 1691 et
1119 1635 1310 1689 similia
1351 1633 1573 1690 adhibes
1612 1633 1847 1688 nomina.

256 1731 390 1788 Nam
412 1731 695 1786 efferantur
721 1729 940 1784 omnino
965 1738 1018 1784 et
1043 1728 1191 1798 quasi
1220 1726 1287 1782 de
1312 1726 1605 1797 alienigena
1636 1725 1851 1781 homine

258 1824 547 1895 loquimur,
578 1821 981 1887 maledicentes,
1010 1818 1262 1874 conviciis
1286 1827 1340 1872 et
1365 1816 1701 1883 contumeliis
1729 1813 1849 1868 afﬁ-

255 1919 482 1972 cientes.
506 1916 573 1970 At
595 1931 698 1969 non
724 1914 793 1968 ita
816 1923 960 1968 certe
985 1911 1152 1966 sancti
1179 1928 1191 1965 :
1220 1909 1314 1964 sed
1343 1909 1518 1980 potius
1542 1915 1853 1978 peccatores

256 2009 463 2078 lugent,
488 2021 646 2078 quam
678 2004 805 2075 ipsis
838 2001 1176 2058 maledicunt.
1206 2000 1318 2055 Hoc
1348 2008 1401 2054 et
1426 2013 1525 2053 nos
1553 1999 1806 2053 faciamus
1833 2016 1846 2052 :

256 2102 535 2171 lugeamus
577 2094 965 2160 Herodiadem,
998 2103 1054 2149 et
1088 2108 1182 2148 eos
1225 2093 1314 2163 qui
1365 2092 1508 2145 illam
1554 2091 1846 2145 imitantur.

258 2192 422 2247 Multa
458 2205 685 2261 namque
713 2187 873 2244 etiam
904 2200 1045 2240 nunc
1086 2183 1387 2253 huiusmodi
1422 2182 1669 2237 convivia
1697 2182 1848 2237 cele-

258 2282 504 2337 brantur.
532 2283 704 2352 Atque
727 2278 934 2333 etiamsi
963 2276 1195 2331 Joannes
1223 2290 1329 2329 non
1358 2275 1721 2339 interﬁciatur,
1753 2274 1847 2329 sed

257 2373 459 2429 Christi
496 2372 735 2427 membra
765 2371 919 2440 longe
947 2371 1162 2440 gravius
1190 2367 1535 2438 impetuntur.
1562 2367 1677 2421 Non
1705 2369 1847 2423 enim

256 2476 419 2537 caput
448 2466 498 2520 in
527 2465 674 2520 disco
699 2472 886 2534 petunt
919 2462 952 2516 ii
976 2462 1063 2532 qui
1092 2476 1233 2516 nunc
1260 2459 1582 2530 tripudiant,
1609 2462 1702 2517 sed
1730 2463 1848 2517 ani-

256 2578 378 2617 mas
404 2563 561 2617 simul
602 2560 1048 2617 recumbentium.
1071 2558 1203 2615 Cum
1229 2570 1408 2615 autem
1449 2560 1567 2614 illos
1597 2560 1647 2613 in
1678 2559 1849 2614 servi-

259 2667 431 2712 tutem
462 2655 798 2727 redegerint,
829 2663 882 2710 et
915 2654 980 2708 ad
1015 2655 1224 2725 iniquos
1265 2653 1574 2708 induxeriut
1601 2666 1847 2718 amores,

257 2750 681 2819 meretricesque
728 2746 1110 2811 adhibuerint,
1152 2760 1257 2800 non
1300 2753 1457 2814 caput
1496 2743 1846 2809 abscindunt,

258 2843 356 2898 sed
381 2841 612 2895 animam
628 2840 891 2910 iugulant,
917 2839 1041 2893 dmn
1067 2838 1189 2893 illos
1210 2836 1470 2902 moechos,
1493 2834 1848 2899 effeminatos,

258 2942 314 2989 et
337 2934 577 2988 exoletos
604 2930 849 2985 reddunt.
880 2928 1060 2998 Neque
1081 2928 1223 2984 enim
1252 2927 1379 2981 mihi
1406 2926 1625 2991 dixeris,
1652 2936 1702 2979 te
1729 2925 1851 2979 vino

256 3035 474 3096 captum
502 3034 555 3079 et
580 3022 789 3078 ebrium
823 3021 1101 3075 mulierem
1128 3020 1432 3085 saltantem,
1454 3032 1572 3087 (iure
1600 3019 1850 3072 obscmna

258 3118 526 3188 loquitur,
559 3115 673 3170 sine
702 3114 809 3169 ullo
837 3111 1285 3182 eoncupiscentim
1325 3120 1470 3164 motu
1502 3110 1683 3163 videre
1703 3150 1718 3175 ,
1753 3123 1850 3162 ue-

258 3231 365 3284 que
402 3214 669 3284 voluptate
710 3212 904 3266 victum
943 3209 1009 3263 ad
1051 3209 1319 3263 lasciviam
1358 3205 1504 3261 ferri.
1541 3204 1675 3260 Illud
1704 3214 1851 3259 certe

257 3308 517 3363 horribile
547 3304 775 3375 pateris,
807 3312 864 3358 ut
904 3301 1143 3357 membra
1173 3298 1373 3355 Christi
1412 3296 1577 3352 facias
1611 3295 1850 3350 membra

256 3398 576 3455 meretricis.
602 3396 736 3451 Nam
774 3394 873 3450 etsi
914 3408 1021 3448 non
1055 3391 1196 3445 adsit
1235 3389 1340 3443 ﬁlia
1377 3386 1723 3451 llerodindis,
1756 3383 1849 3438 sed

256 3492 348 3562 qui
382 3506 476 3561 per
511 3489 653 3544 illam
690 3495 815 3541 tunc
856 3484 1073 3539 saltavit
1110 3481 1355 3537 diabolus
1378 3521 1392 3544 ,
1431 3494 1525 3549 per
1558 3479 1674 3533 illas
1712 3491 1852 3531 nunc

256 3585 486 3638 choreas
523 3581 669 3651 agit,
699 3578 915 3648 abitque
957 3575 1165 3629 animas
1203 3570 1648 3627 discumbentium
1688 3583 1852 3639 agens

257 3676 517 3747 captivas.
551 3672 702 3742 Quod
743 3672 790 3727 si
829 3684 924 3725 vos
963 3667 1188 3738 potestis
1216 3664 1532 3720 ebrietatem
1565 3661 1734 3715 vitare
1755 3700 1771 3724 ,
1799 3668 1855 3714 at

257 3768 481 3824 alterius
518 3764 718 3836 peccati
755 3761 1051 3835 gravissimi
1085 3757 1367 3830 participes
1407 3753 1535 3808 estis
1568 3772 1580 3807 :
1613 3751 1854 3823 plurimis

257 3878 492 3934 namque
521 3861 722 3931 rapinis
764 3855 1065 3927 hujusmodi
1096 3850 1337 3908 convivia
1366 3855 1632 3904 constant.
1660 3844 1737 3900 Nc
1760 3860 1854 3913 ap-

257 3956 464 4026 positas
483 3966 673 4008 carnes
696 3948 1012 4018 respexeris,
1037 3959 1135 4000 nec
1154 3944 1453 4013 placentas;
1471 3937 1564 3994 sed
1588 3937 1853 3992 undeuam

259 4050 379 4104 Iuec
402 4046 625 4102 collecta
655 4044 761 4099 sint
789 4042 983 4111 cogita,
1012 4048 1064 4093 et
1093 4036 1297 4091 videbis
1325 4035 1412 4088 illa
1441 4048 1506 4089 ex
1530 4030 1772 4095 avaritia,
1800 4038 1854 4084 et

259 4143 336 4202 vi.
369 4149 425 4196 et
454 4139 637 4208 rapina
668 4132 951 4206 proﬁcisci.
986 4131 1206 4195 Verum,
1238 4128 1465 4198 inquies,
1497 4125 1611 4179 btcc
1646 4139 1750 4177 non
1783 4123 1851 4177 ita

258 4242 413 4303 parta
443 4238 603 4295 sunt;
632 4227 808 4281 absit!
857 4225 909 4279 id
950 4239 1048 4293 ego
1090 4221 1309 4275 minime
1348 4218 1524 4272 velim.
1571 4214 1766 4270 Verum
1807 4214 1853 4269 si

262 4329 365 4383 hac
390 4327 443 4381 in
469 4332 620 4396 parte
649 4320 895 4378 convivia
924 4318 1031 4372 sint
1055 4329 1182 4385 pura
1204 4354 1218 4377 ,
1248 4328 1354 4366 non
1384 4318 1560 4364 tamen
1593 4307 1681 4362 illa
1704 4321 1852 4361 sum-

262 4432 451 4495 ptuosa
498 4416 739 4473 convivia
783 4426 1002 4483 prorsus
1046 4416 1172 4463 sunt
1217 4405 1442 4461 crimine
1482 4416 1669 4456 vacua.
1718 4398 1853 4454 Audi

264 4489 405 4569 enim
450 4507 720 4582 quomodo
761 4506 852 4559 illa
893 4502 977 4557 vel
1024 4498 1342 4569 supradictis
1387 4509 1551 4548 vacua
1596 4489 1854 4563 prepheta

264 4601 625 4676 mprehendat
653 4598 736 4654 his
766 4596 944 4652 verbis
974 4613 987 4648 ε
1027 4592 1116 4647 Vw
1142 4593 1226 4662 qui
1255 4589 1417 4644 bibitis
1451 4588 1751 4676 dem-catum
1779 4585 1857 4676 in“.

263 4674 406 4759 nunt,
433 4705 478 4749 et
504 4691 770 4765 unguentis
795 4688 971 4760 primis
1002 4682 1248 4754 ungimini
1271 4681 1450 4748 (Amos
1490 4679 1545 4734 6.
1576 4676 1655 4747 6).
1694 4674 1857 4730 Vides

258 4789 495 4862 qualiter
516 4786 603 4841 hic
619 4783 836 4838 delicias
857 4774 1255 4848 reprehendat?
1275 4771 1460 4842 Neque
1474 4769 1614 4825 enim
1639 4767 1722 4821 his
1747 4781 1857 4820 ver-

261 4881 349 4937 bis
377 4878 653 4935 avaritiam
681 4875 1002 4935 insectatur,
1030 4867 1124 4923 sed
1152 4865 1349 4921 effusas
1374 4862 1593 4918 delicias
1627 4867 1852 4913 tantum.

337 4973 392 5026 6.
434 4971 512 5026 Tu
542 4965 781 5023 comedis
809 4964 947 5019 ultra
988 4974 1294 5016 mensuram
1318 4999 1332 5020 ,
1361 4970 1481 5011 cum
1512 4952 1756 5008 Christus
1788 4964 1856 5004 ne

260 5063 482 5137 quidem
524 5057 825 5116 necessaria
854 5054 1076 5118 habeat;
1112 5061 1165 5104 tu
1198 5051 1469 5119 placentas
1502 5043 1740 5106 affatim,
1768 5040 1857 5096 ille

263 5130 336 5213 ne
367 5168 555 5224 panem
592 5150 805 5222 quidem
852 5146 1097 5208 aridum;
1148 5150 1203 5194 tu
1244 5138 1497 5193 Thasium
1533 5134 1717 5187 vinum
1747 5130 1855 5199 (a),

262 5222 377 5320 ipsi
402 5259 536 5301 vero
578 5258 645 5298 ne
691 5240 911 5295 calicem
952 5235 1165 5306 quidem
1211 5245 1364 5301 aqua:
1411 5226 1616 5298 frigidae
1658 5222 1859 5277 sitienti

261 5316 499 5402 dedisti;
532 5346 586 5390 tu
618 5334 669 5389 in
701 5333 840 5387 lecto
879 5327 1029 5383 molli
1080 5335 1133 5379 et
1173 5332 1363 5377 ornato
1390 5321 1531 5389 iaces
1554 5359 1570 5383 ,
1611 5316 1699 5370 ille
1730 5329 1859 5369 vero

261 5433 369 5490 sub
392 5430 586 5502 frigido
615 5441 739 5482 aere
762 5423 924 5493 alget.
958 5419 1165 5475 Idcirco
1181 5413 1391 5471 etiamsi
1434 5410 1657 5464 avaritia
1694 5422 1859 5462 vacua

332 5587 409 5650 (ιι)
443 5585 600 5650 Thasii
626 5582 723 5650 vini
746 5579 861 5629 olim
880 5567 1416 5650 celeberriminmzentio
1449 5561 1861 5650 faﬂu‘iir‘iflmhg:

266 5625 859 5713 n.9"3piii'2ixiiifoie'5‘;
886 5625 1130 5697 i‘lautum,
1173 5631 1404 5693 Plinium,
1450 5625 1766 5686 Αῑὶιδηῖευιην
1809 5625 1864 5673 ει

268 5716 406 5765 alios.

1221 226 1287 283 IN
1322 225 1731 285 MATTHEUII
1770 222 2001 285 ΗΟΜΠ..
2045 224 2278 282 XLVIII.
2317 228 2389 283 al.
2430 228 2620 287 XLIX.
2674 244 2677 245 '

1960 350 2139 396 essent
2166 342 2408 398 convivia
2433 352 2544 409 tua,
2565 353 2743 401 tamen
2771 346 2894 403 ideo
2916 347 3172 419 ﬂagitiosa
3216 361 3376 422 sunt,
3401 359 3544 428 quod

1960 442 2016 487 tu
2054 448 2215 504 supra
2256 438 2638 504 necessitatem
2696 441 2874 496 omnia
2930 442 3126 511 facias,
3174 445 3248 500 illi
3299 463 3427 502 vero
3477 465 3546 505 ne

1957 524 2173 595 quidem
2201 528 2498 582 necessaria
2532 528 2791 598 prmbeas,
2818 545 2940 586 cum
2990 548 3053 586 ex
3103 534 3269 603 ipsius
3295 536 3449 594 bonis
3491 541 3543 594 in

1957 618 2167 673 deliciis
2195 620 2361 674 vivas.
2390 619 2552 676 Certe
2590 623 2633 676 si
2664 623 2815 692 pueri
2846 624 3138 696 cuiuspiam
3183 637 3327 685 tutor
3353 648 3501 688 esses
3524 675 3542 699 ,

1959 718 2014 765 et
2030 709 2196 780 ipsius
2228 710 2365 767 bona
2383 713 2785 778 administrans,
2810 716 2982 786 ipsum
3009 719 3062 773 in
3098 724 3358 776 extremis
3396 727 3543 793 posi-

1958 810 2071 857 tum
2117 804 2456 874 despiceres,
2506 819 2791 865 sexcentos
2837 811 3065 867 haberes
3089 827 3449 881 accusatores,
3484 834 3546 873 ac

1957 897 2254 952 secundum
2301 898 2449 969 leges
2493 915 2679 970 pmnas
2722 902 2882 958 dares
2915 921 2929 958 :
2959 919 3082 959 cum
3118 918 3296 962 autem
3326 924 3386 963 ea
3425 925 3544 979 quae

1957 986 2158 1044 Christi
2188 999 2310 1045 sunt
2331 992 2627 1060 acceperis,
2657 1002 2710 1047 et
2744 993 2821 1048 sic
2847 994 3042 1051 frustra
3069 996 3305 1054 insumas
3324 1040 3338 1065 ,
3365 1016 3542 1055 annon

1960 1091 2115 1151 putas
2142 1090 2195 1138 te
2223 1085 2486 1139 rationem
2523 1085 2855 1141 redditurum
2885 1089 3051 1144 esse?
3080 1090 3207 1145 Haec
3251 1107 3411 1162 porro
3437 1109 3541 1147 non

1958 1173 2026 1230 de
2074 1174 2178 1229 illis
2204 1174 2345 1243 dico,
2395 1176 2483 1246 qui
2522 1178 2834 1235 meretrices
2872 1181 2940 1235 ad
2996 1198 3232 1238 mensam
3285 1186 3544 1241 inducunt

1958 1265 2087 1337 (illis
2123 1266 2323 1337 quippe
2347 1283 2453 1321 non
2498 1270 2665 1339 magis
2699 1285 2860 1341 quam
2894 1273 3115 1328 canibus
3160 1276 3536 1349 loquendum),

1959 1373 2058 1413 nec
2087 1359 2154 1413 de
2184 1360 2484 1428 raptoribus
2505 1362 2593 1430 qui
2621 1362 2846 1417 aliorum
2886 1372 3101 1420 ventres
3129 1366 3387 1437 implent(
3412 1369 3542 1425 nihil

1957 1451 2102 1506 enim
2133 1465 2418 1507 commune
2460 1467 2580 1507 eum
2625 1454 2729 1508 illis
2761 1453 2933 1511 habeo
2955 1497 2971 1522 ,
2998 1466 3180 1513 utnec
3214 1476 3334 1513 cum
3364 1464 3543 1532 porcis

1956 1541 2041 1597 vel
2061 1541 2254 1613 lupis),
2288 1541 2385 1596 sed
2412 1542 2479 1597 de
2500 1543 2603 1597 illis
2623 1545 2798 1615 agitur
2824 1548 2913 1615 qui
2939 1546 3094 1602 bonis
3121 1548 3366 1605 fruuntur
3386 1554 3496 1608 suis
3521 1593 3538 1617 ,

1958 1651 2059 1692 nec
2081 1636 2202 1691 aliis
2246 1636 2570 1707 largiuntur;
2613 1638 2681 1693 de
2706 1639 2771 1694 iis
2791 1641 2879 1710 qui
2910 1652 3129 1710 paterna
3166 1643 3305 1698 bona
3346 1647 3540 1701 frustra

1956 1736 2296 1784 consumunt.
2324 1728 2508 1799 Neque
2530 1731 2671 1784 enim
2701 1731 2752 1785 bi
2794 1732 3017 1788 crimine
3043 1737 3192 1790 vacui
3224 1746 3367 1792 sunt.
3407 1739 3538 1793 Nam

1956 1820 2247 1891 quomodo,
2280 1836 2486 1892 quaeso,
2522 1823 2890 1879 accusationes
2926 1834 2983 1879 et
3031 1828 3241 1896 culpam
3293 1829 3536 1900 eil‘ugias,

1956 1915 2171 1984 quando
2218 1915 2481 1983 parasitus
2511 1924 2751 1971 ventrem
2795 1918 2997 1987 implet,
3042 1930 3100 1973 ut
3144 1933 3197 1975 et
3233 1923 3402 1987 canis,
3444 1925 3537 1992 qui

1954 2007 2162 2071 adstat;
2183 2007 2310 2062 dum
2337 2006 2581 2061 Christus
2610 2023 2677 2062 ne
2706 2008 2808 2063 hoc
2828 2008 3041 2078 quidem
3064 2010 3323 2067 beneﬁcio
3350 2013 3541 2084 dignus

1955 2102 2097 2172 apud
2127 2112 2177 2157 te
2200 2100 2469 2156 habetur?
2493 2101 2706 2171 quando
2734 2101 2798 2168 is,
2822 2103 2912 2172 qui
2938 2104 3101 2157 risum
3133 2114 3309 2160 movet
3337 2147 3353 2171 ,
3397 2116 3541 2161 tanta

1954 2196 2178 2265 accipit;
2207 2194 2295 2250 ille
2315 2204 2514 2261 autem,
2542 2193 2635 2264 qui
2655 2209 2875 2264 regnum
2892 2196 3145 2251 caelorum
3163 2198 3214 2251 in
3240 2199 3542 2253 mercedem

1955 2287 2132 2352 offert,
2160 2303 2228 2342 ne
2279 2287 2555 2342 minimam
2596 2286 2810 2356 quidem
2839 2287 3028 2342 horum
3083 2290 3327 2357 partem?
3365 2291 3453 2345 ille
3484 2300 3543 2345 ut

1956 2380 2127 2436 facete
2165 2378 2364 2450 aliquid
2405 2378 2566 2443 dicat,
2612 2378 2836 2433 satiatus
2874 2378 3012 2443 abit;
3045 2379 3132 2434 hic
3173 2395 3304 2436 vero
3350 2382 3435 2449 qui
3475 2397 3541 2437 ea

1956 2471 2132 2535 docet,
2162 2484 2282 2539 quae
2312 2469 2418 2523 nisi
2446 2467 2791 2524 didicerimus
2810 2510 2825 2535 ,
2856 2468 2986 2522 nihil
3020 2485 3049 2522 a
3079 2470 3302 2525 canibus
3329 2470 3543 2526 differe-

1956 2579 2097 2625 mus.
2127 2578 2235 2618 non
2262 2560 2452 2617 eodem
2489 2576 2596 2630 quo
2623 2561 2713 2617 ille
2740 2560 3001 2617 beneﬁcio
3028 2561 3307 2632 dignatur?
3338 2564 3540 2620 Horre-

1955 2658 2062 2711 scis
2086 2655 2202 2711 haec
2216 2652 2522 2711 audiendo?
2548 2653 2810 2709 Horrescc
2829 2668 2958 2724 ergo
2984 2652 3052 2709 de
3080 2653 3250 2710 factis.
3276 2655 3421 2726 Ejice
3443 2672 3537 2727 pa-

1956 2750 2172 2814 rasitos,
2201 2758 2255 2803 et
2275 2747 2360 2803 fac
2384 2757 2559 2804 tecum
2582 2745 2903 2802 accumbere
2934 2746 3223 2802 Christum.
3264 2749 3320 2805 Si
3351 2751 3462 2805 sale
3486 2761 3542 2806 et

1957 2856 2140 2897 mensa
2170 2853 2344 2896 tecum
2370 2839 2869 2905 communicaverit,
2897 2851 3208 2895 mansuetus
3254 2841 3349 2895 tibi
3374 2841 3541 2912 iudex

1955 2935 2060 2989 erit
2088 2951 2101 2989 :
2134 2933 2274 2989 solet
2296 2932 2530 2989 revereri
2576 2946 2838 2987 mensam.
2869 2930 2926 2986 Si
2967 2946 3196 3001 namque
3227 2933 3277 2987 id
3307 2934 3542 2989 latrones

1957 3027 2189 3091 faciant,
2222 3035 2422 3097 quanto
2449 3026 2619 3096 magis
2656 3024 2954 3080 Dominus?
2990 3024 3176 3095 Cogita
3215 3027 3357 3081 enim
3403 3044 3540 3096 quo-

1958 3121 2117 3177 modo
2135 3121 2471 3175 meretricem
2499 3119 2640 3174 illam
2661 3133 2691 3172 a
2708 3131 2890 3173 mensa
2912 3117 3175 3187 utiustam
3194 3118 3539 3186 laudaverit‘,

1956 3223 2020 3268 ac
2040 3212 2244 3267 Simoni
2283 3210 2690 3281 exprobraverit
2735 3210 2922 3265 dicens
2958 3228 2971 3265 :
3006 3209 3255 3264 Osculum
3283 3212 3410 3267 mihi
3438 3228 3541 3266 non

1958 3305 2140 3361 dediin
2166 3302 2187 3377 (
2218 3302 2344 3367 Luc.
2379 3304 2430 3357 7.
2458 3303 2528 3359 45
2555 3304 2595 3372 ).
2619 3301 2770 3369 Quod
2797 3301 2843 3356 si
2872 3311 2924 3356 te
2950 3300 3066 3356 lucc
3105 3318 3212 3356 non
3258 3302 3540 3357 facientem

1959 3397 2147 3462 nutrit,
2182 3395 2352 3451 multo
2382 3394 2551 3465 magis
2593 3393 2880 3449 facientem
2912 3392 3160 3449 mercede
3198 3393 3439 3449 donabit.
3466 3394 3544 3450 Ne

1958 3492 2170 3561 inopem
2190 3489 2477 3559 despicias,
2499 3485 2642 3558 quod
2666 3485 2914 3541 sordidus
2931 3494 2984 3540 et
3006 3484 3277 3554 squalidus
3291 3485 3543 3552 accedat;

1959 3583 2054 3641 sed
2081 3581 2279 3653 cogita,
2303 3579 2577 3636 Christum
2606 3593 2702 3648 per
2728 3577 2899 3647 ipsum
2927 3575 3144 3631 domum
3181 3585 3323 3631 tuam
3352 3576 3502 3630 adire
3523 3620 3542 3642 ,

1961 3692 2029 3732 ne
2058 3690 2247 3747 pergas
2274 3674 2419 3729 illum
2451 3671 2757 3727 inhumanis
2799 3671 2978 3725 verbis
3016 3669 3284 3724 incessere
3304 3709 3320 3735 ,
3350 3670 3545 3740 quibus

1959 3769 2276 3832 accedentes
2323 3766 2587 3822 lacessere
2643 3765 2823 3827 soles,
2872 3763 3207 3832 importunus
3261 3761 3500 3816 vocando
3526 3803 3543 3828 ,

1961 3864 2163 3917 otiosos
2187 3902 2201 3925 ,
2229 3859 2675 3932 gravioribusque
2718 3858 2839 3912 aliis
2865 3855 3171 3910 nominibus
3202 3855 3543 3925 appellando.

1960 3956 2173 4026 Cogites
2202 3953 2360 4008 velim
2392 3951 2604 4023 quando
2626 3950 2743 4005 hare
2771 3950 2925 4012 dicis,
2953 3964 3071 4019 qua:
3098 3949 3189 4003 tibi
3208 3963 3368 4017 opera
3399 3964 3551 4017 paras

1959 4052 2045 4115 siti
2070 4049 2286 4114 faciant,
2316 4062 2382 4099 an
2411 4046 2463 4100 in
2502 4044 2680 4114 aliquo
2720 4041 2962 4096 familiari
2998 4042 3072 4095 rei
3107 4050 3209 4095 tuae
3233 4041 3341 4099 sint
3369 4039 3545 4094 utiles.

1960 4140 2272 4205 Prandium,
2328 4138 2556 4208 inquies,
2603 4134 2819 4190 suavius
2867 4132 3114 4187 reddunt.
3165 4132 3231 4186 Et
3280 4130 3551 4201 quomodo

1960 4234 2195 4293 suavius,
2220 4230 2345 4285 dum
2368 4226 2536 4297 alapis
2559 4224 2836 4281 cmduntur
2851 4238 2913 4278 ac
2940 4223 3110 4291 turpia
3131 4221 3459 4292 loquuntur?
3485 4221 3551 4276 Et

1961 4327 2086 4395 quid
2117 4324 2214 4377 hac
2242 4338 2300 4377 re
2329 4319 2601 4374 insuavius
2630 4359 2643 4381 ,
2689 4314 2903 4386 quando
2942 4312 2987 4367 is
3024 4314 3111 4381 qui
3156 4314 3221 4367 ad
3264 4314 3548 4383 imaginem

1962 4418 2057 4473 Dei
2090 4417 2257 4470 factus
2287 4421 2369 4467 est
2388 4410 2630 4477 caeditur,
2655 4417 2789 4462 etex
2809 4407 2907 4461 hac
2923 4405 3245 4461 contumelia
3276 4405 3548 4474 voluptate

1962 4506 2214 4571 afﬁceris,
2245 4503 2389 4559 aedes
2407 4510 2525 4556 tuas
2544 4501 2595 4555 in
2628 4499 2890 4554 theatrum
2916 4506 3257 4563 convertens,
3281 4512 3343 4565 ac
3369 4498 3551 4550 mimis

1966 4595 2273 4653 convivium
2290 4592 2521 4661 replens,
2535 4589 2888 4657 scenicosque
2902 4601 3057 4641 rasos
3069 4584 3442 4648 imitaris,cum
3459 4596 3549 4637 no-

1969 4687 2093 4742 bilis
2106 4685 2346 4753 liberque
2367 4681 2440 4735 sis
2453 4677 2617 4734 ?Nam
2638 4678 2708 4732 ibi
2728 4678 2872 4733 risus
2885 4677 3116 4746 etalapre
3128 4676 3391 4730 visuntur.
3405 4673 3552 4729 Haec-

1969 4778 2109 4842 cine,
2134 4789 2340 4846 quaeso,
2368 4773 2696 4843 Voluptatem
2729 4771 2988 4841 appellas,
3018 4785 3139 4839 qua:
3172 4767 3358 4823 multis
3387 4768 3550 4836 digna

1971 4878 2101 4925 sunt
2122 4867 2395 4939 Iacrymis,
2411 4865 2653 4929 fletibus,
2674 4864 3134 4935 getiiitibus?i-uni
3158 4869 3434 4932 oporteret
3454 4873 3546 4913 eos

1964 4972 2031 5027 ad
2059 4971 2217 5024 vitam
2250 4964 2471 5036 probam
2503 4973 2775 5023 revocare,
2803 4956 2868 5011 ad
2895 4955 3127 5011 ofﬁcium
3159 4953 3380 5016 hortari,
3406 4963 3459 5005 tu
3481 4950 3549 5005 ad

1966 5064 2222 5139 periuria,
2254 5059 2526 5128 verbaque
2567 5052 2737 5122 turpia
2785 5064 3064 5122 provocas,
3092 5055 3148 5103 et
3178 5045 3281 5101 hoc
3304 5044 3552 5112 volupta-

1966 5134 2071 5215 tem
2097 5152 2373 5226 appellas?
2396 5147 2643 5221 quodque
2664 5144 2729 5197 ad
2756 5142 3053 5213 gehennam
3071 5138 3236 5204 ducit,
3269 5134 3554 5206 voluptatis

1965 5258 2336 5323 argumentum
2358 5258 2477 5299 esse
2505 5237 2696 5311 putas?
2715 5237 2846 5290 Cum
2866 5232 3007 5288 enim
3037 5231 3208 5286 facete
3228 5228 3352 5301 quid
3375 5227 3555 5283 dicere

1966 5321 2184 5413 parasiti
2229 5353 2332 5393 non
2367 5342 2621 5406 possunt,
2662 5323 2983 5398 iuramentis
3030 5337 3093 5378 ac
3139 5321 3387 5394 periuriis
3435 5334 3557 5374 sese

1969 5410 2094 5489 binc
2117 5428 2423 5501 expediunt.
2468 5421 2713 5479 Haeccine
2760 5418 2872 5473 risu
2919 5413 3120 5487 digna?
3160 5428 3338 5469 annon
3384 5410 3558 5482 potius

2039 5676 2055 5708 ι
2073 5678 2215 5725 Juxta
2232 5667 2374 5722 savii.
2393 5663 2659 5732 legendum
2682 5668 2838 5725 esset,
2857 5672 2887 5712 a
2903 5671 3068 5712 mensa
3089 5662 3250 5710 mitem
3272 5652 3522 5706 reddidrr.
