3908 6198
355 216 461 272 ιοδ

356 328 608 401 Iacrymis
630 336 684 382 et
700 324 952 383 ﬂetibus?
974 323 1043 379 Et
1071 324 1189 393 quis
1226 333 1409 379 mente
1441 322 1627 379 valens
1652 323 1734 378 sic
1758 320 1947 393 loqua-

357 424 481 477 tur?

429 514 483 567 7.
526 512 651 567 ﬂre
676 526 836 581 porro
878 510 1021 575 dico,
1065 524 1170 563 non
1194 524 1302 579 quo
1342 507 1649 577 prohibeam
1694 506 1944 561 alimenta

361 606 490 673 ipsis
514 604 863 674 suppeditari,
891 602 985 657 sed
1013 618 1081 656 ne
1101 601 1201 655 hac
1228 601 1297 656 de
1316 616 1474 655 causa
1501 600 1942 669 suppeditentur:

361 695 726 760 humanitatis,
747 710 853 748 non
881 692 1224 747 immanitatis
1243 706 1400 745 causa
1430 691 1762 754 nutriantur;
1787 691 1948 743 mise-

364 786 590 842 ricordia
621 786 781 851 adsit,
811 802 915 839 non
944 784 1287 840 contumelia.
1322 783 1584 837 Alimenta
1618 782 1715 851 ipsi
1745 781 1943 851 praebe,

359 883 483 951 quia
526 897 727 950 pauper
758 890 841 935 est
864 920 881 945 ,
929 888 986 933 et
1013 880 1135 949 quia
1175 877 1228 931 in
1259 876 1350 931 illo
1390 874 1661 931 Christum
1686 875 1810 940 alis,
1840 889 1945 929 non

361 985 539 1029 autem
579 976 701 1043 quia
748 974 985 1027 satanica
1014 971 1215 1025 inducit
1256 970 1439 1036 verba,
1487 985 1748 1040 suamque
1782 970 1946 1024 vitam

360 1066 628 1134 deturpat.
655 1064 772 1118 Noli
797 1064 1111 1133 conspicere
1138 1060 1424 1125 ridentem,
1449 1061 1544 1117 sed
1564 1060 1947 1116 conscientiam

361 1156 478 1224 ejus
506 1156 746 1225 explora,
772 1163 829 1208 et
850 1163 975 1208 tunc
999 1152 1203 1208 videbis
1233 1154 1405 1223 ipsum
1436 1168 1556 1208 sese
1569 1153 1764 1208 millies
1784 1154 1948 1208 male-

360 1249 647 1309 dicentem.
676 1254 977 1317 gementem
997 1256 1156 1313 atque
1177 1245 1537 1317 plangentem.
1570 1246 1738 1312 Quam
1770 1260 1881 1300 rem
1903 1245 1948 1300 si

360 1340 610 1405 occultat,
635 1350 852 1409 propter
877 1339 1193 1393 teoccultat.
1226 1336 1488 1393 Convivas
1523 1337 1778 1392 adhibeto
1805 1338 1950 1392 vims

367 1446 628 1500 pauperes
675 1431 999 1500 liberosque,
1050 1444 1155 1483 non
1201 1430 1449 1499 periuros
1501 1431 1585 1485 vel
1634 1430 1848 1485 mimos.
1890 1430 1950 1486 Si

362 1522 499 1576 velis
517 1530 693 1576 autem
723 1531 779 1576 ut
803 1522 1034 1591 aliquam
1058 1522 1153 1576 tibi
1179 1523 1348 1576 vicem
1372 1521 1701 1591 rependant,
1719 1521 1871 1591 jube,
1902 1522 1949 1576 si

362 1617 488 1685 quid
514 1615 743 1670 viderint
770 1615 1103 1678 indecorum,
1144 1614 1443 1683 increpare,
1476 1628 1699 1669 monere
1718 1655 1735 1679 ,
1764 1628 1949 1668 curam

363 1708 631 1761 domnset
657 1705 871 1760 familiae
893 1706 1111 1760 habere.
1152 1705 1316 1760 Filios
1358 1704 1566 1760 babes?
1605 1705 1723 1760 Sint
1774 1713 1949 1760 tecum

365 1813 543 1868 patres
573 1798 832 1867 ipsorum,
860 1806 918 1851 et
938 1798 1198 1868 magistri,
1218 1797 1361 1853 lucra
1396 1797 1487 1851 tibi
1531 1805 1805 1867 reportent
1841 1797 1953 1851 Deo

365 1894 579 1963 placita.
627 1892 685 1946 lu
736 1892 1147 1961 negotiationem
1176 1891 1506 1959 spiritualem
1549 1891 1673 1946 illos
1702 1890 1947 1946 immitte.

365 1983 423 2038 Si
455 1991 699 2050 egentem
750 1982 1048 2053 patrocinio
1079 1982 1295 2048 videris,
1342 1982 1544 2052 impera
1587 1991 1646 2036 ut
1695 1982 1951 2036 auxilium

368 2084 622 2145 praestent
656 2086 713 2131 et
732 2074 1163 2129 subministrent.
1194 2073 1395 2128 Horum
1428 2074 1726 2129 ministerio
1755 2088 1954 2128 venare

368 2166 696 2237 peregrinos,
724 2166 896 2221 nudos
926 2166 1088 2221 indue
1111 2206 1128 2232 ,
1162 2166 1216 2221 in
1239 2181 1509 2221 carcerem
1537 2167 1689 2221 mitte
1712 2208 1727 2232 ,
1750 2166 1955 2223 alienas

364 2259 517 2315 Solve
543 2258 912 2315 necessitates.
943 2257 1094 2314 lianc
1115 2258 1210 2312 tibi
1239 2257 1310 2313 ob
1338 2258 1730 2328 suppulitatam
1766 2258 1955 2313 alimo-

368 2352 509 2405 niam
541 2353 709 2406 vicem
742 2350 1058 2421 rependant,
1088 2366 1208 2420 qua:
1250 2359 1306 2405 et
1334 2350 1427 2405 tibi
1454 2359 1510 2405 et
1534 2349 1638 2405 illis
1666 2350 1870 2419 prosit,
1901 2358 1958 2406 et

368 2458 487 2513 qua:
516 2442 803 2512 improbari
838 2457 1123 2510 numquam
1151 2450 1345 2511 potest.
1379 2440 1513 2497 Hinc
1535 2442 1804 2497 strictiore
1822 2442 1958 2496 ami-

366 2537 508 2590 citiae
535 2536 745 2591 vinculo
767 2535 1084 2606 jungemini.
1108 2534 1259 2589 Nunc
1277 2535 1443 2600 enim,
1466 2534 1673 2589 etiamsi
1695 2542 1958 2604 putentse

368 2629 559 2693 amari,
590 2638 825 2683 attamen
856 2627 1181 2683 erubescunt
1214 2625 1367 2697 quasi
1396 2626 1563 2697 gratis
1607 2625 1748 2696 apud
1794 2634 1850 2682 te
1878 2626 1960 2680 vi-

372 2731 596 2787 ventes;
626 2723 672 2777 si
698 2732 878 2776 autem
902 2722 1017 2776 haec
1045 2719 1391 2791 perfecerint,
1428 2719 1649 2775 liberius
1677 2728 1875 2791 agent,
1902 2730 1958 2776 et

371 2824 427 2869 tu
456 2816 712 2870 libentius
744 2830 983 2869 mensam
1013 2814 1313 2884 praebebis,
1354 2821 1539 2883 utpote
1573 2814 1664 2882 qui
1712 2822 1959 2884 sumptus

371 2922 478 2960 non
517 2907 635 2962 sine
681 2905 857 2960 fructu
899 2904 1234 2975 profundas:
1265 2905 1342 2959 illi
1384 2919 1504 2959 cum
1536 2904 1726 2959 ﬁducia
1779 2914 1958 2961 tecum

370 3000 575 3063 vivent,
600 3007 801 3053 etcum
825 2997 1034 3053 decenti
1065 2997 1330 3061 libertate,
1358 2995 1655 3066 domusque
1682 3004 1769 3050 tua
1792 3038 1807 3063 ,
1838 3011 1959 3067 quae

375 3090 641 3145 theatrum
672 3097 813 3155 erat,
834 3088 1063 3144 ecclesia
1086 3088 1308 3153 evadet,
1336 3088 1581 3143 diabolus
1604 3086 1841 3159 aufugiet
1863 3132 1878 3153 ,
1906 3090 1960 3145 in

372 3198 490 3237 eam
510 3180 753 3237 Christus
780 3196 900 3236 cum
928 3180 1239 3251 angelorum
1263 3180 1430 3235 choro
1460 3180 1694 3235 intrabit.
1721 3180 1852 3235 Nam
1870 3180 1961 3237 ubi

373 3276 640 3342 Christus,
683 3275 753 3330 ibi
779 3276 953 3345 angeli
985 3276 1002 3306 ⁸
1038 3293 1053 3330 :
1084 3274 1171 3329 ubi
1201 3289 1328 3329 vero
1362 3273 1606 3331 Christus
1654 3285 1712 3332 ct
1748 3275 1959 3346 angeli,

375 3367 445 3420 ibi
473 3366 684 3430 cadum,
714 3366 784 3421 ibi
816 3367 904 3420 lux
930 3365 1092 3422 solari
1121 3365 1473 3437 splendidior.
1504 3365 1561 3421 Si
1586 3376 1765 3422 autem
1801 3367 1960 3422 aliam

374 3457 444 3511 ab
469 3457 534 3511 iis
562 3458 690 3527 ipsis
728 3457 1147 3513 consolationem
1186 3458 1267 3513 vis
1293 3457 1387 3513 tibi
1410 3472 1621 3527 parere,
1662 3473 1758 3528 per
1792 3459 1960 3515 otium

371 3548 499 3619 jube
525 3550 644 3604 illos
663 3549 897 3604 divinam
924 3548 1094 3620 legem
1124 3549 1176 3603 in
1208 3548 1345 3605 libro
1380 3550 1579 3621 legere.
1607 3549 1886 3606 Libentius
1906 3550 1962 3607 in

439 3746 458 3778 ί
493 3753 622 3806 ttzec,
658 3753 777 3817 Ivem
814 3744 898 3795 ubi
930 3743 1268 3817 (‘Igristus,ilgi
1304 3744 1484 3817 angeli,
1518 3746 1699 3799 desum
1729 3759 1781 3797 tn
1818 3747 1961 3800 Sari].

372 3815 539 3870 atque,
564 3805 618 3858 ut
641 3807 850 3868 videtur,
873 3821 962 3871 per
983 3805 1419 3858 honxeoteleutoit.

1101 206 1155 264 S.
1198 203 1475 263 JOANNIS
1506 198 1960 260 οηιιγεοετοιι

2072 202 2338 264 RCIIIEP.
2377 206 2911 270 CONSTANTINOP.

3532 226 3641 281 ‘96

2052 321 2136 376 his
2164 324 2258 379 tibi
2287 342 2490 382 morem
2511 339 2717 398 gerent,
2738 347 2897 401 quam
2928 333 2980 387 in
3009 333 3145 389 aliis.
3175 335 3300 393 [lure
3324 324 3468 395 enim
3511 353 3563 396 et
3592 354 3646 397 te

2050 424 2105 469 et
2134 415 2251 470 illos
2292 416 2629 476 honestiores
2671 422 2940 491 efficiunt;
2984 426 3071 480 illa
3117 444 3265 494 vero,
3314 447 3436 501 qua:
3479 448 3648 503 supra

2051 508 2279 562 diximus
2300 550 2315 573 ,
2344 526 2533 566 omnes
2575 512 2733 567 simul
2774 514 3101 572 dedecorant
3133 540 3147 575 :
3181 529 3232 574 te
3264 532 3321 575 ut
3356 533 3649 580 contume-

2052 600 2245 656 liosum
2264 613 2318 659 et
2349 606 2715 673 temulentum,
2743 608 2863 664 illos
2895 620 2951 665 ut
2981 614 3205 669 miseros
3232 627 3286 670 et
3316 621 3486 672 ventri
3518 635 3648 676 ser-

2049 694 2277 749 vientes.
2305 695 2436 750 Nam
2479 699 2525 752 si
2574 699 2639 752 ad
2668 703 3042 757 contumeliam
3073 708 3312 774 nutrias,
3334 710 3384 763 id
3426 714 3654 780 gravius

2051 796 2153 852 est,
2183 803 2340 856 quam
2362 789 2407 843 si
2431 792 2738 858 occideres;
2794 796 2875 849 sin
2907 796 2974 849 ad
3023 799 3303 853 utilitatem
3331 811 3385 855 ct
3411 802 3651 870 lucrum,

2052 877 2104 932 id
2132 877 2452 935 fructuosius
2476 891 2580 946 est,
2611 899 2769 952 quam
2788 885 2834 939 si
2861 886 2927 939 ad
2954 897 3182 944 mortem
3212 892 3471 948 abductos
3502 896 3650 951 libec

2053 985 2220 1025 rares.
2250 971 2399 1027 Nunc
2416 982 2593 1027 autem
2623 975 2742 1030 illos
2757 978 2924 1047 magis
2944 994 3101 1050 quam
3115 998 3306 1038 servos
3325 985 3650 1055 dedecnras,

2052 1072 2107 1116 et
2131 1062 2271 1117 servi
2300 1064 2487 1133 majori
2517 1065 2654 1135 apud
2686 1075 2739 1123 te
2767 1067 2957 1123 ﬁducia
2984 1088 3045 1126 ac
3081 1072 3327 1129 libertate
3366 1075 3649 1145 fruuntur;

2054 1155 2145 1209 illo
2170 1166 2346 1212 autem
2374 1159 2533 1212 modo
2562 1160 2681 1215 illos
2704 1163 2908 1232 angelis
2935 1180 3090 1234 pares
3119 1165 3274 1222 facis.
3309 1168 3375 1222 Et
3405 1180 3456 1224 te
3482 1170 3652 1239 igitur

2054 1257 2109 1301 et
2138 1248 2257 1302 illos
2285 1249 2449 1304 libera
2475 1291 2491 1316 ,
2535 1252 2888 1321 parasitorum
2920 1272 3113 1311 nomen
3164 1257 3233 1313 de
3273 1260 3453 1315 medio
3479 1262 3613 1317 tolle
3632 1302 3656 1327 ,

2054 1341 2312 1396 convivas
2340 1342 2569 1411 appella,
2595 1353 2651 1398 et
2677 1345 2831 1413 pulso
2858 1346 3194 1404 adulatorum
3223 1354 3438 1409 nomine
3456 1397 3471 1419 ,
3498 1356 3647 1409 ami-

2054 1449 2241 1489 corum
2272 1436 2429 1491 induc
2447 1438 2877 1506 appellationem.
2909 1440 3033 1497 Ideo
3046 1444 3307 1498 amicitias
3329 1446 3454 1502 fecit
3479 1447 3654 1513 Deus,

2056 1542 2163 1581 non
2208 1527 2259 1581 in
2294 1527 2547 1583 damnum
2598 1530 2914 1586 dilecturum
2957 1542 3013 1588 et
3052 1534 3405 1607 diligentiam,
3437 1537 3529 1594 sed
3568 1538 3651 1593 ad

2056 1633 2240 1673 eorum
2272 1618 2467 1674 bonum
2493 1629 2653 1693 atque
2674 1622 2975 1680 utilitatem.
3023 1625 3133 1681 Illa:
3177 1640 3353 1683 autem
3396 1632 3658 1688 amicitia

2059 1712 2333 1768 inimicitia
2370 1715 2517 1769 omni
2557 1725 2683 1770 sunt
2710 1717 2986 1787 graviores
3016 1734 3030 1771 :
3061 1735 3182 1774 nam
3221 1722 3290 1775 ab
3320 1723 3566 1789 inimicis,
3602 1726 3657 1779 si

2057 1806 2305 1872 velimus,
2327 1806 2523 1877 aliquid
2547 1808 2679 1863 lucri
2701 1809 2904 1864 referre
2920 1825 3234 1880 possumus;
3261 1814 3330 1868 ab
3357 1814 3442 1868 his
3468 1826 3656 1869 autem

2058 1898 2364 1953 necessario
2388 1899 2653 1955 laedimur.
2674 1900 2751 1956 Ne
2779 1903 3013 1959 retineas
3031 1904 3233 1960 amicos
3262 1905 3442 1960 damni
3475 1909 3653 1976 magi-

2059 1998 2230 2051 stros;
2261 2004 2328 2044 ne
2356 1991 2587 2045 retineas
2609 1993 2835 2058 amicos,
2865 1993 2955 2063 qui
2982 2009 3221 2050 mensam
3250 1998 3418 2067 magis
3453 2008 3656 2054 curant

2058 2094 2216 2150 quam
2246 2082 2553 2137 amicitiam.
2579 2083 2640 2137 lli
2661 2084 2855 2154 quippe
2880 2099 3087 2152 omnes,
3119 2087 3163 2141 si
3190 2102 3389 2143 mensa:
3421 2089 3651 2146 delicias

2061 2176 2259 2241 solvas,
2288 2176 2577 2231 amicitiam
2613 2178 2849 2232 solvunt.
2882 2177 2983 2245 Qui
3018 2188 3195 2235 autem
3234 2182 3449 2239 virtutis
3491 2199 3661 2241 causa

2063 2277 2236 2323 tecum
2265 2278 2567 2337 versantur,
2599 2281 2816 2327 manent
2848 2282 3127 2341 perpetuo,
3175 2289 3392 2330 omnem
3420 2275 3664 2333 ferentes

2063 2363 2797 2433 fortunainmquabilitatem.
2827 2364 3189 2421 Parasitorum
3230 2382 3358 2423 vero
3391 2383 3561 2440 genus
3601 2380 3664 2424 te

2062 2469 2207 2526 saepe
2225 2457 2383 2512 etiam
2408 2457 2700 2523 ulciscitur,
2724 2466 2779 2513 et
2804 2458 2996 2513 malam
3022 2459 3091 2513 de
3117 2468 3170 2514 te
3204 2461 3663 2516 existimationem

2064 2549 2283 2619 spargit.
2312 2548 2444 2604 Novi
2475 2558 2621 2605 certe
2642 2549 2837 2604 multos
2862 2550 3123 2621 ingenuos
3146 2550 3311 2615 viros,
3342 2551 3432 2622 qui
3457 2551 3662 2607 malam

2066 2642 2190 2699 inde
2208 2642 2403 2697 famam
2431 2642 2531 2698 sibi
2576 2652 2922 2712 pepererunt,
2951 2651 3006 2698 et
3031 2642 3119 2697 alii
3143 2642 3211 2697 de
3238 2643 3497 2698 maleﬁcis
3521 2644 3663 2697 arti—

2065 2735 2186 2800 bus,
2231 2735 2321 2789 alii
2355 2735 2423 2789 de
2468 2733 2751 2799 adulterio,
2780 2733 2871 2788 alii
2912 2733 2981 2789 de
3027 2748 3314 2803 puerorum
3352 2736 3662 2805 corruptela

2064 2826 2295 2881 accusati
2325 2833 2466 2879 sunt.
2496 2823 2630 2879 Cum
2663 2824 2807 2879 enim
2849 2823 2979 2878 nihil
3018 2824 3198 2895 operis
3239 2824 3325 2880 vel
3360 2824 3521 2880 ollicii
3559 2825 3664 2880 ha-

2066 2918 2248 2985 beant,
2277 2917 2372 2973 sed
2399 2927 2457 2971 ut
2486 2932 2643 2972 casus
2672 2917 2775 2972 fert
2796 2917 2960 2971 vitam
2990 2927 3172 2987 agant,
3205 2919 3257 2973 in
3297 2919 3662 2988 suspicionem

2068 3011 2308 3077 veniunt,
2336 3008 2478 3082 quod
2523 3007 2663 3063 idem
2690 3022 2755 3063 ac
2777 3009 2931 3078 pueri
2960 3008 3323 3064 ministerium
3346 3008 3665 3065 exhibeant.

2065 3102 2251 3159 Talem
2281 3115 2409 3172 ergo
2431 3101 2623 3153 famam
2662 3107 2720 3153 ut
2766 3098 3156 3169 propulsemus,
3183 3097 3233 3150 in
3272 3096 3458 3166 primis
3480 3104 3537 3150 ut
3579 3099 3667 3150 lu-

2070 3203 2245 3249 turam
2293 3192 2591 3263 gehennam
2622 3192 2872 3253 vitemus,
2904 3197 2960 3243 et
2989 3190 3097 3244 Deo
3146 3188 3337 3257 placita
3376 3185 3663 3251 faciamus,

2070 3284 2209 3340 hanc
2238 3283 2553 3340 diabolicam
2594 3278 3039 3335 consuetudinem
3084 3278 3378 3343 solvamus;
3415 3286 3473 3331 ut
3503 3292 3669 3331 man-

2069 3378 2327 3433 ducantes
2348 3384 2403 3431 et
2430 3374 2674 3431 bibentes
2695 3372 2868 3427 omnia
2892 3371 2959 3427 ad
2988 3371 3210 3443 gloriam
3252 3371 3346 3426 Dei
3378 3370 3667 3437 faciamus,

2069 3480 2125 3527 et
2147 3471 2314 3539 ipsius
2336 3467 2523 3541 gloria:
2574 3466 2743 3522 simus
2777 3474 3055 3521 consortes
3098 3462 3196 3535 (2.
3227 3463 3345 3517 Cor.
3381 3463 3469 3517 10.
3494 3463 3557 3517 51
3592 3461 3611 3532 )
3647 3479 3665 3515 :

2070 3579 2229 3635 quam
2256 3578 2354 3617 nos
2376 3574 2565 3617 omnes
2591 3558 2803 3628 assequi
2830 3557 3117 3626 contingat,
3148 3555 3315 3625 gratia
3336 3562 3391 3609 et
3410 3553 3667 3622 benigni-

2074 3666 2181 3711 tate
2209 3653 2417 3710 Domini
2452 3651 2621 3708 nostri
2653 3650 2783 3706 Jcsn
2825 3650 3060 3713 Christi,
3082 3648 3167 3704 cui
3194 3648 3366 3720 gloria
3403 3655 3461 3702 et
3487 3647 3664 3716 impc~

2072 3752 2207 3808 rium
2232 3765 2373 3805 nunc
2399 3759 2455 3806 et
2469 3762 2703 3818 semper,
2726 3755 2779 3802 et
2805 3745 2858 3800 in
2883 3744 3077 3799 szecula
3102 3742 3441 3799 saeculorum.
3461 3744 3666 3795 Amen.

1573 4019 1917 4083 HOMILIA
1966 4022 2199 4084 XLIX.
2248 4021 2335 4084 al.
2389 4020 2463 4081 L.

377 4162 507 4219 CAP.
557 4165 640 4220 ll.
684 4180 736 4220 ν.
770 4165 858 4220 15.
904 4163 971 4217 Et
1000 4180 1115 4217 cum
1155 4163 1377 4217 audisset
1403 4160 1573 4228 Jesus,
1617 4166 1817 4219 recessit
1851 4165 1974 4220 inde

452 4260 504 4309 in
530 4256 765 4310 navicula
788 4298 802 4318 ,
831 4256 884 4308 in
912 4254 1163 4309 desertum
1186 4255 1350 4308 locum
1372 4269 1595 4307 seorsum
1626 4270 1645 4307 :
1669 4264 1717 4308 et
1738 4271 1853 4308 cum
1881 4273 1975 4308 au-

447 4350 635 4403 dissent
664 4348 853 4412 turbis,
882 4360 1104 4419 sequuta:
1151 4356 1268 4401 sunt
1308 4362 1425 4399 eum
1470 4347 1678 4416 pedibus
1711 4348 1774 4402 de
1801 4348 1977 4402 civita-

454 4443 605 4495 tibus.

455 4538 509 4590 l.
543 4534 677 4591 Vide
720 4536 867 4589 illum
908 4550 1053 4605 saepe
1099 4522 1705 4599 secedentem,eteutn
1748 4533 1976 4588 traditus

382 4640 464 4684 est
485 4627 742 4701 Joannes,
764 4637 818 4681 et
845 4641 965 4681 cum
1004 4626 1212 4680 occisus
1248 4633 1351 4688 est,
1373 4632 1429 4678 et
1450 4638 1574 4679 cum
1595 4623 1765 4679 Judaei
1793 4624 1978 4680 audie-

385 4728 527 4785 runt,
558 4719 730 4789 ipsum
765 4717 1021 4788 plurimos
1053 4717 1227 4772 facere
1267 4716 1575 4786 discipulos.
1633 4715 1796 4771 Multa
1832 4731 1975 4771 emm

364 4812 605 4867 ‘volcbat
652 4812 888 4866 humano
916 4826 1066 4866 more
1112 4825 1385 4881 peragere,
1417 4825 1538 4865 cum
1571 4809 1807 4864 nondum
1837 4820 1975 4865 tem-

386 4922 483 4976 pus
516 4905 823 4960 advenisset
848 4920 954 4973 quo
994 4903 1245 4957 deitatem
1276 4917 1425 4956 suam
1452 4902 1647 4957 clarius
1691 4902 1975 4957 revelaret.

389 5000 512 5054 Ideo
542 4996 816 5069 discipulis
844 4995 1056 5051 dicebat
1080 5036 1094 5059 ,
1124 4994 1325 5049 nemini
1370 5002 1428 5048 ttt
1464 4979 1723 5057 dicerent,
1754 5008 1814 5048 se
1859 5007 1979 5048 esse

387 5092 700 5145 Christum:
731 5104 852 5144 nam
893 5098 1009 5159 post
1038 5086 1484 5141 resurrectionem
1520 5100 1671 5139 suam
1713 5083 1765 5139 id
1794 5092 1976 5138 notum

394 5182 508 5237 fieri
534 5182 746 5237 volebat
777 5199 791 5234 :
824 5189 1148 5250 quapropter
1176 5192 1283 5232 non
1304 5192 1523 5232 severus
1553 5175 1646 5231 fuit
1682 5176 1734 5231 in
1764 5176 1979 5231 Judaeos

392 5275 480 5344 qui
512 5282 635 5328 ante
665 5274 792 5329 illud
814 5282 1023 5342 tempus
1053 5286 1157 5327 non
1178 5269 1477 5336 crederent,
1504 5270 1598 5326 sed
1628 5269 1676 5324 id
1700 5270 1805 5325 illis
1828 5270 1980 5326 facile

395 5364 752 5420 condonabat.
774 5356 1042 5419 Secedens
1073 5377 1234 5433 porro
1259 5376 1365 5417 non
1393 5362 1444 5417 in
1470 5361 1740 5416 civitatem
1768 5375 1827 5416 se
1852 5376 1981 5415 con-

394 5458 513 5519 lert,
532 5455 623 5509 sed
646 5456 696 5509 in
713 5454 1007 5519 desertum,
1023 5465 1181 5522 atque
1199 5455 1250 5507 in
1269 5453 1506 5509 navicula
1522 5452 1734 5521 trajicit,
1752 5461 1807 5506 ut
1823 5466 1981 5507 nemo

394 5559 729 5617 sequeretur.
751 5547 831 5604 'l‘u
859 5563 986 5603 vero
1012 5548 1138 5601 mihi
1163 5547 1439 5602 covisidera
1468 5546 1737 5617 quomodo
1761 5545 1983 5602 Joannis

397 5638 644 5710 discipuli
672 5639 927 5711 deinceps
956 5638 1080 5695 Jesu
1106 5639 1273 5710 magis
1304 5637 1578 5695 haeserint.
1624 5636 1726 5710 Ipsi
1753 5652 1983 5709 namque

2083 4168 2396 4223 nuntiarunt
2442 4166 2515 4230 ei,
2557 4165 2683 4233 quid
2736 4165 2877 4219 circa
2919 4163 3179 4220 Joannem
3224 4171 3435 4233 gestum
3470 4171 3614 4218 esset
3649 4179 3665 4214 :

2080 4262 2437 4332 omnibusque
2480 4259 2683 4315 relictis
2711 4259 2778 4314 ad
2807 4261 2977 4328 ipsum
3018 4259 3192 4314 solum
3220 4258 3552 4327 confugiunt.
3582 4258 3673 4313 Sic

2082 4370 2194 4411 rem
2215 4370 2321 4409 non
2341 4353 2602 4409 modicam
2622 4362 2740 4424 post
2757 4352 3110 4408 calamitatem
3129 4351 3294 4416 illam,
3315 4361 3368 4405 et
3389 4362 3671 4421 postquam

2080 4463 2148 4503 ex
2176 4438 2525 4517 responsione
2553 4462 2712 4516 supra
2741 4447 2901 4500 allata
2924 4454 3093 4499 totum
3118 4454 3263 4501 recte
3283 4444 3620 4515 deposuerat
3644 4486 3662 4508 ,

2082 4547 2334 4610 operatus
2361 4547 2463 4594 est.
2494 4535 2601 4593 Sed
2638 4551 2735 4592 cur
2761 4551 2867 4591 non
2899 4536 3122 4591 recessit
3159 4544 3443 4605 antequam
3492 4535 3544 4590 id
3596 4536 3667 4590 illi

2082 4629 2412 4695 nuntiarent,
2437 4628 2530 4699 qui
2566 4642 2681 4683 rem
2713 4626 2948 4682 nondum
2999 4626 3291 4681 nuntiatam
3336 4625 3502 4696 probe
3528 4627 3667 4681 scie-

2083 4720 2175 4775 bat
2198 4721 2220 4775 ?
2246 4720 2317 4776 Ut
2342 4735 2437 4790 per
2463 4719 2642 4775 omnia
2670 4718 2986 4774 meonomia:
3017 4718 3296 4774 veritatem
3336 4716 3671 4775 demonstra-

2083 4821 2187 4868 ret.
2212 4811 2328 4867 Non
2354 4810 2499 4866 enim
2528 4826 2597 4866 ex
2624 4812 2739 4866 visu
2768 4820 2994 4875 tantum,
3024 4808 3118 4864 sed
3144 4808 3302 4865 etiam
3325 4824 3389 4865 ex
3419 4809 3672 4879 operibus

2085 4903 2136 4959 id
2167 4901 2473 4958 conﬁrmari
2503 4901 2737 4968 volebat,
2756 4900 2901 4971 quod
2927 4900 3124 4956 diaboli
3154 4900 3443 4955 versutiam
3466 4909 3667 4966 nosset,

2084 4994 2174 5065 qui
2198 4995 2328 5049 nihil
2355 5009 2459 5050 non
2480 4993 2670 5064 agebat
2696 5002 2753 5047 ut
2778 4992 2918 5048 hanc
2948 4991 3158 5047 tolleret
3181 4992 3506 5060 opinionem.
3550 4989 3677 5046 Ideo

2087 5086 2243 5155 igitur
2264 5086 2352 5140 ille
2372 5084 2614 5141 secessit.
2639 5083 2831 5139 Turbae
2861 5092 3038 5138 autem
3068 5097 3241 5153 neque
3261 5083 3339 5137 sic
3356 5082 3669 5148 abscedunt,

2086 5177 2184 5232 sed
2208 5186 2503 5247 sequuntur
2530 5175 2795 5230 haerentes
2821 5174 2943 5244 ipsi,
2977 5188 3149 5243 neque
3177 5173 3367 5228 terruit
3394 5187 3491 5229 eos
3513 5172 3674 5228 Joan-

2087 5269 2171 5323 nis
2200 5267 2466 5323 interitus.
2496 5267 2638 5322 Talis
2658 5275 2740 5321 est
2763 5265 2999 5329 dilectio,
3024 5264 3143 5319 talis
3166 5276 3341 5329 amor,
3363 5264 3454 5334 qui
3495 5265 3672 5319 omnia

2085 5360 2266 5431 gravia
2307 5368 2525 5429 superet
2555 5368 2611 5414 et
2651 5358 2914 5429 espulset.
2972 5357 3097 5410 Ideo
3142 5356 3323 5410 statim
3375 5355 3673 5411 mercedem

2088 5465 2407 5521 acceperunt
2434 5468 2447 5505 :
2473 5450 2558 5505 14.
2583 5448 2710 5504 Cum
2729 5449 2871 5503 enim
2895 5448 3096 5513 exisset,
3119 5446 3211 5509 ait,
3237 5445 3410 5509 Iesus,
3435 5447 3557 5500 vidit
3577 5456 3675 5499 tur-

2089 5544 2205 5597 bam
2252 5544 2461 5596 multum
2488 5583 2503 5607 ,
2531 5551 2578 5596 α
2617 5541 2849 5595 misertus
2882 5548 2952 5594 est
2984 5539 3075 5602 eis,
3100 5547 3146 5593 et
3187 5539 3379 5591 curavit
3412 5538 3674 5609 languidos

2089 5653 2282 5691 corum.
2338 5635 2559 5693 Etiamsi
2605 5634 2749 5690 enim
2803 5647 2996 5704 magno
3038 5631 3115 5688 illi
3166 5630 3343 5688 studio
3389 5631 3674 5699 ba-rercnt,
