3908 6198
223 265 332 322 497

217 398 459 441 attamen
486 399 551 439 ea
578 384 737 454 quam
764 399 795 439 a
822 383 1039 439 Christo
1063 383 1402 454 excipiebant
1431 400 1665 452 merces,-
1703 394 1815 442 stu-

218 478 369 533 dium
412 493 597 533 eorum
631 476 789 547 longe
810 477 1115 545 superabat.
1148 475 1352 531 Idcirco
1382 477 1540 547 hujus
1584 479 1817 533 curatiu-

216 571 303 625 nis
332 585 550 625 causam
582 571 730 639 ponit
755 610 768 630 .
801 583 995 637 nempe
1046 568 1444 625 miserationem
1470 609 1486 635 ,
1512 569 1815 625 miseratio-

214 678 364 727 nem,
396 662 611 732 inqnam
638 702 654 726 ,
683 659 1056 715 vehementem
1104 680 1119 715 :
1162 674 1457 730 omnesque
1505 670 1676 716 curat.
1720 661 1817 717 ilic

166 816 169 819 Ἴ
212 753 374 809 tidem
404 770 509 808 nun
537 753 755 823 expetit.
786 752 915 806 Nam
935 750 1077 821 quod
1108 750 1385 815 accedant,
1409 751 1551 821 quod
1572 751 1815 808 civitates

211 846 538 916 relinquant,
567 845 708 915 quod
736 844 1018 915 diligettter
1038 843 1213 912 ipsum
1238 852 1501 912 quierant,
1523 844 1663 914 quod
1692 860 1812 899 cum

210 939 307 992 illo
336 948 606 1002 maneant,
641 936 919 1006 ingruente
940 935 1102 1000 fame,
1138 934 1296 989 fidem
1321 935 1532 995 illorum
1557 935 1809 990 declarat.

211 1032 480 1085 Alimenta
514 1043 672 1098 porro
704 1029 809 1082 illis
851 1026 1286 1097 suppeditaturus
1311 1037 1413 1081 est.
1446 1026 1504 1081 Id
1545 1042 1673 1081 vero
1703 1042 1809 1081 non

200 1140 239 1177 a
262 1123 442 1191 seipse
465 1121 609 1184 facit,
632 1120 725 1177 sed
754 1127 1028 1188 exspectat
1047 1118 1222 1174 donec
1247 1126 1488 1189 rogetur,
1520 1117 1650 1172 illud
1671 1133 1815 1173 scm-

207 1230 307 1285 per
334 1214 647 1278 observans,
686 1223 743 1267 ut
766 1211 876 1281 jam
905 1210 1036 1276 dixi,
1069 1225 1137 1264 ne
1158 1210 1307 1279 prior
1333 1209 1400 1265 ad
1430 1209 1686 1264 miracula
1717 1224 1811 1277 pa-

209 1306 405 1362 tranda
434 1321 493 1360 se
521 1304 778 1368 conferat,
807 1302 901 1357 sed
928 1312 1147 1373 rogatus
1171 1310 1398 1357 tantum.
1433 1302 1505 1355 At
1527 1317 1623 1355 cur
1655 1316 1812 1357 nemo

204 1412 278 1454 cx
311 1396 464 1453 turba
484 1395 745 1451 accedens
772 1392 1043 1449 Christum
1068 1408 1165 1463 pro
1190 1393 1318 1463 ipsis
1345 1394 1597 1463 rogavit?
1619 1394 1810 1449 Mirum

208 1488 267 1557 in
316 1487 532 1543 modum
560 1485 946 1542 reverebantur
986 1484 1180 1554 ipsutn,
1209 1494 1368 1554 atque
1396 1500 1459 1538 ex
1505 1484 1672 1553 ipsius
1714 1499 1811 1541 au-

201 1579 385 1635 diendi
406 1589 461 1634 et
478 1577 735 1649 sequendi
753 1576 1038 1641 desiderio,
1064 1592 1132 1631 ne
1150 1574 1345 1631 famem
1363 1575 1578 1646 quidem
1606 1578 1808 1633 sentie-

206 1677 358 1729 bant.
384 1672 570 1743 Neque
594 1672 840 1741 discipuli
868 1685 965 1740 pro
988 1670 1143 1725 turba
1165 1671 1367 1741 precati
1397 1681 1539 1735 sunt,
1566 1681 1624 1725 ut
1645 1673 1813 1728 aleret

202 1780 321 1831 eos,
349 1765 471 1836 quia
499 1763 675 1819 adhuc
710 1762 1129 1833 imperfectiores
1183 1771 1356 1816 erant.
1409 1762 1548 1830 Qttid
1597 1763 1803 1832 igitur?

203 1858 296 1914 15.
341 1856 557 1927 Vespere
582 1866 750 1910 autem
777 1859 914 1926 [acto
938 1894 953 1917 ,
983 1854 1153 1924 inquit
1177 1894 1192 1919 ,
1221 1862 1538 1908 accesserunt
1566 1854 1807 1921 discipuli

198 1951 312 2021 ejus
338 1950 556 2004 dicentes
585 1964 604 2003 :
632 1947 867 2002 Desertus
894 1956 967 2001 est
994 1947 1157 2012 locus,
1195 1956 1242 2001 et
1282 1946 1409 2000 Itora
1437 1947 1555 2017 jam
1585 1957 1802 2017 prester-

197 2042 310 2097 iit:
333 2041 528 2096 dimitte
587 2038 782 2106 turbas,
813 2048 864 2092 ut
898 2048 1071 2093 euntes
1111 2046 1279 2091 emant
1322 2037 1422 2092 sibi
1460 2054 1618 2093 escas.
1674 2037 1806 2095 Nam

199 2136 247 2197 si
294 2143 418 2205 post
459 2132 655 2189 factum
709 2130 1023 2187 miraculum
1074 2130 1190 2201 ejus
1232 2128 1385 2184 obliti
1424 2139 1569 2196 sunt,
1599 2130 1644 2185 si
1691 2141 1811 2200 post

198 2238 413 2299 sportas
440 2229 557 2284 illas
604 2226 859 2299 putabant
908 2226 1060 2281 illum
1110 2225 1179 2280 de
1223 2224 1449 2295 panibus
1481 2223 1648 2294 loqui,
1682 2237 1804 2278 cum

200 2320 497 2377 doctrinam
525 2318 913 2373 Pharisreorum
938 2315 1260 2385 fermentum
1287 2314 1571 2385 appellavit
1592 2313 1805 2385 (Matth.

199 2412 293 2469 l6.
324 2413 379 2484 6)
413 2427 429 2467 ε
457 2412 625 2466 multo
670 2410 846 2466 minus
868 2450 884 2477 ,
914 2424 1038 2464 cum
1094 2408 1203 2463 tale
1251 2409 1460 2477 signum
1518 2420 1805 2477 numquam

198 2506 459 2563 vidissent
489 2546 509 2572 ,
555 2503 845 2575 quidquam
898 2501 1200 2571 hujusmodi
1252 2497 1574 2571 suspicaturi
1628 2506 1805 2553 erant.

200 2598 427 2657 Etiamsi
472 2597 619 2667 prius
665 2596 865 2650 multos
898 2603 1142 2650 curasset
1176 2593 1450 2659 inﬁrmos,
1474 2607 1581 2646 non
1629 2600 1806 2645 tamen

198 2693 323 2748 ideo
350 2691 491 2762 quod
517 2691 584 2747 de
615 2690 837 2761 panibus
867 2690 1102 2743 futurum
1130 2694 1249 2742 erat
1277 2684 1699 2755 exspectabant:
1732 2684 1803 2737 ita

196 2791 357 2840 erant
376 2783 551 2839 adhuc
572 2780 890 2852 imperfecti.
907 2778 987 2835 Tu
1008 2793 1136 2834 vero
1160 2777 1289 2832 mihi
1320 2776 1563 2831 Doctoris
1588 2773 1803 2844 sapien-

198 2879 328 2932 tiam
371 2875 659 2947 perpende,
692 2871 961 2944 quomodo
988 2871 1133 2941 ipsos
1162 2870 1308 2924 clare
1335 2868 1403 2923 ad
1428 2868 1587 2924 [idem
1626 2875 1803 2922 vocet.

196 2969 385 3037 Neque
413 2968 554 3022 enim
580 2966 757 3021 statim
782 2964 938 3028 dixit,
965 2963 1115 3018 Alam
1141 2977 1236 3018 eos
1264 2978 1279 3015 :
1305 2976 1481 3032 neque
1501 2960 1643 3016 enim
1675 2958 1805 3016 illud

197 3061 357 3117 facile
386 3057 642 3115 credituri
683 3066 857 3114 erant.
890 3053 993 3108 Sed
1026 3050 1154 3121 quid
1188 3044 1358 3107 dixit?
1390 3046 1666 3104 16..Jestts
1696 3063 1797 3100 au-

199 3143 688 3214 tem,inquit,dia:it
702 3145 809 3198 eis:
836 3141 959 3196 Non
990 3138 1173 3195 habent
1203 3154 1401 3197 necesse
1428 3138 1518 3202 ire,
1550 3137 1664 3191 date
1702 3136 1805 3190 illis

198 3258 288 3296 eos
309 3240 642 3296 manducare.
682 3238 799 3295 Non
825 3236 993 3303 dixit,
1026 3234 1176 3291 Dabo
1218 3234 1331 3298 eis;
1359 3231 1452 3288 sed
1474 3274 1488 3299 ,
1520 3230 1629 3286 Vos
1657 3230 1801 3286 date.

197 3334 334 3391 Nam
360 3334 511 3389 illttm
548 3331 724 3387 adhuc
761 3340 819 3384 ut
842 3328 1118 3384 hominem
1147 3325 1434 3380 habebant.
1466 3321 1545 3377 illi
1578 3338 1706 3376 vero
1735 3336 1804 3377 ne
1831 3317 1843 3325 “

200 3437 329 3484 tunc
350 3424 567 3497 quidem
587 3423 654 3479 ad
675 3423 866 3479 altiora
891 3421 1189 3491 eriguntur,
1215 3415 1309 3473 sed
1330 3414 1504 3470 adhuc
1530 3424 1587 3467 nt
1601 3412 1804 3467 homini

199 3518 536 3591 reSpondent
571 3534 586 3573 :
630 3518 719 3573 i7.
753 3514 876 3570 Non
903 3513 1144 3567 habemus
1171 3509 1269 3564 nisi
1293 3508 1511 3579 quinque
1534 3523 1690 3578 panes
1711 3546 1726 3571 ,
1756 3514 1806 3560 et

196 3613 331 3668 duos
360 3614 535 3683 pisces.
566 3609 688 3665 Ideo
714 3607 920 3664 Marcus
945 3604 1095 3677 (Cap.
1113 3598 1272 3675 8.17)
1295 3599 1389 3662 ait,
1420 3599 1565 3668 ipsos
1596 3614 1700 3652 non
1725 3598 1809 3652 in-‘

201 3703 472 3759 tellexisse
508 3702 563 3757 id
591 3700 735 3771 quod
785 3696 1094 3759 dicebatur,
1123 3701 1241 3748 erat
1287 3691 1430 3746 enim
1484 3705 1578 3743 cor
1616 3704 1805 3744 eorum

199 3804 549 3853 occaecatum.
604 3792 738 3862 Quia
786 3790 946 3861 igitur
988 3786 1164 3842 adhuc
1190 3785 1335 3840 humi
1382 3783 1656 3854 repebant,
1686 3797 1805 3853 qua:

199 3902 300 3945 sua
352 3896 509 3942 erant
539 3884 651 3955 jam
694 3882 896 3939 inducit
922 3890 977 3936 et
1002 3882 1118 3933 ait:
1154 3878 1240 3933 18.
1286 3875 1478 3944 Alferte
1516 3876 1633 3931 illos
1674 3875 1799 3928 mihi

201 3983 326 4036 huc.
348 3979 574 4036 Etiamsi
602 3978 745 4033 enim
771 3976 1016 4032 desertus
1042 3982 1125 4028 est
1148 3972 1319 4034 locus,
1350 3970 1444 4025 sed
1489 3970 1534 4024 is
1581 3969 1673 4040 qui
1715 3984 1805 4024 or-

204 4076 332 4130 bem
358 4073 450 4128 alit
476 4071 564 4127 hic
587 4069 777 4135 adest;
814 4067 914 4124 etsi
968 4081 1096 4121 vero
1138 4063 1269 4119 hora
1320 4063 1564 4128 transiit,
1596 4060 1691 4117 sed
1722 4062 1764 4115 is
1784 4101 1801 4128 ,

202 4166 295 4236 qui
326 4166 473 4220 hora:
493 4161 767 4231 subjectus
794 4175 899 4213 non
924 4166 1026 4223 est,
1045 4156 1154 4228 jam
1182 4169 1277 4210 vos
1306 4154 1613 4224 alloquitur.
1632 4152 1802 4208 Joan-

209 4258 354 4328 nes(
385 4255 514 4325 Cap.
545 4256 598 4310 6.
625 4255 697 4323 9)
754 4266 888 4307 vero
914 4250 988 4304 ait
1032 4263 1196 4319 panes
1232 4245 1559 4301 hordeaccos
1606 4243 1804 4313 fuisse;

204 4362 384 4420 neque
411 4348 529 4402 sine
547 4359 707 4401 causa
737 4342 956 4412 adjicit,
984 4340 1076 4397 sed
1107 4348 1164 4394 ut
1189 4353 1287 4393 nos
1315 4336 1555 4392 instituat
1591 4334 1656 4389 ad
1690 4335 1807 4389 lau-

208 4455 319 4499 tam
346 4454 591 4496 mensam
620 4433 1062 4493 conculcandam.
1102 4430 1249 4487 Talis
1296 4444 1489 4499 nempe
1525 4436 1642 4483 erat
1684 4442 1803 4498 pro-

207 4537 492 4608 phetarum
543 4547 749 4590 mensa.
780 4530 866 4587 19.
923 4528 1051 4584 Cum
1076 4528 1230 4597 igitur
1274 4526 1547 4596 accepisset
1589 4525 1810 4595 quinque

207 4644 370 4700 panes
388 4667 403 4691 ,
435 4636 480 4681 et
510 4626 636 4679 duos
665 4625 826 4694 pisces
850 4663 866 4689 ,
898 4631 943 4676 et
982 4619 1218 4692 jussisset
1245 4617 1414 4671 turbas
1442 4616 1728 4671 recumbere
1756 4616 1811 4669 in

208 4722 373 4790 (orno,
399 4713 673 4787 respicietis
698 4716 752 4770 in
789 4716 968 4770 cretum
999 4711 1247 4766 benedixit
1276 4726 1297 4765 :
1325 4726 1535 4780 cumque
1559 4708 1808 4780 fregisset,

206 4813 351 4868 dedit
395 4810 658 4883 discipulis
696 4809 801 4863 suis
826 4847 841 4872 ,
872 4804 1110 4873 discipuli
1158 4812 1325 4857 autem
1369 4802 1525 4856 turbis
1566 4818 1584 4856 :

205 4904 639 4959 manducauerunt
664 4916 856 4963 oumes,
881 4908 926 4953 et
951 4896 1166 4953 saturati
1191 4905 1307 4950 sunt
1338 4910 1357 4949 :
1376 4903 1423 4949 et
1450 4893 1668 4948 tulert‘lnt
1688 4893 1812 4947 reli-

205 4998 361 5063 quias
415 5000 813 5066 fragmentorum
864 4989 1129 5044 duodecim
1180 4986 1425 5059 cophinos
1479 4987 1674 5057 plenos.
1717 4984 1808 5039 2|.

213 5088 638 5145 Handucantium
666 5094 834 5139 autem
878 5083 972 5154 fuit
997 5097 1232 5136 numerus
1255 5080 1414 5149 ferme
1437 5078 1654 5149 quinque
1689 5076 1807 5131 mil-

208 5185 286 5238 lia
314 5183 537 5236 virorum
561 5221 577 5248 ,
605 5177 821 5248 exceptis
868 5173 1162 5229 mulieribus
1187 5182 1233 5226 et
1262 5172 1453 5243 pueris.

284 5275 341 5330 2.
367 5272 595 5328 Christus
620 5270 911 5335 modo.suo,
940 5266 1092 5322 modo
1120 5264 1294 5319 Patris
1324 5265 1524 5320 nomine
1550 5279 1703 5337 agens
1723 5303 1739 5325 ,
1765 5272 1814 5316 et

209 5379 415 5424 natura
449 5376 497 5422 et
526 5362 777 5420 missionis
805 5361 1115 5415 divinitatem
1141 5357 1387 5430 probavit.
1418 5358 1548 5412 Ante
1587 5372 1811 5411 mensam

210 5461 398 5533 gratite
436 5457 667 5531 agendis.
699 5455 888 5510 Contra
921 5452 1232 5507 Marcionem
1266 5461 1315 5504 et
1356 5449 1719 5505 Maniclueum.
1742 5479 1814 5491 ——

210 5555 327 5609 Cur
349 5551 585 5623 respexit
611 5550 663 5603 itt
691 5546 881 5604 caelum
905 5554 961 5602 et
987 5543 1305 5599 benedixit?
1334 5542 1403 5623 Ut
1426 5543 1759 5611 crederetur,
1782 5557 1813 5598 a

213 5648 377 5705 Patre
424 5621 595 5715 ipsum
639 5643 899 5706 exirisse,
941 5638 1148 5709 ipsique
1189 5621 1449 5707 :eqttalem
1486 5652 1626 5693 esse.
1668 5637 1815 5704 Qua-

216 5759 336 5799 rum
381 5756 559 5799 rerum
602 5737 947 5811 probationes
984 5746 1223 5805 pugnare
1264 5741 1451 5789 mutuo
1477 5730 1811 5788 vidcbantur.

1258 267 1323 324 ΙΝ
1361 267 1768 329 MATTIIEUM
1807 272 2036 332 HOMIL.
2083 279 2267 338 XLIX.
2318 285 2390 340 al.
2432 285 2493 343 L.

3403 305 3511 360 498

1922 390 2296 464 IEqualitatem
2321 402 2737 468 demonstrabat.
2766 409 2909 478 quod
2929 413 3108 469 omnia
3131 428 3255 472 cum
3278 428 3511 488 potesta-

1922 497 1975 543 te
2002 487 2231 555 faccret;
2256 509 2286 548 a
2314 492 2472 549 Patre
2498 511 2625 552 vero
2657 498 2829 568 ipsum
2860 518 2980 560 esse
2999 546 3014 572 ,
3046 520 3155 562 non
3197 487 3306 564 alio
3346 513 3510 569 modo

1918 582 2292 652 credidissent,
2320 604 2478 658 quatn
2507 592 2552 646 si
2579 608 2697 646 cum
2731 595 3030 654 humilitate
3053 600 3220 657 multa
3248 612 3305 658 et
3326 610 3506 662 omnia

1916 674 1983 728 ad
2016 675 2185 746 ipsum
2230 679 2467 737 referens
2503 698 2856 754 operaretur,
2889 700 2945 745 et
2990 703 3203 749 vocaret
3239 696 3306 752 ad
3344 712 3506 769 opera

1916 781 2035 836 qua:
2053 767 2269 828 ﬁebant.
2299 771 2417 828 Ideo
2439 790 2611 842 neque
2630 777 2754 843 hoc,
2784 794 2956 849 neque
2979 781 3106 838 illud
3131 793 3333 841 tantum
3359 767 3506 856 facit,

1918 868 1976 915 ut
2005 871 2285 933 utrumque
2324 867 2711 935 conﬁrmetur;
2739 872 2835 927 sed
2874 874 3034 929 modo
3071 891 3192 932 cum
3225 888 3514 947 poteState,

1915 955 2076 1008 modo
2104 956 2315 1015 Patrem
2360 961 2636 1028 invocans,
2667 966 2915 1021 miracula
2947 969 3077 1026 edit.
3106 970 3310 1027 Deinde
3335 989 3403 1028 ne
3432 975 3514 1029 νὶ-

1912 1044 2131 1102 deretur
2151 1047 2249 1104 hac
2270 1050 2321 1105 in
2345 1067 2402 1105 re
2422 1067 2596 1123 pugna
2624 1056 2867 1124 quautam
2884 1074 3024 1125 esse,
3045 1060 3096 1115 in
3116 1062 3413 1118 minoribus
3444 1063 3511 1121 ad

1913 1139 2100 1193 czelnm
2129 1140 2362 1211 reSpicit;
2378 1143 2428 1196 in
2448 1145 2736 1213 majoribus
2759 1164 2883 1203 vero
2904 1164 3022 1204 cum
3052 1161 3313 1220 potestate
3327 1153 3511 1211 omnia

1916 1230 2059 1293 facit,
2094 1242 2148 1288 ut
2172 1234 2348 1291 discas
2374 1238 2534 1292 etiam
2567 1238 2620 1293 in
2652 1241 2946 1297 minoribus
2975 1244 3126 1299 illum
3157 1263 3264 1301 non
3289 1246 3509 1304 aliunde

1916 1334 2230 1390 potestatem
2256 1328 2520 1398 accipere,
2540 1331 2631 1387 sed
2655 1331 2921 1391 honorare
2937 1336 3147 1392 Patrem
3170 1354 3347 1395 suum.
3372 1339 3507 1395 Cum

1900 1417 2056 1471 enim
2089 1429 2302 1487 peccata
2331 1420 2552 1489 dimisit,
2579 1432 2634 1478 et
2662 1426 2963 1494 paradisum
2992 1431 3223 1497 aperuit,
3249 1442 3306 1486 ut
3331 1449 3398 1487 eo
3428 1433 3509 1488 la-

1915 1518 2122 1565 tronem
2148 1512 2529 1581 introduceret,
2560 1525 2618 1572 et
2641 1532 2762 1572 cum
2791 1518 2959 1589 legem
2988 1530 3223 1577 veterem
3250 1538 3372 1579 cum
3399 1526 3501 1580 im-

1914 1602 2061 1669 perio
2081 1600 2374 1672 abrogavit,
2394 1619 2622 1674 cumque
2638 1619 2929 1665 sexcentos
2948 1621 3187 1667 mortuos
3204 1616 3502 1681 suscitavit,

1913 1708 2061 1751 mare
2106 1696 2370 1763 frenavit,
2416 1709 2622 1755 secreta
2674 1700 2948 1758 hominum
2992 1705 3249 1775 aperuit,
3284 1707 3498 1762 oculunt

1911 1787 2113 1842 creavit
2131 1829 2147 1852 ,
2173 1805 2292 1858 qua:
2321 1789 2415 1844 Dei
2453 1790 2617 1845 solius
2646 1807 2808 1861 opera
2835 1803 2960 1848 sunt
2986 1834 3002 1860 ,
3029 1806 3085 1850 et
3110 1811 3215 1851 non
3240 1796 3459 1852 alterius
3481 1839 3497 1865 ,

1912 1893 2201 1946 numquam
2231 1895 2456 1948 precans
2482 1881 2785 1937 inducitur:
2809 1899 2928 1938 cum
2957 1901 3085 1940 vero
3119 1902 3282 1955 panes
3309 1904 3500 1958 super-

1909 1967 2183 2026 abundare
2207 1971 2432 2035 curavit,
2460 1972 2603 2042 quod
2630 1972 2694 2027 iis
2719 1974 2968 2030 omnibus
2998 1976 3152 2046 longe
3178 1980 3356 2033 minus
3379 1989 3462 2034 est
3479 2021 3498 2047 ,

1911 2070 2036 2118 tunc
2067 2063 2118 2118 in
2143 2064 2335 2119 ciuium
2367 2065 2618 2135 respicit:
2642 2066 2800 2123 simul
2830 2067 2944 2123 haec
2960 2084 3079 2138 qua:
3105 2068 3211 2125 dixi
3245 2071 3500 2142 probans,

1906 2154 2175 2226 simulque
2203 2156 2457 2212 erudiens
2481 2172 2609 2224 nos,
2632 2172 2700 2213 ne
2723 2169 2848 2213 ante
2874 2174 3113 2215 mensam
3140 2163 3459 2232 attingamus
3480 2204 3499 2229 ,

1908 2260 2067 2315 quam
2089 2246 2290 2317 gratias
2315 2247 2585 2317 egerimus
2610 2248 2659 2302 ei
2685 2249 2777 2320 qui
2810 2249 2965 2304 nobis
2983 2265 3162 2306 escam
3189 2253 3411 2319 prrebet.
3434 2254 3502 2309 Et

1898 2352 2005 2392 .cur
2033 2353 2197 2407 panes
2227 2354 2331 2394 non
2360 2340 2485 2396 fecit
2507 2355 2575 2395 ex
2594 2355 2698 2395 non
2726 2342 3101 2398 exstantibus?
3124 2343 3190 2399 Ut
3218 2328 3501 2402 Marcionis

1907 2440 1963 2486 et
1991 2431 2268 2487 Manichtei
2297 2447 2391 2490 ora
2413 2432 2734 2499 Obstrueret,
2757 2434 2847 2503 qui
2866 2450 2988 2489 eum
3012 2451 3117 2491 non
3142 2450 3262 2492 esse
3286 2448 3499 2492 creato-

1911 2534 2018 2580 tem
2044 2524 2458 2592 asseverabant,
2488 2534 2543 2580 et
2572 2541 2665 2595 per
2695 2525 2809 2596 ipsa
2838 2541 3002 2596 opera
3030 2526 3281 2594 doceret,
3310 2527 3498 2584 visibi-

1908 2616 1979 2671 lia
2003 2617 2181 2675 omnia
2209 2617 2325 2686 ejus
2353 2632 2472 2672 esse
2495 2627 2551 2673 et
2581 2632 2748 2687 opera
2782 2626 2837 2672 et
2869 2627 3144 2674 creaturas
3167 2620 3183 2651 ¹
3209 2661 3224 2685 ,
3250 2620 3504 2675 ostende-

1907 2717 2096 2776 retque
2124 2723 2184 2762 se
2214 2707 2417 2762 fructus
2435 2706 2585 2775 dare,
2608 2707 2699 2778 qui
2722 2707 2792 2764 ab
2817 2707 3191 2765 initiodixerit
3210 2727 3223 2760 :
3245 2697 3498 2764 Cermiuet

1904 2804 2051 2850 terra
2072 2795 2285 2850 herbam
2310 2798 2436 2865 [mni
2451 2813 2471 2861 ;
2500 2805 2573 2857 et,
2603 2795 2846 2850 Educaut
2866 2812 3018 2865 aqua:
3035 2796 3246 2865 reptilia
3271 2794 3485 2847 anima-

1908 2905 2028 2943 rum
2047 2889 2363 2943 viuentium’
2391 2886 2543 2952 (Cen.
2572 2889 2623 2943 l.
2646 2890 2705 2943 ll
2728 2900 2777 2943 et
2800 2889 2915 2959 20).
2933 2888 3120 2958 Neque
3140 2887 3284 2941 enim
3305 2884 3488 2941 minus

1907 2979 2013 3036 hoc
2040 2990 2123 3036 est
2162 2980 2273 3034 illo.
2304 2978 2435 3034 Nam
2465 2979 2565 3034 etsi
2597 2978 2683 3033 illa
2723 2979 2829 3033 sint
2865 2994 2933 3033 ex
2973 2993 3081 3033 non
3123 2978 3497 3046 exstantibus,

1904 3082 2140 3129 attamen
2167 3089 2235 3128 ex
2262 3088 2397 3142 aqua
2422 3081 2585 3137 sunt;
2614 3086 2786 3142 neque
2830 3071 3007 3125 minus
3046 3080 3128 3125 est
3156 3086 3220 3125 ex
3261 3072 3497 3142 quinque

1902 3163 2135 3233 panibus
2158 3172 2235 3219 tot
2262 3178 2427 3233 panes
2458 3163 2771 3233 producere,
2795 3170 2849 3217 ct
2874 3163 3046 3232 pisces
3073 3161 3254 3217 itidem
3280 3178 3497 3229 augere,

1906 3271 2067 3325 quant
2106 3272 2170 3311 ex
2200 3265 2339 3312 terra
2370 3254 2613 3326 proferre
2643 3252 2902 3321 fructum,
2933 3263 2985 3309 ct
3011 3267 3079 3309 ex
3110 3256 3262 3323 aquis
3288 3253 3497 3323 reptilia

1902 3349 2170 3412 viventia;
2198 3349 2341 3419 quod
2384 3350 2594 3417 signum
2637 3358 2750 3403 erat
2780 3348 2951 3417 ipsum
2988 3355 3042 3402 et
3073 3357 3227 3401 terra:
3269 3356 3323 3401 et
3364 3347 3497 3400 mari

1894 3442 2187 3511 imperare.
2212 3442 2344 3510 Quia
2372 3442 2512 3496 enim
2540 3442 2595 3495 in
2626 3440 2849 3494 infirmis
2870 3454 3082 3510 semper
3108 3440 3255 3510 signa
3284 3439 3497 3507 edebat,

1902 3537 2111 3595 confert
2135 3544 2190 3591 et
2211 3536 2511 3591 universale
2538 3534 2872 3597 beneﬁcium,
2899 3548 2966 3588 ne
2996 3534 3145 3587 multi
3172 3542 3499 3603 spectatores

1898 3636 2113 3683 .tantum
2154 3636 2335 3682 essent
2360 3640 2545 3680 eorum
2586 3641 2704 3697 quae
2733 3624 2850 3679 aliis
2879 3623 3293 3694 contingebant,
3324 3624 3416 3679 sed
3444 3634 3500 3679 et

1898 3720 2009 3789 jpsi
2035 3718 2177 3775 dono
2201 3717 2520 3773 fruerentur.
2553 3717 2619 3772 Et
2642 3716 2783 3787 quod
2806 3714 3049 3770 mirabile
3074 3714 3272 3769 Judaeis
3294 3715 3501 3770 videba-

1910 3820 1995 3866 tur
2023 3810 2076 3864 itt
2101 3810 2315 3865 deserto
2340 3849 2354 3876 ,
2380 3824 2501 3864 cum
2530 3806 2770 3862 dicerent
2794 3824 2807 3860 :
2835 3805 3098 3875 Numquid
3122 3814 3168 3859 et
3194 3822 3377 3874 panem
3409 3823 3501 3875 po-

1908 3903 2021 3959 terit
2048 3903 2192 3969 dare,
2219 3911 2305 3955 aut
2326 3917 2509 3973 parare
2529 3916 2752 3955 mensam
2778 3899 2829 3953 in
2855 3899 3050 3954 deserto
3069 3896 3239 3968 (Psal.
3259 3898 3346 3953 77.
3368 3895 3502 3969 20)?

1910 3996 2012 4051 hoc
2036 3996 2149 4066 ipse
2174 3994 2429 4064 operibus
2458 3991 2719 4047 exhibuit.
2745 3988 2974 4061 ideoque
3002 3990 3052 4043 in
3083 3987 3353 4044 desertum
3382 3988 3504 4042 illos

1908 4086 2169 4150 adduxit,
2199 4094 2253 4139 ut
2284 4085 2400 4139 sine
2439 4083 2545 4137 ulla
2591 4094 2808 4151 prorsus
2849 4079 3156 4149 suspicione
3186 4077 3503 4133 miraculum

1909 4177 2079 4241 ﬁeret,
2105 4186 2367 4246 nemoque
2394 4182 2622 4245 putaret,
2647 4158 3185 4243 quemdamvicinum
3210 4169 3385 4224 vicum
3413 4184 3503 4238 pa-

1911 4286 2033 4325 nem
2058 4270 2110 4324 in
2152 4283 2393 4324 mensam
2434 4265 2694 4321 intulisse.
2727 4263 2928 4318 idcirco
2955 4278 3059 4316 non
3103 4261 3275 4317 locum
3304 4258 3503 4327 modo,

1911 4361 2007 4418 sed
2051 4361 2212 4416 etiam
2259 4344 2443 4413 horam
2492 4365 2773 4412 memorat.
2804 4354 2964 4411 Aliud
3007 4355 3167 4410 etiam
3211 4353 3500 4419 discimus,

1912 4470 2105 4527 nempe
2132 4453 2511 4525 discipulorum
2536 4440 2951 4523 philosophiam,
2981 4464 3139 4520 quam
3161 4447 3243 4504 vel
3271 4448 3323 4502 in
3343 4447 3505 4503 rebus

1914 4548 2231 4605 necessariis
2256 4544 2619 4610 exhibebant,
2647 4554 2700 4600 et
2727 4551 2982 4615 quantum
3015 4542 3234 4597 delicias
3281 4556 3504 4611 sperne-

1912 4652 2052 4701 rent.
2081 4643 2213 4698 Nam
2238 4640 2517 4696 duodecim
2541 4654 2661 4695 cum
2692 4646 2893 4705 essent,
2924 4637 3159 4708 quinque
3188 4652 3353 4711 panes
3384 4645 3504 4691 tan.

1898 4747 2028 4809 tum
2055 4735 2293 4804 duosque
2324 4734 2497 4803 pisces
2539 4731 2834 4796 habebant;
2864 4746 3032 4800 uSque
3073 4730 3209 4786 adeo
3245 4745 3501 4801 corporea

1631 4801 1722 4857 ΞΟ.
1765 4811 1807 4855 et

1914 4801 2278 4899 despiciebant
2297 4801 2738 4896 ,ispiritualiaque
2766 4823 2939 4879 solum
2970 4823 3258 4889 curabant;
3286 4823 3393 4877 imo
3435 4839 3507 4878 ne

1916 4937 2080 4991 pauca
2108 4922 2193 4975 illa
2229 4936 2351 4990 quae
2380 4918 2644 4974 habebant
2673 4917 2979 4983 retinuere,
3008 4916 3101 4971 sed
3133 4915 3298 4987 rogati
3337 4914 3504 4971 dede~

1915 5026 2060 5072 runt.
2092 5014 2222 5071 Inde
2249 5014 2516 5069 discamus
2540 5054 2556 5079 ,
2583 5012 2682 5067 etsi
2714 5026 2879 5081 pauca
2912 5010 3065 5065 nobis
3084 5010 3189 5063 sint
3211 5050 3227 5076 ,
3255 5008 3343 5062 illa
3371 5023 3500 5077 ege-

1915 5112 1999 5166 nis
2036 5125 2159 5166 esse
2203 5105 2544 5179 proferenda.
2571 5104 2713 5160 Jussi
2753 5118 2881 5175 ergo
2928 5110 3131 5172 septem
3176 5101 3294 5156 illos
3341 5115 3505 5170 panes

1913 5202 2137 5270 elici-re,
2166 5217 2272 5256 non
2302 5200 2520 5256 dicunt:
2543 5196 2661 5265 Quo
2703 5194 2861 5267 igitur
2887 5193 3007 5249 cibo
3039 5201 3221 5261 postea
3249 5201 3460 5246 utemur
3478 5195 3504 5247 'l

1916 5297 2061 5353 unde
2087 5294 2282 5351 famem
2309 5293 2498 5348 sedare
2516 5287 2846 5361 poterimus?
2869 5286 2962 5343 sed
2990 5285 3167 5340 statim
3190 5295 3501 5355 paruerunt.

1916 5388 2119 5443 Praeter
2151 5401 2219 5441 ea
2256 5401 2374 5458 qua:
2409 5397 2566 5453 supra
2594 5380 2827 5437 diximus
2845 5419 2861 5445 ,
2885 5376 3006 5433 ideo
3028 5374 3236 5433 videtur
3260 5374 3505 5431 Christus

1981 5675 2003 5748 ξ
2035 5672 2236 5748 suum
2258 5681 2370 5748 etc!
2378 5666 2647 5748 P19!".':3.£‘

1980 5738 2005 5771 ³
2035 5725 2249 5797 (initam,
2272 5732 2479 5785 educant
2497 5725 2639 5795 am
2654 5727 2868 5779 animum
2888 5725 3131 5792 reptilt'um
3150 5725 3421 5776 viventium.
