3908 6198
454 265 562 323 899

451 394 516 435 ex
540 377 624 433 his
641 374 868 448 panibus
883 374 1091 447 signum
1113 375 1294 440 edere,
1314 387 1372 429 ut
1392 376 1535 444 ipsos
1552 375 1618 430 ad
1637 374 1793 430 ﬁdem
1809 373 2042 430 deduce-

450 480 535 527 ret
557 489 571 526 :
593 469 766 526 adhuc
790 469 934 525 enim
962 468 1284 524 inﬁrmiores
1303 477 1474 523 eram.
1496 469 1831 538 QuaprOpter
1860 469 1912 523 in
1938 484 2044 524 ca:-

451 563 559 617 lum
585 562 820 633 respicit.
846 561 1086 616 Aliorqu
1107 560 1302 631 quippe
1326 562 1597 633 signorum
1616 565 1779 619 multa
1796 563 2041 632 exempla

449 652 736 718 habebam;
760 652 915 722 hujus
943 661 1119 707 autem
1149 653 1370 707 nullum.
1400 654 1662 724 Acceptos
1689 654 1849 724 igitur
1877 670 2040 725 panes

449 743 634 815 fregit,
654 752 709 798 ct
736 759 834 813 per
858 743 1148 813 discipulos
1171 742 1345 805 dedit,
1372 744 1473 799 hoc
1500 745 1694 799 collato
1719 746 1848 815 ipsis
1873 746 2039 802 hono-

450 850 537 897 re;
565 850 663 889 nec
688 835 908 890 honoris
942 844 1145 890 tantum
1178 850 1336 890 causa
1367 834 1517 898 fecit,
1546 836 1640 891 sed
1672 845 1749 902 ut,
1789 851 1910 891 cum
1936 838 2040 892 mi-

447 928 684 982 raculum
710 938 1011 992 cernerent,
1036 943 1207 997 neque
1233 927 1391 982 ﬁdem
1420 939 1695 998 negarent,
1728 929 1812 983 vel
1854 940 2035 999 postea

446 1019 613 1088 ipsius
642 1019 1105 1081 obliviscerentur,
1137 1033 1257 1072 cum
1288 1018 1417 1089 ipsa:
1443 1035 1631 1074 manus
1655 1036 1843 1076 eorum
1876 1032 2037 1077 testes

445 1119 643 1165 essent.
688 1109 1023 1180 Quapmpter
1066 1110 1211 1180 prius
1263 1110 1504 1179 permisit
1556 1120 1613 1166 ut
1666 1113 1832 1167 turbae
1882 1113 2035 1169 famis

442 1218 603 1258 sensu
627 1203 956 1267 laborarent,
987 1203 1419 1271 esspectavitque
1445 1214 1501 1258 ut
1531 1205 1605 1258 illi
1634 1206 1956 1262 accederent
1980 1216 2035 1263 et

443 1295 854 1366 interrogarent.
869 1295 1131 1364 Peripsos
1152 1296 1277 1350 item
1293 1295 1456 1365 jussit
1472 1298 1676 1366 plebem
1698 1299 2027 1365 recumbere,

443 1401 543 1455 per
562 1387 711 1457 ipsos
734 1402 946 1457 quoque
969 1387 1269 1453 distribuit,
1300 1388 1539 1459 singulos
1566 1391 1778 1458 propria
1815 1391 2031 1447 confes-

442 1482 594 1535 sione
619 1489 676 1535 et
701 1480 951 1546 oneribus
980 1482 1162 1535 volens
1186 1496 1580 1553 prmoccnpare.
1612 1483 1812 1539 Idcirco
1838 1484 2031 1542 abillis

443 1587 605 1642 panes
632 1574 841 1642 accipit,
870 1582 927 1628 ut
945 1574 1111 1628 multa
1138 1576 1211 1629 rei
1241 1575 1537 1630 testimonia
1561 1585 1759 1641 essent,
1786 1592 1847 1632 ac
1871 1579 2032 1634 mira-

436 1665 544 1719 culi
590 1674 933 1719 monumenta
976 1664 1254 1721 haberent.
1278 1665 1411 1721 Nam
1439 1668 1483 1721 si
1515 1666 1598 1721 his
1638 1669 1708 1721 ita
1748 1669 1912 1739 gestis
1947 1669 2027 1725 rei

436 1756 589 1811 obliti
615 1765 758 1822 sunt,
788 1757 913 1826 quid
942 1757 1211 1823 fecissent,
1239 1758 1281 1813 si
1310 1772 1424 1812 rem
1451 1774 1556 1813 non
1585 1758 1655 1813 ita
1681 1761 2028 1815 adornasset?

435 1847 595 1904 Jubet
621 1850 781 1904 etiam
813 1850 932 1905 illos
961 1850 1012 1904 in
1044 1851 1189 1906 faeno
1210 1850 1569 1919 discumbere,
1598 1852 1780 1907 turbas
1805 1852 1872 1908 ad
1904 1853 2024 1922 phi-

438 1941 824 2012 losophandum
852 1942 927 2013 (a)
950 1943 1253 1999 instituens.
1277 1944 1391 1999 Non
1414 1945 1555 2000 enim
1586 1953 1791 2000 tantum
1815 1946 2026 2002 volebat

426 2033 504 2087 ali
534 2046 781 2103 corpora,
812 2034 906 2088 sed
933 2034 1165 2089 animam
1192 2050 1402 2105 quoque
1433 2035 1655 2091 institui.

505 2125 561 2180 3.
604 2125 681 2180 Ex
718 2126 839 2181 Ioco
887 2127 1082 2198 igitur,
1110 2142 1176 2183 ex
1221 2142 1287 2183 eo
1314 2128 1455 2198 quod
1502 2130 1711 2185 nonnisi
1761 2144 1924 2201 panes
1966 2141 2023 2189 et

434 2214 609 2285 pisces
651 2216 843 2284 daret,
871 2218 1117 2288 quodque
1159 2218 1346 2274 eadem
1391 2229 1445 2274 et
1496 2220 1547 2274 in
1591 2223 1862 2277 communi
1907 2222 2021 2279 dari

430 2309 667 2379 jusserit,
690 2324 790 2366 nec
814 2312 948 2366 alius
972 2312 1089 2381 plus
1116 2327 1274 2383 quam
1299 2312 1437 2368 alius
1463 2313 1726 2380 habuerit,
1755 2314 2023 2373 humilita-

431 2413 561 2469 tem,
586 2404 1013 2473 temperantiam,
1039 2405 1424 2476 caritatemque
1444 2406 1645 2474 docuit,
1671 2409 1941 2479 voluitque
1962 2418 2021 2465 ut

431 2494 544 2563 pari
566 2503 747 2550 essent
761 2509 948 2552 omnes
968 2511 1092 2568 erga
1113 2498 1247 2552 alios
1266 2498 1481 2566 affectu,
1494 2509 1550 2555 et
1571 2502 1748 2556 omnia
1769 2502 2019 2558 omnibus

426 2589 729 2642 communia
772 2602 897 2644 esse
944 2597 1210 2659 putarent.
1241 2590 1309 2646 Et
1349 2591 1532 2647 fractis
1578 2594 1840 2662 panibus,
1870 2593 2019 2650 dedit

425 2693 521 2734 eos
557 2679 866 2749 discipulis,
895 2680 1141 2753 discipuli
1191 2697 1317 2739 vero
1356 2684 1516 2755 plebi.
1561 2685 1808 2757 Quinque
1853 2701 2017 2757 panes

427 2768 621 2826 fractos
646 2770 815 2839 dedit,
844 2783 897 2828 et
926 2773 998 2828 illi
1022 2776 1255 2845 quinque
1286 2775 1338 2831 in
1366 2778 1611 2832 manibus
1632 2779 2013 2848 discipulorum

424 2864 477 2918 in
507 2864 666 2920 fontis
692 2881 895 2922 morem
926 2867 1303 2924 scaturiebant.
1333 2868 1515 2941 Neque
1543 2869 1627 2926 hic
1663 2873 1811 2927 stetit
1854 2873 2016 2928 mira-

422 2957 602 3011 culum
628 2974 641 3011 :
665 2957 760 3013 sed
800 2957 853 3013 id
896 2958 1020 3015 fecit
1060 2969 1116 3014 ut
1143 2960 1304 3015 etiam
1335 2962 1869 3031 superabundarent,
1903 2978 2010 3019 non

422 3049 583 3104 modo
613 3065 797 3121 panes,
827 3049 921 3106 sed
950 3060 1005 3107 et
1036 3049 1359 3122 fragmenta;
1393 3060 1451 3108 ut
1475 3054 1777 3110 ostenderet
1801 3055 2009 3110 illorum

419 3159 617 3214 panum
665 3143 760 3199 has
796 3159 916 3201 esse
964 3144 1248 3217 reliquias,
1278 3154 1442 3217 utque
1482 3147 1729 3203 absentes
1748 3164 1961 3220 quoque
1989 3150 2007 3182 ⁸

421 3246 642 3308 possent
677 3236 727 3291 id
758 3236 897 3306 quod
928 3244 1135 3308 gestum
1165 3247 1280 3293 erat
1305 3238 1565 3294 ediscere.
1601 3239 1801 3295 Idcirco
1827 3240 2010 3297 turbas

417 3330 626 3385 esurire
675 3329 951 3400 permisit,
983 3346 1050 3386 ne
1079 3331 1197 3401 quis
1241 3338 1489 3402 putaret,
1514 3332 1565 3387 id
1610 3333 1752 3403 quod
1795 3342 2005 3405 gestant

417 3431 664 3477 eratesse
676 3422 1025 3493 phantasiam.
1048 3421 1276 3492 Ideoque
1295 3423 1576 3480 duodecim
1606 3424 1862 3496 cophinos
1887 3426 2010 3483 red-

417 3514 620 3571 undare
651 3516 922 3585 permisit,
956 3523 1015 3570 ut
1056 3526 1110 3572 et
1151 3516 1315 3572 Judas
1353 3508 1509 3573 suum
1543 3528 1797 3588 portaret.
1827 3519 2008 3576 Potuit

413 3609 575 3661 etiam
604 3607 771 3677 ipsam
797 3606 987 3663 sedare
1014 3606 1207 3664 famem
1230 3649 1246 3675 ,
1278 3608 1372 3665 sed
1397 3610 1514 3679 ejus
1541 3612 1830 3680 potentiam
1868 3626 2004 3684 apo-

410 3701 536 3756 stoli
586 3715 691 3755 non
736 3699 1047 3756 novissent:
1079 3716 1202 3756 nam
1245 3710 1301 3757 et
1350 3702 1450 3757 sub
1494 3701 1606 3758 Elia
1656 3702 1758 3759 hoc
1803 3702 2001 3761 factum

417 3795 609 3852 fuerat.
635 3796 712 3851 De
739 3795 837 3851 hac
864 3796 935 3851 ita
956 3795 1238 3867 stupefacti
1267 3805 1392 3852 sunt
1419 3796 1588 3853 Judazi
1606 3839 1620 3861 ,
1652 3807 1710 3854 ut
1734 3798 1883 3854 illum
1912 3815 2003 3856 re-

412 3905 534 3963 gem
561 3890 887 3946 constituere
916 3890 1146 3957 vellent;
1176 3890 1266 3961 qui
1306 3901 1481 3946 tamen
1515 3892 1566 3946 in
1607 3892 1725 3948 aliis
1758 3893 1923 3964 signis
1950 3894 2000 3950 id

413 3999 701 4055 numquam
739 3990 1089 4039 tentaverant.
1120 3983 1247 4053 Quis
1277 3999 1404 4055 ergo
1446 3986 1622 4041 verbis
1650 3988 1997 4056 expresserit,

411 4091 518 4146 quo
558 4083 711 4145 pacto
738 4090 902 4145 panes
937 4074 1097 4130 fontis
1122 4090 1271 4130 more
1309 4074 1669 4131 scaturirent?
1693 4092 1801 4148 quo
1846 4089 1999 4148 pacto

412 4169 465 4223 in
504 4166 791 4223 solitudine
828 4166 1087 4223 ﬂuerent?
1116 4167 1384 4238 quomodo
1426 4176 1506 4223 tot
1547 4154 1851 4224 hofninibus
1879 4169 1997 4225 fue-

409 4262 513 4317 rint
539 4261 714 4318 satis?
738 4261 869 4317 Nam
894 4260 1174 4332 quinquies
1204 4260 1347 4317 mille
1371 4270 1541 4328 erant,
1571 4278 1676 4319 non
1706 4266 1998 4320 numeratis

409 4353 722 4410 mulieribus
749 4361 804 4409 et
825 4353 1081 4425 parvulis,
1103 4367 1222 4424 quae
1244 4352 1473 4408 maxima
1499 4355 1678 4423 populi
1698 4354 1833 4420 laus,
1853 4357 1997 4426 quod

404 4454 459 4500 et
475 4446 727 4501 mulieres
742 4454 797 4501 et
817 4444 911 4499 viri
933 4444 1145 4499 Christo
1162 4443 1449 4499 haererent.
1465 4442 1742 4512 Quomodo
1759 4446 1996 4517 reliquiae

405 4539 596 4595 fuere?
623 4536 834 4594 Etenim
861 4536 965 4593 hoc
987 4539 1161 4608 priore
1183 4551 1290 4592 non
1314 4538 1491 4593 minus
1516 4548 1617 4603 est.
1651 4539 1717 4594 Et
1743 4549 1818 4595 tot
1846 4540 1995 4597 fuere

405 4627 699 4700 fragmenta
719 4670 736 4697 ,
768 4636 827 4683 ut
854 4628 1069 4699 c0phini
1108 4627 1382 4699 discipulis
1423 4645 1576 4698 pares
1603 4645 1826 4685 numero
1849 4672 1866 4698 ,
1895 4646 1995 4688 nec

404 4722 607 4793 plures,
627 4736 726 4777 nec
740 4721 1020 4793 pauciores
1038 4731 1236 4778 essent.
1253 4725 1482 4793 Accepta
1501 4723 1659 4794 igitur
1674 4723 1991 4795 fragmenta,

402 4830 508 4869 non
538 4815 727 4881 turbis,
760 4815 852 4870 sed
882 4815 1156 4886 discipulis
1182 4817 1325 4872 dedit
1346 4834 1359 4872 :
1379 4818 1576 4873 etenim
1609 4818 1776 4873 turba:
1803 4819 1995 4889 imper-

402 4909 649 4965 fectiores
673 4918 828 4965 erant
855 4908 1149 4980 discipulis.

472 5003 661 5059 Christi
695 5004 747 5059 in
776 5005 1023 5059 miraculo
1053 5004 1487 5075 multiplicationis
1513 5020 1700 5074 panum
1729 5005 1990 5060 sinceritas

397 5107 447 5151 et
484 5098 747 5151 modestia.
779 5097 1060 5152 Ostentatio
1108 5099 1367 5169 fugienda.
1400 5098 1479 5152 Ad
1526 5115 1724 5154 sacram
1766 5114 1989 5155 mensam

397 5205 498 5260 quo
546 5199 693 5258 pacto
739 5190 1101 5244 accedendum.
1133 5220 1205 5230 —
1239 5188 1404 5261 Signo
1451 5201 1626 5246 autem
1681 5191 1823 5247 facto
1846 5232 1860 5257 ,
1891 5190 1982 5249 92.

400 5279 587 5334 Statim
616 5283 774 5352 coegit
803 5280 1079 5351 discipulos
1103 5282 1294 5336 intrare
1322 5283 1373 5336 in
1402 5283 1655 5353 navigium
1679 5326 1694 5350 ,
1724 5292 1770 5336 ct
1794 5300 1986 5353 praece-

395 5377 514 5429 dere
553 5390 668 5429 eum
710 5374 778 5428 ad
824 5377 1109 5431 ulteriorem
1157 5377 1365 5447 ripam,
1398 5377 1554 5431 danec
1582 5377 1690 5447 ipse
1717 5377 1989 5433 dimitteret

459 5562 476 5634 ξ
505 5557 591 5634 alii
614 5558 793 5619 ferunt,
818 5572 1006 5634 anates,
1023 5574 1127 5623 pro,
1150 5560 1362 5634 absentes
1384 5573 1601 5634 quoque;
1626 5560 1784 5634 minus
1796 5568 1905 5634 rect
1914 5574 1961 5611 e.

455 5624 528 5685 (a)
563 5635 794 5686 asperum
815 5624 1009 5686 vivendi
1033 5622 1405 5686 genus,~quale‘
1438 5622 1587 5674 estin
1630 5624 1758 5673 σαξηο
1780 5623 1987 5673 discum-
2062 5640 2069 5647 ·

394 5682 535 5743 bere,
559 5682 655 5751 cibi
676 5684 900 5733 sumendi
924 5682 1087 5747 causa,
1112 5682 1462 5751 philosophiam
1484 5687 1583 5743 hic,
1608 5693 1661 5737 ut
1690 5697 1823 5750 saepe
1846 5686 1981 5748 alias,

319 5752 332 5765 ‘
393 5755 532 5799 vocat
552 5745 934 5812 Chrysostomus.

1195 257 1250 316 S.
1278 255 1557 316 JOANNIS
1589 250 2066 312 CHRYSOS’I‘OMI
2096 251 2413 310 ARCHIEP.
2452 253 2989 318 CONSTANTINOP.

3627 264 3726 320 500

2153 372 2343 427 turbas.
2375 372 2508 428 Nam
2544 375 2590 430 si
2620 389 2856 445 presens
2882 377 3155 434 videretur
3179 378 3231 435 id
3271 392 3370 449 per
3402 379 3719 451 phantasiam

2148 460 2374 527 fecisse,
2403 477 2508 519 non
2550 466 2844 523 secundum
2882 470 2963 523 rei
3008 471 3325 537 veritatem,
3354 471 3548 527 absens
3582 482 3721 530 certe

2146 568 2252 607 non
2280 553 2430 609 item.
2461 555 2694 627 Ideoque
2729 569 2980 614 accurato
3008 561 3239 616 examini
3282 562 3478 617 factum
3507 566 3719 633 permit-

2147 653 2297 711 tens,
2327 660 2453 712 eos,
2481 648 2571 717 qui
2603 660 2951 705 monumenta
2980 661 3037 706 et
3063 652 3430 722 probationem
3459 656 3717 725 signarunt

2141 745 2476 806 acceperant,
2502 738 2664 808 jussit
2691 740 2761 795 ab
2784 756 2843 796 se
2867 743 3123 812 separari.
3152 744 3401 815 Alioquin
3430 761 3580 815 vero,
3604 763 3718 802 cum

2142 842 2330 897 magna
2375 842 2628 900 operatus
2675 832 2880 900 fuerat,
2916 835 3098 891 turbas
3134 844 3190 891 et
3228 837 3519 908 discipulos
3558 840 3626 894 ab
3662 854 3719 895 se

2142 920 2490 988 removebat,
2534 932 2595 977 ut
2644 923 2799 980 nobis
2848 925 3097 981 suaderet
3138 942 3396 998 nusquam
3441 930 3716 986 humanam

2138 1011 2362 1079 gloriam
2383 1022 2436 1067 et
2456 1029 2641 1069 auram
2670 1029 2792 1070 esse
2817 1018 3260 1087 persequendam,
3297 1035 3471 1091 neque
3498 1024 3717 1078 multitu-

2138 1103 2316 1159 dinem
2347 1107 2738 1165 attrahendam.
2756 1110 2889 1165 Cum
2912 1122 3089 1167 autem
3108 1112 3255 1180 dicit,
3278 1113 3471 1187 Coegit,
3490 1116 3717 1174 declarat

2137 1197 2428 1269 discipulos
2465 1201 2581 1270 ejus
2611 1204 2906 1271 prmsentiaa
2933 1205 3157 1261 multum
3203 1206 3441 1263 haesisse.
3476 1209 3541 1265 Et
3577 1213 3717 1268 misit

2136 1302 2230 1343 eos
2254 1331 2269 1355 ,
2301 1291 2469 1346 turbae
2497 1302 2554 1347 ut
2582 1293 2793 1350 videtur
2819 1296 3049 1352 vitandae
3083 1312 3239 1354 causa
3265 1341 3281 1366 ,
3310 1301 3423 1371 ipse
3450 1314 3622 1359 autem
3664 1306 3715 1362 in

2136 1391 2373 1437 montem
2388 1385 2600 1440 volebat
2614 1389 2922 1456 ascendere,
2943 1399 3001 1444 ut
3026 1404 3125 1445 nos
3139 1391 3377 1461 doceret,
3397 1396 3599 1451 turbam
3616 1412 3715 1454 nec

2133 1474 2346 1530 assidue
2362 1476 2817 1547 frequentandam,
2843 1496 3016 1552 neque
3030 1497 3244 1553 semper
3259 1484 3556 1556 fugiendam
3573 1503 3711 1555 esse,

2132 1568 2227 1623 sed
2259 1577 2541 1641 utrumque
2565 1571 2631 1626 ad
2654 1573 2931 1629 utilitatem
2961 1574 3280 1645 faciendum,
3311 1586 3366 1633 et
3391 1579 3711 1647 alternatim,

2134 1669 2290 1728 prout
2317 1659 2503 1729 decet,
2526 1663 2810 1734 agendum.
2840 1665 3114 1723 Discamus
3139 1678 3194 1724 et
3218 1685 3315 1724 nos
3340 1684 3550 1742 quoque
3588 1673 3712 1729 Jesu

2129 1751 2348 1808 Christo
2378 1754 2603 1822 hterere,
2632 1772 2738 1811 non
2771 1773 2867 1826 pro
2895 1758 3243 1828 impetrandis
3269 1763 3597 1820 sensibilium
3623 1780 3714 1822 re-

2129 1860 2247 1902 rum
2289 1847 2444 1904 donis
2468 1890 2484 1915 ,
2517 1865 2584 1905 ne
2629 1849 2677 1905 id
2710 1852 2863 1906 nobis
2901 1852 3099 1921 probro
3134 1853 3292 1909 detur
3317 1855 3454 1911 sicut
3494 1857 3708 1913 Judaeis.

2132 1937 2369 2004 anritis
2393 1956 2474 1994 me
2496 1982 2511 2008 ,
2544 1941 2715 2013 inquit
2738 1984 2754 2009 ,
2786 1959 2888 1997 non
2914 1945 3032 2015 quia
3056 1945 3203 2016 signa
3227 1946 3424 2002 vidistis
3440 1986 3454 2012 ,
3485 1950 3573 2004 sed
3594 1953 3714 2020 quia

2127 2046 2192 2084 ac
2235 2032 2451 2100 panibus
2495 2034 2777 2088 comedistis
2821 2044 2868 2089 et
2910 2038 3124 2090 saturati
3152 2038 3270 2093 estis
3302 2038 3480 2109 (Joan.
3510 2042 3565 2096 6.
3592 2042 3710 2112 26).

2127 2120 2250 2179 Ideo
2274 2140 2379 2180 non
2406 2123 2711 2197 frequenter
2739 2128 2840 2183 hoc
2862 2129 3070 2199 signum
3098 2129 3240 2196 facit,
3265 2133 3360 2188 sed
3383 2134 3465 2189 bis
3488 2144 3709 2203 tantum,

2127 2225 2189 2270 ut
2222 2216 2488 2273 discerent
2520 2233 2624 2273 non
2652 2221 2823 2274 ventri
2854 2234 2977 2276 esse
3016 2222 3356 2277 serviendum
3376 2264 3392 2291 ,
3421 2225 3514 2281 sed
3552 2227 3713 2296 spiri-

2127 2308 2358 2364 tualibus
2394 2310 2607 2364 assidue
2645 2310 2975 2367 haerendum.
3007 2312 3100 2367 His
3127 2328 3225 2368 nos
3250 2329 3465 2386 quoque
3505 2316 3711 2373 haerea-

2124 2416 2244 2455 mus
2267 2440 2284 2467 ,
2310 2410 2365 2456 et
2408 2417 2711 2471 quaeramus
2759 2420 2949 2473 panem
2994 2406 3259 2463 caelestem
3285 2449 3301 2475 ,
3348 2425 3455 2479 quo
3492 2422 3714 2481 accepto

2122 2509 2339 2549 omnem
2373 2496 2684 2552 sarcularem
2728 2512 2911 2553 curam
2956 2498 3250 2569 ejiciamus.
3280 2501 3415 2558 Nam
3456 2504 3502 2557 si
3545 2502 3617 2559 illi
3657 2514 3714 2559 et

2121 2586 2309 2641 domos
2330 2597 2382 2643 et
2421 2587 2664 2643 civitates
2688 2597 2743 2644 et
2766 2598 3020 2660 cognatos
3059 2601 3114 2646 et
3149 2595 3328 2647 omnia
3356 2593 3710 2660 dimiserunt,

2120 2687 2280 2749 atque
2322 2679 2374 2733 in
2418 2680 2705 2736 solitudine
2750 2682 3132 2749 versabantur,
3181 2684 3523 2756 iustanteque
3571 2686 3714 2742 fama

2120 2786 2225 2824 non
2252 2771 2572 2826 recedebant
2593 2790 2608 2830 :
2631 2772 2798 2827 multo
2818 2773 2985 2845 magis
3011 2789 3109 2829 nos
3132 2789 3253 2831 cum
3277 2774 3344 2830 ad
3374 2776 3531 2831 talem
3558 2792 3712 2832 meu-

2108 2880 2232 2919 ‘sam
2264 2864 2568 2921 accedimus
2592 2908 2607 2929 ,
2640 2866 2895 2937 majorem
2924 2867 3180 2925 exhibere
3216 2877 3431 2938 oportet
3472 2868 3712 2940 philoso-

2118 2956 2296 3027 phiam
2328 2965 2383 3012 et
2420 2957 2772 3029 spiritualium
2800 2974 3037 3015 amorem
3058 3000 3072 3026 ,
3108 2961 3487 3033 sensibiliaque
3522 2972 3710 3033 postea

2114 3052 2378 3120 quaerere.
2410 3050 2543 3105 Nam
2572 3059 2627 3105 et
2654 3050 2727 3105 illi
2754 3051 3161 3119 accusabantur,
3194 3068 3300 3109 non
3326 3053 3468 3125 quod
3494 3070 3710 3125 quaere-

2114 3152 2235 3198 rent
2261 3144 2433 3212 ipsum
2463 3153 2680 3215 propter
2706 3160 2928 3215 panem;
2958 3144 3052 3201 sed
3079 3144 3219 3216 quod
3235 3156 3515 3215 propterea
3530 3147 3708 3202 solum

2112 3244 2432 3305 quaererent,
2460 3245 2515 3291 et
2543 3246 2759 3306 propter
2786 3235 2887 3291 hoc
2912 3236 3198 3307 praecipue.
3223 3236 3353 3290 Nam
3379 3237 3424 3291 si
3452 3238 3572 3308 quis
3591 3253 3709 3291 ma-

2111 3345 2213 3397 gna
2241 3328 2379 3384 dona
2409 3327 2685 3399 deSpiciat,
2711 3331 2889 3399 parvis
2912 3337 3088 3383 autem
3118 3328 3338 3395 haereat,
3359 3344 3480 3399 quze
3500 3329 3710 3400 despici

2110 3423 2224 3478 vult
2249 3423 2293 3478 is
2323 3422 2411 3492 qui
2442 3422 2552 3488 dat,
2578 3421 2647 3477 ab
2668 3422 2768 3477 illis
2796 3422 2955 3477 etiam
2985 3420 3219 3477 excidit:
3245 3429 3304 3476 ut
3329 3423 3586 3484 contra,si
3612 3421 3712 3479 illa

2109 3516 2495 3578 desideremus,
2526 3514 2638 3570 haec
2660 3515 2819 3569 etiam
2845 3514 3025 3584 adjicit
3045 3531 3059 3566 ε
3078 3530 3199 3569 nam
3223 3513 3337 3570 hmc
3361 3514 3414 3569 in
3439 3515 3712 3571 accessio-

2098 3602 2232 3664 ‘ncm
2261 3607 2488 3674 dantur;
2513 3608 2583 3662 ita
2616 3622 2808 3677 nempe
2830 3607 2956 3661 vilia
2994 3616 3157 3672 sunt,
3185 3607 3231 3662 si
3254 3602 3377 3661 cum
3409 3606 3514 3661 illis
3554 3622 3713 3662 com-

2098 3704 2401 3771 parentur,
2434 3700 2646 3755 etiamsi
2695 3714 2884 3770 magna
2929 3698 3230 3754 videantur.
3276 3699 3392 3756 Non
3438 3714 3570 3771 ergo
3617 3700 3711 3756 his

2107 3791 2438 3858 studeamus,
2470 3802 2628 3863 atque
2657 3805 2843 3847 eorum
2872 3792 2986 3847 sive
3014 3793 3428 3861 possessionem,
3462 3796 3577 3848 sive
3602 3794 3714 3863 pri-

2106 3887 2374 3941 rationem
2423 3885 2815 3942 indiﬁ‘erentem
2866 3886 3190 3942 arbitremur
3212 3905 3226 3941 :
3248 3887 3710 3957 quemadmodum

2104 3989 2161 4036 et
2198 3980 2338 4045 Job,
2381 3978 2469 4049 qui
2515 3994 2613 4034 nec
2658 3977 3011 4050 prmsentibus
3062 3977 3332 4045 haerebat,
3379 3994 3481 4035 nec
3525 3980 3710 4036 ablata

2093 4074 2399 4143 quaerebat.
2428 4070 2560 4127 Nam
2593 4084 2823 4143 χρήματα
2849 4085 2951 4124 non
2977 4069 3057 4126 sic
3081 4079 3355 4133 vocantur,
3386 4082 3443 4125 ut
3470 4086 3532 4126 ea
3560 4072 3713 4127 defo-

2104 4166 2313 4222 diamus
2338 4208 2353 4232 ,
2381 4164 2473 4221 sed
2506 4174 2561 4219 ut
2592 4165 2656 4218 iis
2697 4172 2953 4234 quantum
2994 4161 3150 4218 decet
3179 4171 3411 4219 utamur.
3442 4167 3520 4219 Ac
3565 4165 3713 4220 sicut

2090 4259 2295 4314 artifex
2316 4258 2540 4329 quisque
2566 4271 2715 4311 suam
2740 4254 2896 4310 habet
2915 4265 3105 4320 artem,
3123 4254 3202 4310 sic
3216 4254 3387 4321 dives,
3412 4255 3501 4326 qui
3530 4258 3712 4313 nescit

2102 4351 2347 4406 a‘rarinm
2369 4358 2561 4412 artem,
2593 4363 2689 4403 nec
2720 4348 2894 4401 navim
2927 4345 3207 4410 fabricari,
3236 4360 3337 4401 nec
3366 4356 3572 4411 texere,
3602 4363 3711 4403 nec

2078 4446 2388 4519 ardiﬁcare,
2412 4460 2511 4500 nec
2540 4443 2681 4499 aliud
2712 4442 2887 4499 simile
2913 4441 3206 4513 quidpiam,
3228 4442 3398 4497 discat
3419 4444 3626 4500 divitiis
3649 4455 3712 4500 ut

2101 4540 2253 4596 decet
2273 4540 2367 4605 uti,
2397 4549 2452 4595 et
2477 4538 2660 4611 egenis
2681 4538 2880 4610 largiri,
2906 4538 3288 4609 melioremque
3313 4538 3420 4595 illis
3447 4541 3710 4597 omnibus

2099 4647 2270 4692 artem
2300 4634 2533 4691 callebit.
3024 4654 3025 4657 η

2157 4731 2210 4785 4.
2227 4728 2578 4785 Misericordia
2594 4727 2644 4780 in
2660 4742 2904 4799 pauperes
2923 4742 3007 4780 ars
3024 4724 3382 4796 pretiosissima
3397 4733 3489 4781 est.
3508 4724 3710 4782 Contra

2097 4821 2404 4892 voluptatem
2448 4819 2672 4874 ciborum
2716 4828 2760 4873 et
2802 4818 3001 4872 laxant.
3032 4816 3257 4872 ——Nam
3305 4817 3421 4873 haec
3461 4830 3547 4873 est
3596 4819 3711 4874 illis

2097 4915 2345 4971 omnibus
2394 4912 2598 4967 artibus
2641 4910 2941 4966 snblimior.
2990 4910 3156 4981 llujus
3197 4909 3409 4966 ofﬁcina
3463 4912 3518 4966 in
3563 4913 3711 4967 caelo

2097 5016 2296 5064 structa
2321 5012 2422 5060 est.
2454 5005 2578 5059 Haec
2612 5018 2719 5057 non
2750 5017 2814 5058 ex
2866 5002 3007 5058 ferro
3042 5002 3126 5058 vel
3170 5018 3281 5059 tere
3315 5001 3577 5058 adornata
3608 5020 3710 5059 ot-b

2095 5116 2230 5172 gana
2269 5099 2467 5164 habet,
2495 5096 2589 5152 sed
2633 5113 2696 5151 ex
2724 5096 3049 5166 benignitate
3072 5105 3127 5151 et
3154 5097 3428 5151 voluntate
3458 5098 3500 5149 ί.
3525 5097 3708 5167 Hujus

2096 5193 2225 5248 artis
2249 5192 2495 5247 Christus
2523 5189 2710 5245 doctor
2731 5198 2831 5253 est,
2852 5203 3059 5243 necnon
3082 5188 3198 5257 ejus
3225 5187 3401 5243 Pater.
3434 5188 3572 5244 Nam
3603 5191 3706 5253 ait,

2097 5285 2270 5339 Estote
2298 5283 2644 5339 misericordes
2668 5284 2797 5336 sicut
2820 5292 2866 5334 et
2897 5280 3056 5334 Pater
3080 5291 3236 5335 vester
3258 5281 3342 5350 qui
3370 5290 3444 5335 est
3476 5282 3527 5335 in
3557 5284 3710 5337 cazlis

2097 5375 2248 5449 (an.
2273 5376 2328 5431 ti.
2360 5374 2475 5443 56).
2502 5373 2761 5443 Quodque
2786 5372 3029 5428 mirabile
3058 5380 3173 5435 est,
3203 5387 3323 5427 cum
3364 5373 3434 5427 ita
3467 5382 3710 5427 ca‘teras

2095 5471 2415 5537 antecellat,
2463 5485 2569 5524 non
2615 5467 2798 5523 labore
2841 5466 2924 5522 vel
2979 5476 3219 5538 tempore
3260 5480 3397 5537 opus
3436 5466 3606 5521 habet
3640 5474 3710 5518 ut

2097 5570 2445 5620 exerceatur:
2470 5559 2666 5617 sufﬁcit
2701 5560 2843 5615 enim
2882 5558 3020 5614 velle
3042 5598 3057 5624 ,
3092 5567 3147 5614 et
3176 5566 3345 5614 totum
3388 5556 3709 5629 perlectum

2164 5749 2180 5779 ί
2215 5714 2328 5797 Duo
2351 5753 2478 5806 3:35.,
2503 5743 2588 5796 sed
2608 5755 2672 5795 ex
2695 5741 2817 5794 bona
2840 5740 3091 5793 volmuate.
