3908 6198
329 163 429 226 SOI

325 293 435 340 est.
470 283 754 339 Videamus
780 297 993 356 quoque
1012 328 1024 345 .
1057 286 1175 355 quis
1208 284 1325 340 ﬁnis
1353 286 1492 340 illius
1517 286 1607 341 sit.
1634 288 1766 355 Quis
1796 298 1913 342 tan-

324 378 453 431 dem
482 376 602 431 ﬁnis
632 377 774 433 illius
802 377 920 432 est?
946 377 1145 431 Czclum
1164 418 1181 446 ,
1212 386 1265 432 et
1292 378 1522 432 cmlestia
1550 377 1687 433 bona
1714 380 1916 449 :gloria

325 466 417 520 illa
443 466 746 532 inellabilis,
765 467 1067 539 spirituales
1086 468 1322 533 thalami,
1342 467 1604 539 fulgentes
1621 468 1912 540 lampades,

325 556 586 611 habitatio
624 572 745 612 cum
781 570 1012 627 Sponso;
1046 559 1148 612 alia
1178 574 1297 628 quae
1326 559 1502 614 nullus
1530 574 1730 625 sermo,
1772 559 1916 614 nulla

322 663 481 703 mens
497 648 770 705 declarare
789 659 983 718 potest;
999 649 1067 703 ita
1091 661 1149 703 ut
1172 650 1271 705 hac
1288 650 1339 704 in
1359 658 1509 719 parte
1531 650 1688 721 longe
1704 650 1772 706 ab
1798 650 1916 705 aliis

318 738 553 794 differat.
568 740 697 794 Nam
722 741 913 796 artium
940 741 1208 813 pleraeque
1228 741 1294 797 ad
1320 757 1558 812 prmsens
1581 743 1753 798 solum
1778 752 1912 798 tem-

318 847 419 900 pus
434 831 586 885 utiles
600 840 723 887 suut
745 831 917 897 nobis,
942 832 1056 888 haec
1078 848 1205 887 vero
1221 833 1378 888 etiam
1397 833 1459 887 ad
1479 833 1707 888 futuram
1730 834 1908 889 vitam.

315 922 374 979 Si
406 935 585 979 autem
612 924 681 978 ita
715 923 891 978 diﬁ'ert
919 925 985 979 ab
1016 925 1080 978 iis
1105 926 1308 983 artibus
1346 942 1464 996 quae
1498 924 1653 981 nobis
1683 926 1734 980 in
1769 942 1909 996 prte-

313 1015 457 1070 senti
487 1015 595 1070 vita
620 1023 746 1070 sunt
770 1015 1109 1081 necessariae,
1136 1025 1193 1069 ut
1219 1031 1249 1069 a
1276 1016 1554 1081 medicina,
1584 1016 1908 1072 architecto-

312 1107 433 1161 nica
462 1117 516 1161 et
549 1107 812 1162 similibus
835 1149 848 1168 ,
876 1108 1045 1161 multo
1084 1108 1252 1178 magis
1279 1107 1345 1163 ab
1370 1109 1489 1162 aliis
1509 1148 1524 1173 ,
1553 1124 1686 1178 quas
1716 1109 1761 1164 si
1788 1111 1908 1179 quis

309 1209 565 1254 accurate
610 1200 888 1270 exploret,
923 1216 1095 1270 neque
1135 1210 1278 1254 artes
1324 1215 1447 1255 esse
1488 1200 1701 1256 dixerit.
1731 1201 1908 1269 Quare

307 1305 412 1361 ego
441 1290 576 1345 alias
606 1289 900 1359 superﬂuas
930 1306 1037 1345 non
1078 1305 1176 1361 pro
1204 1290 1407 1345 artibus
1443 1291 1635 1346 habeo.
1664 1292 1745 1347 Ad
1776 1292 1903 1363 quid

305 1382 455 1434 enim
496 1381 804 1450 coquinaria
850 1389 904 1435 et
943 1380 1343 1435 salsamentaria
1387 1381 1540 1436 nobis
1586 1382 1783 1436 utiles?
1821 1383 1904 1437 Ad

306 1473 437 1527 nihil
464 1484 609 1530 certe
638 1492 650 1527 :
677 1473 783 1527 imo
814 1472 966 1528 valde
996 1472 1211 1528 inutiles
1240 1482 1295 1529 et
1320 1476 1493 1529 noxiae
1521 1485 1674 1538 sunt,
1701 1490 1820 1548 qua:
1850 1476 1927 1531 et’

302 1582 503 1634 corpus
532 1577 585 1620 et
609 1565 840 1620 animam
873 1566 1208 1633 labefactant,
1241 1566 1381 1636 quod
1409 1568 1717 1623 morborum
1748 1570 1901 1639 aegri-

302 1658 655 1730 tudinumqne
684 1660 917 1713 omnium
947 1668 1171 1714 matrem
1204 1660 1528 1728 voluptatem
1554 1676 1673 1714 cum
1706 1675 1899 1731 pompa

301 1764 495 1819 magna
525 1746 924 1804 inducant.lmo
944 1763 1043 1804 nec
1069 1749 1352 1817 picturam,
1369 1764 1470 1805 nec
1500 1749 1895 1821 phrygiouicam

296 1852 446 1896 artes
492 1841 707 1910 pr0prie
746 1839 995 1895 dixerim.
1040 1839 1174 1895 Nam
1224 1842 1277 1895 in
1319 1840 1619 1911 superﬂuos
1656 1852 1897 1911 sumptus

299 1948 403 1988 nos
448 1933 757 2002 conjiciunt.
789 1935 946 1988 Artes
985 1948 1114 1988 vero
1158 1934 1488 1989 necessarias
1512 1975 1527 1999 ,
1572 1950 1691 2005 qua:
1730 1935 1893 1990 vitam

294 2034 543 2081 nostram
563 2032 882 2091 sustentant,
905 2024 1058 2080 nobis
1088 2026 1389 2081 necessaria
1417 2027 1691 2097 praebeant
1718 2039 1771 2084 et
1796 2045 1894 2099 ap-

292 2126 490 2185 parent
513 2123 740 2186 oportet.
775 2115 899 2171 ldeo
924 2130 1154 2187 namque
1178 2117 1488 2188 sapientiam
1523 2117 1711 2173 indidit
1739 2119 1894 2175 nobis

294 2206 460 2271 Deus,
487 2216 542 2261 ut
568 2207 897 2262 inveniamus
927 2206 1231 2273 methodos,
1261 2207 1413 2278 queis
1437 2210 1703 2278 possimus
1730 2212 1890 2265 vitam

289 2316 614 2357 conservare
636 2310 870 2356 nostram
897 2319 910 2357 :
934 2302 1250 2357 animalcnla
1272 2318 1399 2358 vero
1421 2304 1581 2358 autin
1603 2303 1891 2373 parietibus

289 2407 387 2449 aut
412 2397 465 2450 in
486 2396 722 2450 vestibus
747 2405 1133 2464 repracsentare
1150 2396 1215 2449 ad
1230 2395 1379 2466 quid,
1400 2411 1603 2465 qumso,
1624 2397 1751 2451 utile
1771 2397 1891 2451 est?

288 2487 421 2543 Ideo
445 2502 509 2542 ex
541 2486 920 2541 Calceariorum
964 2496 1016 2540 et
1065 2502 1127 2540 ex
1176 2495 1439 2540 textorum
1482 2488 1685 2542 artibus
1725 2487 1886 2542 multa

288 2580 583 2636 resecanda
618 2589 836 2633 essent:
863 2594 983 2633 nam
1014 2579 1081 2635 ad
1120 2579 1302 2634 luxum
1334 2579 1497 2634 tnulta
1527 2578 1884 2647 deduxerunt,

287 2684 347 2729 et
388 2672 527 2745 quod
559 2674 920 2729 necessarium
948 2682 1062 2726 erat
1100 2671 1491 2727 labefactarunt
1516 2716 1530 2748 ,
1557 2673 1657 2726 arti
1690 2672 1884 2725 malum

285 2766 573 2821 artificium
618 2763 1011 2823 admiscentes;
1062 2764 1202 2834 quod
1252 2766 1412 2819 etiam
1459 2765 1885 2821 architectonica:

283 2857 502 2913 accidit.
531 2855 634 2911 Sed
666 2866 723 2909 ut
752 2857 916 2918 hanc,
949 2855 1121 2909 donec
1146 2854 1309 2919 cedes,
1339 2872 1443 2910 non
1475 2866 1649 2911 autem
1677 2855 1883 2910 theatra

284 2955 675 3019 aediﬁcaverit,
723 2969 785 3009 ac
842 2952 1183 3020 necessaria,
1234 2967 1338 3007 non
1390 2962 1564 3007 autem
1617 2952 1881 3021 superﬂua

283 3049 565 3117 struxerit,
596 3057 765 3104 artem
799 3046 1002 3101 vocabo
1027 3063 1039 3100 :
1063 3045 1140 3101 sic
1169 3055 1221 3101 et
1252 3048 1529 3101 textoriam
1551 3088 1563 3107 ,
1595 3047 1767 3101 donec
1792 3063 1881 3101 vc-

282 3141 539 3197 sﬁmenta
581 3139 762 3195 iecerit
791 3148 845 3194 et
879 3146 1187 3193 assumenta
1208 3180 1222 3201 ,
1256 3151 1355 3193 nec
1382 3153 1607 3192 araneas
1641 3140 1837 3193 imitata
1862 3181 1877 3203 ,

279 3233 512 3287 multum
539 3232 707 3287 risum
732 3230 1047 3287 excitaverit
1067 3245 1131 3285 ac
1156 3229 1433 3285 mollitiem
1464 3231 1731 3301 ingentem
1750 3273 1764 3295 ,
1788 3246 1877 3286 ar-

279 3334 394 3379 tem
434 3338 585 3379 voco.
615 3322 830 3379 Necnon
867 3322 1182 3377 calccariam
1221 3329 1390 3377 artem
1413 3362 1428 3386 ,
1456 3321 1628 3377 donec
1671 3322 1880 3377 calceos

280 3417 507 3481 fecerit,
532 3417 661 3471 artis
694 3417 909 3470 nomine
938 3432 1043 3470 non
1089 3414 1339 3486 privabo;
1362 3429 1481 3470 cum
1514 3426 1689 3470 autem
1736 3415 1880 3470 viros

279 3512 335 3565 in
367 3510 644 3565 mulierum
679 3512 899 3565 formam
935 3507 1227 3563 traduxerit
1255 3549 1269 3571 ,
1301 3508 1489 3562 molles
1516 3519 1568 3561 et
1599 3506 1878 3561 elicitum.

279 3614 369 3656 tos
394 3618 460 3657 ex
489 3602 791 3656 calceorum
821 3601 987 3655 forma
1017 3597 1232 3663 fecerit,
1260 3613 1381 3654 cum
1411 3599 1583 3653 noxiis
1608 3606 1661 3651 et
1688 3612 1877 3667 super-

278 3694 405 3749 ilnis
431 3693 571 3748 illam
604 3693 917 3749 locabimus.
949 3693 1072 3749 Scio
1101 3706 1189 3748 me
1214 3691 1395 3746 multis
1425 3691 1590 3745 videri
1634 3691 1683 3743 in
1716 3690 1875 3743 mini-

276 3789 385 3845 mis
402 3790 620 3844 nimium
641 3789 909 3844 immorari
928 3806 939 3841 :
958 3802 1128 3858 neque
1143 3796 1320 3843 tamen
1333 3785 1606 3841 absistam.
1626 3784 1874 3840 Omnium

273 3881 479 3951 quippe
508 3881 773 3935 malorum
802 3895 959 3936 causa
1008 3879 1123 3935 huic
1150 3886 1234 3934 est
1260 3919 1275 3945 ,
1300 3893 1369 3934 eo
1409 3877 1549 3948 quod
1596 3877 1741 3946 parvi
1786 3876 1873 3931 illa

276 3983 497 4043 peccata
526 3974 781 4028 momenti
815 3987 936 4028 esse
965 3971 1265 4037 vidcantur,
1288 3979 1342 4026 et
1366 3968 1487 4025 ideo
1519 3968 1870 4038 negligantur.

278 4065 353 4119 Et
379 4064 507 4134 quid
537 4063 640 4119 hoc
667 4064 871 4127 levius,
905 4062 1143 4133 inquies,
1172 4069 1447 4131 peccatum
1476 4074 1726 4129 umquam
1758 4059 1873 4113 fue-

274 4158 371 4217 rit,
402 4172 523 4212 cum
554 4157 673 4227 quis
702 4157 913 4211 calceos
938 4155 1101 4211 habet
1127 4164 1347 4209 ornatos
1370 4168 1435 4209 ac
1461 4152 1747 4223 fulgentes,
1778 4165 1873 4219 pe-

272 4250 437 4304 dibus
465 4259 693 4317 aptatos.
724 4250 765 4301 si
793 4259 970 4303 tamen
998 4246 1099 4302 hoc
1129 4254 1401 4316 peccatum
1427 4245 1721 4300 vocandum
1751 4242 1874 4297 est?

271 4342 454 4396 Vultis
502 4341 657 4409 igitur
699 4340 843 4393 illum
889 4338 1206 4410 aggrediar,
1255 4337 1345 4408 qui
1388 4338 1465 4391 sic
1518 4336 1748 4406 loquitur
1775 4376 1791 4399 ,
1820 4344 1874 4391 et

272 4442 477 4504 quanta
512 4432 587 4486 rei
625 4431 752 4485 insit
791 4428 1067 4500 turpitudo
1095 4428 1420 4484 ostendam?
1459 4442 1634 4481 annon
1669 4428 1868 4481 irasce-

273 4523 408 4577 mini
434 4522 589 4577 ?lmo
616 4521 824 4576 etiamsi
864 4519 1167 4575 irascamini
1200 4560 1214 4584 ,
1248 4534 1354 4573 non
1383 4517 1606 4571 multum
1648 4515 1868 4571 curabo.

270 4613 409 4669 Nam
451 4627 544 4667 vos
586 4620 741 4665 tantm
772 4610 1088 4677 insipientim
1132 4624 1289 4664 causa
1330 4608 1459 4663 estis
1484 4651 1497 4670 ,
1528 4607 1616 4676 qui
1647 4622 1759 4663 rem
1802 4623 1872 4662 ne

271 4715 552 4774 peccaturo
590 4701 801 4772 quidem
848 4716 965 4755 csse
1008 4701 1241 4769 putatis,
1274 4714 1477 4770 nosque
1521 4698 1642 4755 ideo
1681 4698 1872 4770 cogitis

271 4798 328 4852 in
358 4794 658 4863 hujusmodi
692 4793 871 4847 luxum
904 4793 1104 4847 invehi.

350 4888 404 4943 5.
447 4886 631 4941 Contra
658 4886 833 4940 luxum
861 4885 913 4939 in
943 4883 1146 4939 calceis.
1172 4914 1239 4925 —
1266 4885 1377 4955 Age
1408 4885 1567 4956 igitur
1597 4884 1650 4939 id
1680 4883 1864 4955 explo-

267 4994 456 5035 remus
479 5021 493 5042 ,
523 4977 907 5048 videamusque
934 4985 1191 5048 quantum
1219 4977 1287 5031 sit
1311 4976 1531 5031 malum.
1562 4974 1698 5031 Cum
1727 4974 1867 5030 enim

270 5070 451 5127 serica
498 5067 582 5123 ﬁla
609 5109 625 5135 ,
657 5084 776 5139 quae
814 5084 883 5122 ne
923 5068 975 5121 in
1016 5068 1349 5122 vestimentis
1377 5066 1591 5136 quidem
1632 5065 1869 5121 inserere

273 5163 561 5216 honestum
585 5168 687 5225 est,
714 5162 766 5213 in
795 5158 989 5214 calceis
1015 5159 1284 5225 insemtis,
1309 5168 1503 5229 quanta
1523 5156 1866 5222 contumelia,

267 5264 477 5325 quanto
499 5254 609 5308 risu
632 5253 745 5308 haec
766 5252 923 5322 digna
943 5255 1107 5306 sunt?
1130 5251 1187 5308 Si
1209 5267 1335 5308 vero
1354 5252 1671 5308 sententiam
1694 5265 1869 5306 meam

268 5348 531 5419 despicis,
559 5346 679 5401 audi
708 5346 928 5401 Paulum
955 5361 1076 5399 cum
1102 5360 1290 5416 magna
1313 5345 1644 5401 vehementia
1667 5344 1719 5399 id
1745 5359 1869 5413 pro-

270 5440 549 5496 hibentem
576 5480 590 5503 ,
634 5448 683 5493 et
731 5447 856 5492 tunc
900 5438 1174 5492 ridiculam
1223 5453 1333 5492 rem
1380 5452 1502 5493 esse
1545 5435 1861 5501 comperies.

268 5533 413 5601 Quid
445 5548 573 5602 ergo
606 5532 680 5586 ait
716 5530 849 5586 ille?
886 5528 1005 5583 Non
1039 5530 1093 5583 in
1123 5530 1266 5583 tortis
1294 5530 1515 5584 crinibus
1534 5573 1547 5593 ,
1580 5539 1669 5582 aut
1699 5544 1823 5582 auro
1843 5571 1857 5591 ,

269 5634 367 5679 aut
393 5623 681 5693 margaritis
704 5664 718 5685 ,
750 5621 828 5675 vel
853 5628 982 5675 veste
1004 5620 1224 5690 pretiosa
1244 5619 1265 5691 (
1288 5621 1338 5675 1.
1375 5618 1508 5673 Tim.
1534 5620 1589 5673 Ξ.
1623 5620 1719 5692 9).
1751 5618 1865 5687 Qua

627 5737 907 5792 'PATROL.
942 5733 1060 5790 Gn.
1106 5731 1320 5790 LVIII.

1329 164 1395 225 ΙΝ
1434 166 1841 230 ΜΑΤΤΙΙιΕυΜ
1883 174 2109 231 ηοδιιι.
2156 176 2338 234 XLIX.
2383 181 2450 238 al.
2495 182 2555 237 L.

3518 196 3623 249 502

2035 292 2191 361 igitur
2222 292 2373 347 venia
2400 293 2588 364 dignus
2627 294 2792 351 fueris
2816 338 2831 362 ,
2872 298 3084 369 quando
3112 300 3305 359 Paulus
3332 308 3483 361 uxori
3517 319 3620 362 tua:

2031 400 2135 438 non
2176 385 2432 454 permittit
2461 395 2608 443 veste
2637 386 2867 457 pretiosa
2896 390 3011 456 uti,
3050 392 3095 447 si
3127 401 3179 448 tu
3218 394 3398 451 luxum
3426 395 3615 467 hujus~

2028 479 2171 533 modi
2220 480 2272 534 in
2320 479 2529 537 calceos
2573 480 2833 551 inducas,
2881 483 3133 555 milleque
3175 488 3348 543 modis
3388 504 3615 560 appares

2027 585 2138 624 rem
2183 570 2255 625 ita
2293 570 2733 627 contumeliosam
2764 582 2820 629 et
2848 573 3173 632 ridiculam?
3210 577 3343 634 Nam
3373 579 3516 635 illam
3545 583 3612 639 ob

2024 678 2238 717 causam
2270 666 2419 719 navis
2445 666 2790 731 construitur,
2821 668 3048 737 remiges
3074 670 3461 739 conducuntur,
3490 690 3614 743 pro-

2022 771 2095 809 rze
2116 757 2304 810 ductor
2330 764 2384 811 et
2408 757 2730 827 gubernator
2753 758 3118 826 instituuntur,
3150 763 3327 818 velum
3354 766 3611 834 expandi-

2022 856 2125 912 tur,
2152 847 2363 917 pelagus
2391 848 2666 918 trajicitur,
2693 850 2891 905 relictis
2914 866 3100 919 uxore,
3126 853 3308 909 liberis
3328 864 3382 910 et
3400 858 3571 927 patria
3588 899 3602 923 ,

2019 950 2285 993 mercator
2325 940 2483 993 vitam
2528 940 2775 995 ﬂuctibus
2807 944 3087 997 committit
3114 986 3128 1009 ,
3161 946 3321 1016 inque
3355 946 3608 1002 barbam-

2018 1047 2133 1086 rum
2167 1032 2434 1102 regionem
2467 1033 2816 1101 proﬁciscitur
2837 1074 2852 1099 ,
2880 1033 3027 1089 mille
3056 1034 3305 1104 periculis
3333 1039 3607 1108 expositus

2014 1123 2081 1178 ad
2129 1123 2242 1177 haec
2290 1123 2370 1176 lila
2410 1123 2764 1193 comparanda
2790 1164 2806 1189 ,
2837 1131 2898 1179 ut
2933 1136 3053 1193 post
3092 1127 3206 1182 haec
3230 1130 3409 1184 omnia
3457 1139 3508 1184 tu
3550 1132 3603 1186 in

2012 1214 2207 1269 calceis
2234 1214 2322 1268 illa
2348 1228 2531 1268 assuas
2551 1222 2607 1270 et
2628 1215 2831 1268 corium
2854 1230 3033 1272 ornes.
3065 1216 3266 1288 Ecquid
3291 1228 3435 1275 tanta
3462 1220 3603 1275 insa-

2012 1304 2097 1357 nia
2126 1303 2403 1358 deterius?
2430 1305 2495 1358 At
2529 1313 2770 1360 veterum
2799 1306 2961 1362 calcei
3003 1324 3105 1361 non
3144 1308 3277 1363 tales
3304 1319 3475 1376 erant,
3505 1311 3602 1365 sed

2009 1395 2194 1465 quales
2232 1395 2458 1451 decebat
2491 1397 2653 1450 viros.
2685 1396 3043 1463 Quamobrem
3071 1414 3277 1463 vereor,
3312 1415 3378 1454 ne
3407 1415 3599 1470 proce-

2007 1485 2168 1540 dente
2200 1495 2468 1555 tempore,
2496 1486 2862 1542 adolescentes
2890 1488 3027 1557 apud
3059 1502 3151 1543 vos
3182 1490 3463 1545 mulierum
3490 1492 3602 1546 cal-

2006 1579 2116 1633 ceis
2142 1589 2380 1645 utantur,
2405 1578 2563 1648 idque
2584 1579 2699 1633 sine
2725 1580 2945 1649 pudore.
2968 1580 3231 1652 Quodque
3253 1584 3468 1653 gravius
3492 1594 3595 1651 est,

2007 1670 2121 1725 haac
2150 1671 2391 1726 videntes
2421 1681 2598 1740 patres
2628 1687 2731 1726 non
2763 1673 3125 1742 indignantur,
3158 1675 3253 1730 sed
3284 1691 3396 1731 rem
3422 1686 3479 1731 ut
3510 1677 3594 1732 in-

2002 1760 2335 1816 differentem
2381 1762 2594 1818 habent.
2642 1764 2885 1819 Vultisne
2915 1775 2974 1819 ut
3004 1766 3128 1835 quid
3174 1768 3333 1822 etiam
3379 1769 3595 1839 gravius

2001 1853 2254 1909 aﬁ‘eram?
2279 1853 2401 1909 Haec
2426 1854 2498 1908 ita
2523 1854 2655 1908 ﬁunt
2673 1854 2801 1910 dum
2826 1856 2973 1909 multi
2995 1867 3233 1926 egestate
3254 1870 3586 1927 premuntur.

2002 1944 2172 1999 Vultis
2202 1945 2254 1999 in
2282 1945 2515 2000 medium
2542 1946 2799 2001 adducam
2822 1944 3092 2001 Christum
3120 1951 3465 2015 esurientem,
3493 1968 3593 2004 nu-

1999 2036 2147 2100 dum,
2180 2036 2411 2106 undique
2438 2047 2651 2106 captum
2672 2079 2685 2096 .
2722 2038 2999 2092 vinctum-'9
3029 2037 3096 2092 Et
3123 2049 3252 2109 quot
3282 2041 3591 2096 fulminibus

1999 2127 2142 2195 digni
2168 2140 2273 2181 non
2300 2127 2470 2192 eritis,
2493 2126 2617 2180 dum
2642 2125 2790 2181 illum
2814 2127 3077 2197 negligitis
3103 2131 3409 2185 necessario
3430 2146 3592 2202 egen-

1999 2231 2104 2275 tem
2134 2219 2256 2274 cibo
2280 2260 2295 2286 ,
2324 2230 2379 2274 et
2415 2219 2585 2289 pelles
2613 2234 2731 2274 cum
2764 2228 2912 2275 tanto
2940 2220 3115 2275 studio
3142 2223 3456 2277 exornatis?
3496 2224 3592 2280 ille

1994 2311 2210 2380 quidem
2240 2325 2361 2365 cum
2390 2310 2664 2379 discipulis
2708 2310 2876 2380 legem
2908 2311 3095 2377 daret,
3128 2327 3197 2367 ne
3227 2313 3588 2369 caloeamenta

1994 2401 2207 2471 quidem
2249 2402 2450 2456 habere
2478 2402 2721 2470 permisit
2765 2420 2776 2454 :
2821 2417 2918 2455 nos
2944 2418 3071 2456 vero
3096 2418 3201 2458 non
3244 2397 3405 2459 modo
3430 2406 3589 2459 nudis

1993 2495 2219 2565 pedibus
2243 2493 2492 2548 incedere
2514 2508 2618 2547 non
2640 2494 2987 2554 sustinemus.
3016 2495 3109 2551 sed
3138 2510 3312 2564 neque
3334 2496 3587 2551 calceatis

1994 2586 2085 2640 iilo
2109 2600 2216 2655 quo
2238 2595 2510 2654 oporteret
2539 2583 2718 2639 modo.
2741 2584 2879 2652 Quid
2907 2583 3007 2639 hac
3031 2584 3361 2640 absurditate
3391 2586 3541 2656 pejus
3562 2589 3586 2640 ’ὲ

1991 2679 2115 2749 quid
2164 2679 2332 2749 magis
2376 2677 2698 2732 ridiculum?
2743 2676 2874 2732 Illud
2914 2688 3062 2732 certe
3099 2678 3263 2732 animi
3291 2678 3583 2734 etfeminati

1989 2780 2090 2833 est,
2126 2770 2423 2835 inhumani,
2454 2768 2614 2823 nimis
2641 2768 2873 2833 curiosi,
2902 2770 3200 2825 vanissimi.
3231 2770 3586 2837 Quandonam

1990 2863 2183 2933 poterit
2214 2862 2528 2916 necessariae
2556 2862 2631 2916 rei
2657 2861 2964 2917 incumbere
2982 2902 2999 2927 ,
3031 2862 3121 2930 qui
3150 2862 3231 2915 his
3256 2858 3580 2931 supervaca-

1988 2954 2107 3010 neis
2144 2954 2353 3009 deditus
2389 2953 2514 3007 est?
2560 2952 2774 3022 quando
2811 2953 3026 3020 juvenis
3055 2953 3358 3023 huiusmodi
3389 2954 3582 3009 anitum

1987 3059 2171 3100 curam
2195 3042 2430 3111 habebit,
2450 3043 2531 3098 vel
2554 3044 2807 3114 cogitabit
2827 3046 2985 3100 etiam
3009 3059 3069 3101 se
3088 3045 3321 3099 animam
3347 3044 3580 3101 habere?

1985 3137 2118 3193 Nam
2145 3139 2465 3195 vanissimus
2488 3140 2710 3194 omnino
2737 3139 2842 3195 erit
2865 3139 2953 3208 qui
2982 3139 3097 3193 haec
3124 3139 3305 3191 mirari
3336 3138 3578 3208 compel-

1987 3232 2162 3298 letur,
2195 3239 2252 3287 et
2294 3226 2710 3287 immanissimus
2734 3274 2749 3297 ,
2781 3232 2870 3302 qui
2918 3232 3002 3286 his
3045 3233 3278 3288 intentus
3319 3247 3581 3303 pauperes

1985 3323 2251 3395 negligct;
2280 3323 2475 3378 virtute
2499 3337 2716 3383 vacuus.
2749 3324 2839 3393 qui
2868 3332 3032 3379 tutam
3059 3324 3221 3380 vitam
3249 3324 3301 3379 in
3332 3324 3436 3380 hoc
3459 3333 3579 3379 stn-

1982 3417 2074 3473 dio
2100 3415 2378 3487 impendit.
2410 3414 2543 3469 Nam
2567 3415 2658 3485 qui
2686 3415 2895 3470 illorum
2926 3416 3308 3485 praestantiam,
3330 3416 3576 3472 colorum

1982 3508 2169 3564 ﬂorem
2194 3548 2211 3573 ,
2257 3506 2577 3577 hedermque
2614 3506 2848 3575 speciem
2890 3521 2920 3561 a
2962 3506 3052 3561 tali
3083 3516 3295 3564 textura
3323 3507 3576 3563 emissam

1981 3602 2196 3655 curiose
2222 3598 2499 3669 perquirit,
2527 3596 2867 3668 quandonam
2898 3598 3097 3667 poterit
3124 3599 3313 3652 caelum
3340 3599 3578 3669 respice-

1982 3693 2079 3747 re?
2105 3692 2319 3761 quando
2344 3705 2631 3761 supernam
2659 3689 2799 3744 illam
2826 3688 3276 3761 pulchritudinem
3296 3689 3577 3746 mirabitur

1983 3788 2060 3850 is,
2111 3785 2201 3856 qui
2254 3799 2457 3854 pronus
2508 3784 2562 3836 in
2611 3791 2808 3838 terram
2858 3781 3075 3851 pellium
3128 3780 3612 3851 pulchritudinem-

1981 3877 2244 3933 miratur?
2271 3877 2412 3932 Deus
2435 3874 2652 3947 quidem
2683 3873 2923 3931 extendit
2951 3874 3164 3937 etclam,
3189 3873 3358 3928 solem
3383 3888 3575 3929 accen-

1980 3970 2091 4035 dit,
2123 3970 2410 4040 oculosque
2437 3978 2556 4024 tuos
2588 3982 2797 4023 sursum
2831 3966 3025 4032 trahit,
3068 3974 3125 4021 tu
3160 3980 3285 4020 vero
3315 3974 3368 4021 te
3398 3966 3572 4036 ipsum

1979 4063 2126 4133 cogis
2166 4075 2356 4117 versus
2394 4069 2592 4116 terram
2627 4073 2910 4129 porcorum
2950 4058 3118 4113 instar
3144 4059 3430 4127 respicere,
3460 4056 3577 4112 dia-

1980 4154 2208 4224 boloque
2258 4168 2459 4206 morem
2503 4150 2669 4221 geris.
2716 4149 2847 4204 Nam
2896 4150 3008 4218 ipse
3051 4149 3315 4220 malignus
3361 4148 3570 4203 daemon

1980 4242 2116 4298 hanc
2142 4242 2521 4312 turpitudinem
2546 4241 2896 4312 excogitavit,
2921 4250 2979 4294 ut
3017 4248 3069 4294 te
3104 4240 3173 4293 ab
3213 4240 3298 4294 illa
3336 4238 3574 4308 pulchri-

1980 4334 2161 4391 tudinc
2185 4342 2483 4401 averteret;
2525 4333 2645 4388 ideo
2675 4341 2727 4387 te
2762 4333 2898 4388 istuc
2925 4332 3177 4395 attraxit,
3207 4333 3574 4403 postponitur-

1976 4442 2080 4496 que
2101 4427 2259 4491 Deus,
2278 4426 2464 4480 caelum
2480 4425 2791 4491 ostendens,
2806 4423 3020 4478 diabolo
3036 4424 3202 4493 pelles
3218 4425 3569 4489 monstranti;

1979 4517 2089 4571 imo
2115 4532 2219 4571 non
2250 4516 2438 4585 pelles,
2471 4515 2553 4569 hae
2576 4516 2772 4586 quippe
2798 4523 2925 4570 sunt
2952 4514 3045 4569 Dei
3071 4529 3241 4585 opus;
3273 4514 3369 4571 sed
3397 4515 3574 4571 molli-

1978 4610 2103 4665 tiem
2124 4608 2406 4680 quamdam
2429 4616 2490 4663 et‘
2505 4609 2793 4678 pessimum
2815 4606 3121 4663 artiﬁcium.
3146 4607 3236 4663 Sic
3257 4607 3570 4663 adolescens

1976 4714 2175 4770 pronus
2201 4715 2385 4756 versus
2414 4708 2611 4754 terram
2638 4700 2920 4764 circumit,
2947 4700 3036 4769 qui
3063 4700 3293 4755 ctelestia
3326 4698 3569 4769 philoso-

1978 4792 2127 4862 phari
2155 4792 2335 4862 jussus
2363 4800 2446 4847 est
2467 4831 2481 4856 ,
2516 4791 2791 4861 magisque
2815 4791 2883 4846 de
2913 4791 2999 4845 his
3021 4792 3275 4862 gloriatur
3293 4832 3308 4855 ,
3336 4806 3495 4860 quam
3523 4791 3569 4843 si

1975 4883 2102 4952 quid
2140 4897 2389 4953 magnum
2420 4892 2673 4952 operatus
2704 4891 2886 4947 esset,
2916 4883 3100 4952 sicque
3129 4881 3360 4935 molliter
3388 4893 3443 4935 et
3471 4880 3567 4935 de-

1978 4977 2133 5032 licate
2158 4991 2255 5046 per
2280 4974 2449 5030 forum
2487 4974 2723 5039 incedit,
2750 4990 3040 5030 mmrorem
3080 4974 3179 5028 sibi
3214 4973 3567 5044 doloremque

1973 5070 2301 5133 concilians,
2342 5083 2411 5124 ne
2452 5068 2630 5123 hieme
2667 5069 2879 5123 calceos
2925 5068 3037 5122 luto
3074 5066 3465 5132 commaculet,
3496 5080 3566 5121 ne

1974 5172 2159 5220 testate
2180 5164 2398 5233 pulvere
2421 5162 2648 5231 operiat.
2674 5161 2809 5227 Quid
2836 5160 2991 5225 dicis,
3018 5175 3053 5214 ο
3077 5159 3278 5214 homo?
3304 5159 3566 5216 animam-

1974 5274 2043 5314 ne
2074 5268 2237 5313 totam
2279 5257 2331 5311 in
2371 5257 2540 5310 lutum
2570 5254 2846 5321 conjecisti
2880 5268 2975 5323 per
3004 5252 3309 5323 huiusmodi
3340 5253 3520 5309 luxum
3547 5297 3563 5319 ,

1973 5366 2100 5405 num
2145 5351 2286 5404 illam
2333 5348 2477 5402 humi
2519 5347 2820 5403 devolutam
2863 5348 3127 5419 negligis,
3172 5357 3226 5402 et
3264 5346 3332 5403 de
3369 5348 3568 5403 calceis

1975 5452 2081 5497 tam
2113 5443 2269 5497 anxie
2297 5441 2541 5512 cogitas?
2584 5440 2741 5497 Disce
2778 5456 2935 5496 usum
2969 5449 3153 5497 eorum
3179 5484 3194 5505 ,
3224 5449 3280 5497 et
3305 5442 3569 5497 erubesco

1975 5534 2116 5605 quod
2149 5534 2276 5587 tanti
2305 5533 2391 5587 illa
2422 5532 2603 5587 facias.
2646 5531 2778 5587 Nam
2796 5533 2972 5589 calcei
3014 5533 3136 5589 ideo
3172 5533 3372 5588 inventi
3400 5543 3521 5586 sunt
3549 5574 3564 5590 .

1979 5626 2037 5673 ut
2065 5617 2233 5672 lutum
2260 5626 2313 5671 et
2341 5631 2553 5672 cwuum
2579 5616 2783 5672 calcent
2811 5661 2825 5682 ,
2859 5633 2955 5674 nec
2987 5633 3091 5673 non
3117 5618 3352 5672 maculas
3375 5627 3559 5673 mortes

3233 5724 3273 5783 3
