3908 6198
366 217 476 273 503

363 343 483 399 qua:
530 325 582 381 in
630 322 933 395 pavimento
972 318 1234 373 visuntur.
1278 315 1337 371 Si
1376 324 1557 370 autem
1592 312 1645 367 id
1676 311 1816 367 ferre
1845 326 1953 366 non

366 428 521 489 potes
543 457 560 482 ,
590 415 740 471 solve
766 413 889 468 illos
917 421 971 468 et
997 426 1026 464 a
1054 411 1194 466 collo
1219 407 1485 478 suspende
1508 448 1525 475 ,
1551 406 1635 461 vel
1660 404 1817 475 capiti
1846 403 1955 461 cir-

366 522 652 578 cumpone.

435 600 489 655 6.
534 598 641 654 Vos
666 597 879 669 quidem
910 595 1093 652 ridetis
1126 593 1241 649 hzec
1269 592 1578 658 audientes;
1623 604 1724 660 ego
1748 604 1875 643 vero
1901 604 1955 643 ιιι

364 692 628 762 lacrymas
652 705 878 761 erumpo
906 690 1090 743 videns
1126 688 1338 741 illorum
1367 683 1626 739 insaniam
1648 725 1665 749 ,
1694 692 1749 737 et
1774 680 1956 750 hujus-

368 782 513 838 modi
540 798 745 838 curam.
771 782 901 837 Nam
930 781 1179 835 libentius
1206 779 1281 833 illi
1308 791 1501 847 corpus
1522 776 1636 829 luto
1655 788 1957 829 commacu-

367 878 539 934 larent
563 920 577 942 ,
606 893 764 947 quam
794 874 1095 946 hujusmodi
1125 874 1354 928 calceos.
1403 870 1537 925 Hinc
1569 869 1645 924 illi
1676 868 1959 923 levissimis

365 970 529 1025 dediti
575 968 744 1034 ﬁunt,
776 977 936 1038 atque
973 967 1072 1020 alia
1104 966 1311 1020 ratione
1340 963 1581 1033 pecunia:
1620 960 1781 1015 avidi.
1827 959 1957 1013 Nam

365 1062 459 1132 qui
490 1062 542 1116 in
572 1061 688 1116 haec
723 1062 910 1115 insano
935 1058 1111 1113 studio
1138 1057 1264 1112 ferri
1293 1056 1488 1110 assueti
1515 1063 1641 1109 sunt
1664 1095 1678 1116 ,
1713 1054 1764 1107 itt
1794 1052 1959 1107 vesti-

368 1154 470 1207 bus
496 1152 547 1206 in
574 1152 798 1221 aliisque
818 1150 1065 1205 omnibus
1086 1149 1249 1203 multa
1276 1147 1548 1202 insumant
1572 1156 1627 1199 et
1654 1144 1962 1214 impendant

371 1253 601 1314 oportet.
647 1242 747 1310 Qui
792 1242 835 1296 si
880 1241 1219 1295 ambitiosum
1248 1246 1451 1308 patrem
1481 1236 1673 1291 habeat
1696 1277 1711 1299 ,
1738 1244 1962 1305 augetur

368 1336 485 1405 ejus
512 1336 740 1390 absurda
768 1335 1063 1405 cupiditas;
1096 1334 1140 1388 si
1167 1348 1409 1397 avarum,
1436 1332 1645 1401 cogitur
1668 1330 1767 1384 alia
1796 1329 1963 1399 turpi-

372 1435 455 1481 ter
499 1426 749 1497 aggredi,
783 1435 839 1481 ut
880 1442 1067 1480 aurmn
1107 1426 1175 1480 ad
1222 1425 1361 1479 hunc
1398 1433 1663 1493 sumptum
1694 1425 1959 1479 corradat.

369 1518 503 1573 Hinc
533 1520 683 1573 multi
710 1519 953 1587 juvenes,
986 1527 1040 1573 et
1067 1518 1288 1572 fortnam
1319 1532 1469 1571 suam
1497 1516 1880 1580 vendiderunt,
1908 1527 1964 1572 et

369 1610 586 1678 parasiti
614 1610 836 1664 divitum
878 1609 1050 1664 effecti
1084 1618 1242 1673 sunt,
1274 1610 1481 1679 aliaque
1512 1610 1724 1663 servilia
1751 1610 1963 1663 subiere

370 1702 706 1767 ministeria,
752 1712 809 1756 ut
852 1702 938 1757 his
985 1702 1288 1757 facultatem
1338 1702 1615 1770 explendze
1659 1701 1963 1770 cupiditatis

370 1803 633 1849 emerent.
673 1794 825 1861 Quod
856 1795 1018 1864 igitur
1048 1794 1136 1849 hic
1174 1795 1412 1864 pecunia:
1439 1811 1623 1850 amans
1663 1795 1868 1851 futurus
1894 1797 1965 1851 sit

371 1896 427 1940 et
471 1886 772 1942 levissimus
812 1897 972 1957 atque
1014 1887 1081 1941 ad
1130 1888 1429 1942 necessaria
1478 1888 1698 1942 omnino
1740 1904 1961 1955 socors;

375 1978 605 2049 hincque
639 1979 869 2034 futurum
906 1981 977 2035 sit
1013 1989 1072 2035 ut
1108 1980 1225 2035 alia'
1252 1981 1531 2037 admittere
1563 1992 1773 2050 peccata
1809 1998 1967 2054 coga-

375 2078 482 2135 tur,
512 2086 577 2124 ex
608 2070 766 2126 dictis
794 2070 1133 2129 manifestum
1160 2083 1244 2128 est
1275 2091 1288 2127 :
1317 2074 1457 2142 quod
1488 2074 1613 2129 item
1646 2075 1966 2132 inhumanus

376 2162 447 2215 sit
472 2163 678 2218 futurus
704 2173 758 2219 et
781 2180 930 2219 vanze
951 2165 1134 2235 gloriae
1159 2166 1411 2235 cupidus,
1441 2182 1599 2221 nemo
1626 2168 1832 2223 inficias
1857 2179 1963 2225 eat.

376 2254 702 2311 lnhnmanus
744 2273 903 2323 cum,
944 2258 1059 2312 viso
1099 2273 1365 2328 paupere,
1406 2274 1588 2314 amore
1626 2269 1845 2315 ornatus
1883 2262 1966 2317 sui

376 2346 582 2412 ductus,
610 2363 676 2403 ne
702 2348 970 2418 respicere
994 2349 1208 2418 quidem
1235 2350 1559 2420 dignabitur,
1590 2351 1685 2406 sed
1708 2352 1833 2407 dum
1859 2353 1968 2407 cal-

378 2454 506 2495 ceos
532 2456 664 2496 auro
691 2451 915 2497 exornat
939 2484 954 2507 ,
997 2441 1143 2498 illum
1174 2441 1315 2498 fame
1345 2455 1658 2514 pereuntem
1686 2445 1965 2518 despiciet.

380 2530 542 2585 Vana:
590 2532 775 2602 gloriae
818 2533 1079 2603 cupidus,
1129 2533 1255 2588 dum
1301 2534 1352 2588 in
1397 2534 1632 2590 minimis
1675 2536 1970 2593 videntium

377 2625 823 2709 existimationem
854 2628 1033 2683 venari
1075 2627 1264 2683 doctus
1297 2627 1745 2700 deprehendetur.
1788 2631 1970 2703 Neque

378 2717 519 2770 enim
554 2729 678 2786 puto
706 2717 898 2773 ducem
928 2718 999 2773 de
1035 2720 1357 2775 exercitibus
1397 2730 1453 2777 et
1496 2724 1711 2792 tr0paeis
1748 2726 1859 2779 suis
1895 2725 1969 2780 ita

377 2806 634 2876 gloriari,
674 2818 729 2863 ut
764 2810 1014 2879 juvenem
1058 2811 1206 2866 illum
1258 2812 1521 2882 perditum
1559 2814 1629 2869 de
1666 2817 1968 2872 calceorum

379 2908 597 2965 ornatu,
626 2900 695 2955 de
722 2902 1051 2960 vestimentis
1076 2904 1453 2971 deﬂuentibus,
1475 2907 1544 2960 de
1568 2921 1720 2961 coma
1745 2909 1969 2978 capitis:

380 3006 700 3062 quamquam
739 2993 853 3048 hrec
879 2995 1057 3050 omnia
1094 2996 1355 3053 artiﬁcum
1383 3000 1607 3054 aliorum
1636 3014 1798 3070 opera
1824 3013 1968 3059 sunt.

381 3080 532 3146 Quod
559 3084 602 3137 si
626 3083 692 3138 de
718 3084 905 3140 alienis
927 3102 1031 3140 non
1060 3086 1311 3143 desinunt
1336 3105 1472 3146 vane
1493 3091 1733 3162 gloriari,
1756 3097 1972 3165 quando

382 3174 449 3228 dc
477 3176 590 3230 suis
615 3175 905 3231 desinent?
931 3179 1047 3233 Alia
1078 3194 1290 3251 quoque
1316 3182 1550 3239 dicerem
1578 3183 1661 3239 his
1683 3188 1928 3256 graviora
1956 3207 1970 3243 :

382 3274 436 3320 at
462 3266 577 3320 hare
607 3267 755 3322 vobis
782 3268 912 3325 satis
945 3279 1087 3325 sunt.
1120 3271 1216 3327 llic
1245 3287 1373 3343 ergo
1397 3274 1556 3330 ﬁnem
1580 3277 1766 3332 orandi
1792 3277 1973 3335 facere

382 3366 636 3426 oportet:
668 3358 783 3414 hzec
819 3359 1017 3431 quippe
1059 3360 1170 3417 dixi
1208 3374 1393 3419 contra
1438 3367 1837 3437 contentiosos,
1879 3375 1971 3442 qui

384 3465 495 3503 rem
536 3450 667 3505 nihil
710 3451 926 3507 absurdi
974 3453 1169 3510 habere
1206 3454 1473 3513 dicebant.
1514 3459 1581 3515 Et
1614 3460 1729 3517 scio
1755 3462 1970 3532 quidem

383 3545 579 3599 multos
608 3559 675 3600 ex
712 3544 1003 3615 juvenibus
1028 3562 1095 3602 ne
1123 3546 1280 3603 dictis
1306 3550 1520 3621 quidem
1548 3553 1828 3611 attendere
1850 3596 1866 3622 ,
1900 3556 1971 3613 ita

381 3645 506 3691 sunt
543 3637 677 3692 ebrii
702 3679 717 3704 ,
748 3647 804 3693 et
843 3637 968 3693 huic
1006 3639 1195 3695 morbo
1222 3640 1457 3709 addicti;
1488 3659 1660 3715 neque
1686 3654 1863 3703 tamen
1892 3648 1966 3703 si-

382 3728 597 3783 lendum
634 3738 767 3784 erat.
805 3728 935 3784 Nam
972 3741 1149 3800 patres
1177 3743 1354 3789 mente
1378 3736 1495 3790 sani
1522 3776 1537 3801 ,
1584 3736 1730 3807 ipsos
1757 3738 1824 3793 ad
1853 3754 1971 3795 mo-

381 3821 604 3876 destiam
656 3823 909 3880 inducere
952 3834 1224 3893 poterunt.
1286 3827 1363 3882 Ne
1406 3828 1552 3883 dicas
1592 3829 1787 3899 igitur,
1830 3830 1971 3885 Nihil

384 3914 525 3979 hinc,
560 3914 689 3968 nihil
717 3914 839 3970 inde
863 3914 944 3987 (α)
968 3933 981 3969 :
1008 3916 1109 3972 hoc
1133 3918 1327 3989 quippe
1346 3959 1361 3986 ,
1392 3919 1494 3975 hoc
1518 3922 1694 3975 omnia
1723 3937 1967 3992 pessum-

444 4046 516 4108 (n)
555 4047 739 4120 l)ictu_n_t
761 4048 823 4096 ab
852 4046 1247 4120 adolescentibus
1283 4050 1405 4120 illis,
1429 4067 1553 4120 quos
1591 4055 1971 4120 carpitChryso-

380 4114 582 4167 atomus,
610 4111 693 4171 qui
711 4108 880 4159 luxum
904 4124 1133 4173 magnum
1160 4114 1207 4161 in
1225 4108 1405 4163 calceis
1428 4108 1543 4178 ipsis
1567 4108 1885 4169 exhibebant:

1083 207 1140 261 S.
1168 203 1447 263 JOANNIS
1482 197 1956 259 CHRYSOSTOMI
1998 199 2319 256 ARCHIEP.
2361 197 2892 255 CONSTAN'I‘INOP.

3537 200 3636 257 505

2059 310 2225 366 dedit.
2257 311 2549 383 Oportebat
2576 313 2720 367 enim
2748 312 2868 367 illos
2898 309 3211 373 instituere.
3236 320 3288 368 et
3317 311 3369 368 in
3395 313 3463 368 iis
3482 352 3497 379 ,
3526 329 3639 384 qua

2060 402 2281 456 minima
2306 401 2623 457 videbantur
2647 415 2769 457 esse
2792 443 2809 469 ,
2842 401 3097 457 honestos
3132 402 3363 457 reddere
3384 444 3401 470 ,
3434 417 3640 473 magna—

2060 492 2237 547 nimos
2260 535 2276 559 ,
2308 502 2743 548 ornamentorum
2772 501 3205 563 contemptores;
3250 494 3328 549 sic
3356 494 3499 549 enim
3531 493 3642 549 illos

2061 586 2114 639 in
2157 585 2363 655 magnis
2399 590 2556 640 etiam
2590 587 2879 655 prmelaros
2920 600 3306 639 inveniremus.
3336 584 3475 654 Quid
3506 587 3643 640 enim

2061 677 2449 731 elementorum
2477 676 2751 744 disciplina
2779 676 2979 730 vilius?
3008 678 3254 731 Attamen
3285 691 3352 731 ex
3379 691 3442 730 ea
3473 674 3647 731 rheto-

2061 783 2169 834 res,
2191 767 2467 837 SOphisttr,
2490 778 2543 823 et
2568 767 2865 838 philosophi
2888 768 3138 823 evadunt.
3163 768 3219 823 Si
3244 767 3358 823 htec
3381 767 3642 838 ignorent,

2062 856 2149 911 illa
2177 872 2465 928 numquam
2496 858 2686 912 scient.
2719 857 2844 912 litae
2869 867 3046 912 autem
3076 858 3308 912 diximus
3337 873 3443 913 non
3471 858 3647 927 pueris

2064 958 2266 1003 tantum
2288 990 2304 1015 ,
2336 948 2430 1004 sed
2456 950 2618 1004 etiam
2644 949 2953 1005 mulieribus
2979 957 3033 1004 et
3062 949 3276 1019 puellis.
3320 947 3428 1003 lllaa
3454 949 3648 1018 quippe

2062 1050 2187 1095 sunt
2234 1040 2420 1096 iisdem
2469 1041 2714 1096 obnoxia:
2757 1042 3028 1112 peccatis;
3090 1044 3198 1096 imo
3245 1050 3392 1096 tanto
3440 1041 3646 1111 magis,

2062 1143 2263 1202 quanto
2290 1133 2671 1189 modestiorem
2699 1134 2851 1189 decet
2881 1149 2999 1188 esse
3026 1134 3305 1204 virginem.
3336 1134 3467 1199 Quae
3494 1131 3650 1203 igitur

2064 1228 2170 1283 illis
2204 1230 2343 1283 dicta
2377 1239 2529 1295 sunt,
2562 1231 2710 1285 vobis
2740 1232 2899 1284 etiam
2935 1229 3072 1285 dicta
3112 1240 3325 1300 putate,
3361 1244 3429 1283 ne
3460 1227 3646 1283 eadem

2064 1331 2388 1391 repetamus.
2434 1322 2566 1377 Nam
2610 1334 2819 1390 tempus
2853 1333 2937 1377 est
2976 1332 3033 1378 ut
3067 1337 3369 1379 sermonem
3405 1321 3651 1400 precibus

2070 1407 2525 1465 claudamusNos
2538 1426 2666 1475 ergo
2682 1409 2965 1462 nobiseum
2987 1410 3146 1461 simul
3162 1418 3331 1471 orate,
3351 1417 3407 1458 ut
3422 1408 3650 1472 juvenes

2070 1503 2164 1571 qui
2188 1502 2253 1555 ad
2281 1500 2585 1556 Ecclesiam
2612 1501 2906 1570 pertinent,
2945 1499 3191 1553 modeste
3213 1498 3392 1551 vivere
3412 1496 3652 1552 maxime

2074 1594 2307 1663 possint,
2346 1602 2401 1648 et
2431 1593 2498 1648 ad
2544 1602 2880 1649 senectutem
2926 1589 3313 1646 condecentem
3347 1589 3652 1660 pervenire.

2066 1684 2197 1739 Nam
2224 1685 2302 1739 eis
2326 1686 2412 1756 qui
2458 1702 2565 1741 non
2598 1696 2955 1757 temperanter
2978 1687 3161 1741 vivunt
3185 1729 3199 1752 ,
3229 1701 3332 1740 non
3361 1686 3654 1756 Optandum

2067 1787 2120 1831 ut
2161 1786 2492 1832 senectutem
2523 1789 2875 1849 asscquantur
2895 1822 2909 1846 ,
2952 1780 3071 1833 illos
3104 1793 3233 1833 vero
3261 1778 3351 1849 qui
3384 1778 3437 1831 in
3462 1778 3656 1847 juven-

2069 1876 2181 1923 tute
2206 1883 2363 1923 senes
2390 1870 2662 1924 imitantur
2685 1914 2700 1937 ,
2733 1886 2923 1941 precor
2947 1881 3239 1926 extremam
3270 1870 3535 1939 attingere
3564 1882 3654 1921 ca-

2069 1961 2273 2029 nitiem,
2294 1971 2349 2017 et
2369 1964 2657 2031 praeclaros
2678 1963 2814 2017 ﬁlios
2834 1963 3070 2033 gignere,
3093 1963 3182 2033 qui
3206 1962 3441 2031 patribus
3461 1960 3657 2031 gaudio

2068 2057 2217 2121 sint,
2264 2058 2319 2111 in
2358 2058 2650 2127 primisque
2692 2058 2803 2112 Deo
2841 2056 3077 2111 omnium
3118 2056 3423 2123 conditori,
3467 2070 3658 2125 precor

2071 2149 2197 2203 item
2238 2160 2298 2203 ut
2338 2149 2583 2203 morbum
2625 2150 2786 2202 animi
2832 2163 3049 2203 omnem
3089 2148 3304 2219 abigat,
3348 2162 3453 2201 non
3496 2146 3658 2201 modo

2070 2257 2193 2296 cum
2224 2240 2313 2311 qui
2344 2241 2396 2295 in
2423 2240 2619 2296 calceis
2641 2249 2696 2296 et
2724 2241 3051 2295 vesﬁmentis
3080 2240 3497 2309 deprehenditur
3520 2283 3533 2301 ,
3565 2239 3658 2295 sed

2071 2342 2127 2387 et
2167 2334 2328 2387 alium
2376 2349 2784 2404 quemcumque.
2834 2332 2968 2387 Nam
3010 2333 3368 2387 adolescentia
3418 2331 3659 2403 neglecta

2071 2425 2260 2481 similis
2287 2433 2370 2480 est
2397 2425 2609 2480 inculta:
2640 2432 2816 2491 terrae,
2844 2440 2963 2495 qua:
2994 2423 3190 2478 multas
3220 2424 3451 2494 undique
3475 2424 3661 2494 spinas

2070 2520 2255 2589 gignit.
2308 2518 2661 2574 lmmittamus
2697 2534 2822 2589 ergo
2862 2518 3031 2574 sancti
3072 2518 3301 2589 Spiritus
3344 2520 3522 2590 ignem
3551 2561 3567 2585 ,
3610 2529 3661 2577 et

2073 2611 2242 2666 malas
2286 2611 2446 2667 hasce
2484 2611 2799 2682 cupiditates
2830 2625 3077 2676 uramus;
3118 2610 3312 2665 inculta
3340 2626 3465 2666 arva
3494 2627 3665 2667 exeo-

2074 2706 2266 2772 lamus,
2286 2716 2344 2759 ut
2361 2720 2546 2761 semen
2568 2705 2775 2776 possint
2793 2704 3094 2774 suscipere;
3117 2714 3172 2761 et
3184 2705 3428 2775 juniores
3448 2716 3665 2761 nostros

2073 2797 2263 2852 alienis
2288 2797 2506 2853 senibus
2544 2796 2894 2867 sapientiores
2924 2794 3290 2852 exhibeamus.
3336 2795 3468 2851 Nam
3498 2797 3666 2851 mira-

2074 2888 2183 2944 bile
2215 2888 2371 2959 plane
2401 2888 2525 2943 illud
2555 2896 2672 2956 est,
2704 2904 2825 2943 cum
2855 2887 2906 2942 in
2938 2887 3217 2957 juventnte
3243 2887 3493 2957 splendet
3527 2896 3665 2943 temo

2077 2983 2317 3054 perantia
2336 3024 2353 3050 ,
2379 2998 2500 3037 cum
2529 2992 2715 3037 contra
2747 2982 2792 3037 is
2812 3023 2828 3048 ,
2855 2982 2942 3051 qui
2975 2983 3027 3037 in
3058 2990 3333 3037 senectute
3358 2990 3666 3051 temperans

2075 3084 2159 3131 est
2181 3118 2196 3143 ,
2239 3092 2343 3132 non
2385 3076 2458 3130 ita
2497 3090 2742 3147 magnam
2772 3075 2969 3130 referat
2998 3073 3337 3140 mercedem,
3371 3074 3462 3144 qui
3492 3074 3667 3128 aetatis

2076 3166 2369 3222 subsidium
2392 3166 2603 3221 habeat.
2633 3165 2766 3221 lllud
2792 3175 2968 3221 autem
2995 3165 3186 3219 mirum
3208 3173 3310 3230 est,
3340 3164 3394 3219 in
3414 3163 3668 3220 fluctibus

2077 3260 2457 3332 tranquillitate
2480 3258 2582 3313 frui
2607 3300 2624 3325 ,
2646 3268 2714 3313 'et
2744 3258 2799 3313 in
2824 3257 3041 3312 fornace
3066 3271 3171 3312 non
3198 3256 3439 3312 comburi
3463 3298 3477 3322 ,
3504 3266 3668 3327 atque

2078 3354 2129 3408 in
2150 3336 2429 3423 juveniute
2451 3367 2559 3407 non
2588 3350 2851 3406 lascivire.
2876 3350 3001 3406 Haec
3026 3348 3201 3420 itaque
3226 3350 3402 3403 animo
3424 3347 3669 3404 recolcn~

2080 3455 2196 3511 tes,
2238 3445 2508 3500 imitemur
2546 3444 2756 3500 beatum
2804 3444 2951 3498 illum
2990 3441 3277 3511 Iosephum
3305 3482 3321 3507 ,
3359 3441 3448 3512 qui
3489 3440 3545 3495 in
3586 3439 3669 3494 his

2077 3538 2325 3594 omnibus
2352 3538 2670 3608 coriSpicuus
2694 3535 2813 3602 fuit,
2844 3545 2901 3590 ut
2928 3534 3143 3590 easdem
3170 3548 3303 3605 quas
3327 3532 3414 3587 ille
3438 3545 3666 3587 coronas

2078 3646 2423 3703 assequamur
2452 3648 2466 3686 :
2497 3630 2689 3701 quibus
2717 3632 2915 3684 utinam
2946 3643 3133 3683 omnes
3166 3627 3465 3696 potiamur,
3495 3624 3668 3694 gratia

2077 3733 2133 3780 et
2174 3725 2500 3795 benignitate
2546 3723 2752 3777 Domini
2797 3722 2962 3777 nostri
3002 3720 3127 3776 Jesu
3166 3718 3406 3783 Christi,
3449 3717 3668 3789 quicum

2079 3818 2223 3873 Patri
2246 3817 2412 3888 gloria
2440 3824 2498 3872 et
2521 3816 2679 3871 simul
2706 3814 2925 3885 Spiritui
2951 3824 3156 3881 sancto,
3183 3827 3325 3870 nunc
3350 3820 3406 3869 et
3429 3826 3666 3882 semper,

2078 3921 2129 3965 et
2166 3911 2218 3964 in
2248 3910 2440 3965 saecula
2471 3909 2805 3964 smculorum.
2836 3909 3022 3963 Amen.

382 4252 3655 4281 W

1613 4391 1956 4455 HOMILIA
2006 4392 2078 4455 L.
2111 4392 2197 4456 al.
2227 4391 2331 4453 LI.

383 4553 509 4608 CAP.
552 4555 639 4608 Η.
689 4570 740 4608 v.
782 4556 872 4611 25.
908 4554 978 4610 Et
1017 4557 1226 4613 dimissa
1267 4558 1431 4625 turba,
1464 4560 1689 4614 ascendit
1726 4562 1779 4615 in
1828 4578 1972 4617 mon-

454 4656 550 4699 tem
580 4647 717 4701 solus
744 4663 908 4701 orare.
945 4647 1161 4720 Vespere
1188 4660 1357 4705 autem
1387 4654 1542 4722 facta,
1574 4636 1719 4707 solus
1745 4664 1852 4707 erat
1879 4653 1969 4709 ibi.

450 4736 542 4791 24.
578 4735 833 4809 Nauicufa
861 4749 1028 4794 autem
1067 4741 1181 4810 jam
1221 4742 1274 4795 in
1320 4743 1483 4797 medio
1512 4744 1643 4797 mari
1681 4744 1972 4814 jnctabatur

450 4829 689 4899 [luctibus
720 4846 739 4884 :
767 4841 875 4884 erat
906 4832 1037 4887 enim
1058 4834 1341 4887 contrarius
1370 4844 1562 4888 ventus.

453 4925 504 4977 1.
538 4922 777 4978 Solitudo
804 4924 1184 4995 tranquillitatis
1224 4937 1400 4981 mater.
1430 4928 1630 4983 —Cur
1656 4929 1705 4982 in
1735 4938 1972 4985 montem

381 5017 655 5072 ascendit?
701 5016 766 5073 Ut
795 5032 891 5073 uos
917 5017 1128 5085 doceat,
1163 5019 1502 5075 commodum
1530 5034 1651 5075 esse
1675 5021 1969 5088 desertum,

382 5108 716 5163 commodam
746 5108 1110 5175 solitudinem,
1141 5123 1261 5164 cum
1289 5110 1400 5165 Deo
1425 5110 1829 5182 supplicandum
1868 5120 1970 5167 est.

382 5197 507 5254 Ideo
532 5215 674 5270 smpe
702 5200 914 5256 deserta
959 5202 1110 5270 petit,
1156 5200 1332 5271 ibique
1372 5210 1647 5271 pernoctat
1688 5217 1869 5272 orans,
1917 5215 1975 5260 ut

384 5304 482 5345 nos
508 5301 745 5354 moneat.
776 5301 832 5347 et
871 5300 1081 5362 tempus
1117 5300 1171 5347 et
1208 5291 1378 5347 locum
1421 5292 1487 5347 ad
1527 5294 1808 5363 tranquille
1848 5310 1973 5365 pre-

384 5383 609 5438 caudam
632 5396 987 5454 opportunum
1015 5400 1135 5441 esse
1162 5384 1531 5455 quaerendum.
1562 5385 1805 5442 Solitutlo
1829 5387 1973 5442 enim

385 5476 777 5545 tranquillitatis
817 5486 990 5533 mater
1019 5488 1121 5544 est,
1154 5478 1456 5547 quietisque
1491 5486 1694 5546 portus,
1723 5479 1791 5533 ab
1827 5479 1974 5532 omni

387 5581 483 5624 nos
513 5568 738 5621 tumultu
762 5568 1013 5626 liberans.
1046 5567 1139 5622 Ille
1160 5567 1380 5638 quidem
1424 5566 1507 5621 his
1539 5567 1607 5623 de
1645 5571 1820 5623 causis
1850 5568 1975 5624 illuc

388 5658 623 5715 ascendit
655 5678 666 5712 :
698 5659 940 5729 discipuli
986 5676 1112 5715 vero
1153 5675 1364 5715 rursum
1402 5660 1647 5717 fluctibus
1683 5663 1972 5732 agitantur,

2077 4568 2133 4616 et
2157 4566 2472 4627 tempestate
2510 4566 2569 4612 ut
2599 4566 2724 4613 ante
2761 4557 3049 4627 jactantur.
3097 4554 3202 4611 Sed
3248 4565 3374 4610 tunc
3418 4555 3571 4611 illum
3616 4554 3667 4607 in
3762 4550 3767 4553 ’

2075 4653 2316 4709 navicula
2351 4652 2607 4708 habentes
2634 4652 2749 4707 hzec
2779 4650 3144 4721 patiebantur;
3186 4664 3326 4703 nunc
3352 4661 3528 4705 autem
3570 4653 3669 4707 soli

2076 4756 2202 4799 sunt
2227 4744 2529 4799 ctseorsim
2558 4742 2735 4814 positi.
2785 4742 2993 4797 Etenim
3027 4740 3145 4795 illos
3185 4739 3439 4811 paulatim
3479 4752 3532 4797 et
3575 4758 3670 4813 per

2073 4839 2271 4910 gradus
2320 4837 2387 4892 ad
2426 4836 2627 4908 majora
2673 4834 2889 4898 inducit,
2920 4842 2979 4889 ut
3005 4834 3182 4889 omnia
3227 4832 3434 4889 fortiter
3471 4834 3665 4891 ferant.

2078 4931 2297 4993 Idcirco,
2327 4945 2448 4985 cum
2495 4926 2836 4999 periclitaturi
2868 4928 3097 4998 primum
3134 4936 3307 4994 erant,
3335 4925 3521 4982 aderat
3546 4928 3666 4997 qui-

2075 5023 2221 5089 dem,
2250 5021 2345 5077 sed
2366 5020 2685 5085 dormiebat,
2717 5029 2775 5073 ut
2794 5026 2990 5089 prtesto
3009 5029 3151 5073 esset
3168 5018 3233 5073 ad
3254 5019 3508 5074 auxilium
3532 5036 3668 5090 pra:-

2076 5112 2324 5169 standum
2362 5130 2373 5166 :
2406 5125 2548 5167 nunc
2576 5125 2702 5167 vero
2733 5118 2790 5164 ut
2832 5108 3021 5178 majori
3061 5108 3181 5163 illos
3223 5109 3476 5179 patientia
3507 5125 3667 5167 exer-

2073 5214 2215 5270 ceat,
2268 5219 2372 5259 non
2420 5203 2472 5258 id
2529 5203 2686 5269 facit,
2736 5202 2831 5257 sed
2875 5200 3061 5265 abest,
3120 5211 3173 5255 ct
3212 5201 3264 5255 in
3312 5200 3492 5257 medio
3530 5202 3666 5257 mari

2077 5295 2338 5363 permittit
2361 5302 2731 5364 tempestatem
2763 5293 3004 5359 excitari,
3036 5301 3092 5346 ut
3112 5291 3254 5346 nulla
3290 5291 3399 5349 fere
3428 5307 3553 5363 spes
3573 5308 3664 5348 sa-

2077 5386 2203 5443 lutis
2228 5395 2555 5457 superesset,
2588 5394 2643 5441 et
2668 5394 2774 5440 tota
2802 5394 2961 5439 nocte
2993 5384 3115 5439 sinit
3154 5398 3248 5439 eos
3280 5382 3529 5439 fluctibus
3554 5384 3666 5454 agi-

2079 5479 2199 5545 tari,
2235 5489 2295 5533 ut
2318 5493 2526 5544 eorum,
2557 5486 2705 5546 puto,
2737 5484 3062 5532 excaecatum
3101 5489 3194 5529 cor
3231 5475 3493 5530 incitaret.
3523 5474 3666 5529 Talis

2076 5570 2271 5640 quippe
2295 5584 2381 5626 res
2401 5577 2484 5625 est
2515 5570 2694 5637 timor,
2722 5583 2883 5639 quem
2910 5577 2964 5624 et
2990 5576 3276 5637 tempestas
3303 5573 3358 5622 et
3396 5580 3499 5621 nox
3533 5565 3664 5620 infe.

2078 5661 2283 5717 rebant.
2307 5661 2442 5716 Cum
2483 5660 2889 5733 compunctione
2924 5669 3100 5715 autem
3143 5658 3227 5713 illa
3272 5658 3353 5714 sui
3398 5653 3666 5713 desidctio
