3916 6298
251 290 359 348 505

249 405 464 478 πρῶτον
499 401 832 457 κινδυνεύειν
871 400 1120 472 ἔμελλον,
1167 402 1350 473 παρῆν
1385 402 1505 474 μὲν,
1559 402 1815 458 ἐκάθευδε
1848 402 1926 468 δὲ,

247 495 388 548 ὥστε
412 492 468 558 ἐξ
504 491 720 560 ἑτοίμου
755 488 938 542 δοῦναι
965 489 1064 559 τὴν
1093 490 1450 560 παραμυθίαν
1471 490 1656 554 αὐτοῖς
1678 508 1690 521 ·
1733 492 1850 545 νυνὶ
1872 491 1928 547 δέ

244 579 338 633 ἐπὶ
386 579 607 648 μείζονα
646 577 795 646 ἄγων
839 577 1036 640 αὐτοὺς
1063 577 1362 649 ὑπομονὴν,
1408 578 1529 632 οὐδὲ
1572 579 1729 634 τοῦτο
1760 580 1928 643 ποιεῖ,

243 667 360 722 ἀλλ’
400 667 608 729 ἄπεισι,
654 666 750 719 καὶ
779 667 835 719 ἐν
883 665 1028 738 μέσῃ
1082 663 1326 736 Θαλάσσῃ
1372 667 1648 736 συγχωρεῖ
1687 666 1782 722 τὸν
1818 683 1932 736 χει-

247 756 401 827 μῶνα
439 752 806 824 διεγερθῆναι,
846 752 923 815 ὡς
964 751 1102 823 μηδὲ
1137 753 1506 825 προσδοκῆσαί
1545 753 1710 809 ποθεν
1741 753 1930 809 ἐλπίδα

249 843 546 916 σωτηρίας,
580 842 674 894 καί
702 841 830 910 ὃλην
855 841 956 910 τὴν
984 839 1156 894 νύκτα
1189 839 1415 910 ἀφίησιν
1441 841 1641 904 αὐτοὺς
1667 841 1926 897 κλυδωνί-

145 926 149 930 ’
246 930 455 992 ζεσθαι,
486 926 770 996 διεγείρων
795 923 946 997 [514]
967 924 1168 985 αὐτῶν,
1196 924 1273 988 ὡς
1301 920 1478 994 οἶμαι,
1512 925 1929 996 πεπωρωμένην

243 1013 341 1084 τὴν
389 1010 640 1082 καρδίαν.
683 1009 794 1060 Καὶ
827 1008 937 1080 769
973 1006 1214 1064 τοιοῦτον
1253 1007 1283 1058 6
1322 1006 1506 1078 φόϐος,
1553 1007 1612 1060 ὃν
1658 1007 1796 1078 μετὰ
1833 1008 1930 1060 τοῦ

244 1095 512 1165 χειμῶνος
547 1092 641 1146 καὶ
674 1093 701 1144 6
735 1090 924 1162 καιρὸς
958 1091 1119 1143 ποιεῖ.
1167 1090 1320 1142 Μετὰ
1361 1090 1416 1144 δέ
1449 1091 1547 1160 τῆς
1587 1091 1929 1156 κατανύξεως

246 1179 340 1230 καὶ
385 1179 466 1240 εἰς
513 1175 805 1246 ἐπιθυμίαν
859 1173 1076 1244 μείζονα
1113 1172 1308 1236 αὐτοὺς
1341 1171 1561 1226 ἐνέϐαλε
1604 1174 1702 1244 τὴν
1740 1173 1928 1237 αὑτοῦ,

247 1262 342 1314 καὶ
410 1261 490 1322 είς
552 1259 772 1330 μνήμην
815 1257 1060 1326 διηνεκῆ.
1117 1255 1216 1308 Διά
1265 1255 1330 1325 δὴ
1382 1255 1535 1308 τοῦτο
1572 1255 1670 1308 οῦκ
1729 1255 1931 1319 εὐθέως

227 1330 430 1404 αὐτοῖς
481 1341 719 1410 ἐπέστη·
785 1338 1036 1406 Τετάρτῃ
1088 1337 1198 1406 769
1261 1336 1528 1406 φυλακῇ.
1599 1337 1755 1408 φησὶ,
1818 1335 1930 1406 τῆς

243 1424 466 1489 νυκτὸς
495 1419 645 1492 ἦλθε
667 1421 819 1490 πρὸς
836 1419 1059 1484 αὐτοὺς
1089 1419 1429 1486 περιπατῶν
1449 1420 1546 1472 ἐπὶ
1571 1417 1681 1488 τῆς
1702 1418 1930 1475 θαλάσ-

243 1525 364 1576 σης
383 1525 400 1539 ο
439 1507 712 1560 παιδεύων
741 1505 936 1568 αὐτοὺς
967 1505 1042 1576 μὴ
1081 1506 1292 1574 ταχέως
1339 1503 1490 1556 λύσιν
1517 1503 1796 1574 ἐπιζητεῖν
1820 1505 1927 1558 τῶν

247 1591 583 1662 συνεχόντων
613 1589 821 1652 δεινῶν,
862 1588 997 1640 ἀλλὰ
1039 1587 1226 1658 φέρειν
1275 1585 1346 1639 τά
1392 1587 1773 1656 συμπίπτοντα
1812 1604 1925 1656 γεν-

245 1675 432 1738 ναίως.
464 1673 595 1726 Ὅτε
643 1672 774 1740 γοῦν
813 1670 1222 1743 προσεδόκησαν
1262 1669 1772 1740 ἀπαλλαγήσεσθαι,
1805 1671 1926 1724 τότε

244 1757 484 1826 ἐπετάθη
513 1755 676 1810 πάλιν
703 1758 730 1807 6
765 1755 946 1823 φόϐος.
999 1753 1248 1818 Ἰδόντες
1271 1753 1380 1823 γὰρ
1415 1754 1622 1816 αὐτὸν,
1668 1754 1850 1825 φησὶν,
1875 1757 1928 1806 οι

238 1840 495 1911 μαθηταὶ
513 1838 956 1905 περιπατοῦντα
979 1837 1075 1889 ἐπὶ
1101 1836 1213 1903 τῆς
1233 1836 1575 1903 θαλάσσης,
1606 1835 1928 1904 ἐταράχθη-

243 1940 384 1985 σαν,
420 1922 706 1991 λέγοντες
735 1919 1060 1989 φάντασμα
1088 1915 1264 1982 εἶναι,
1307 1918 1408 1970 και
1453 1917 1573 1971 ἀπὸ
1604 1918 1710 1972 τοῦ
1738 1918 1926 1986 φόϐου

243 2005 528 2073 ἔκραξαν.
586 2005 696 2058 Καὶ
744 2003 854 2074 769
884 2004 971 2056 ἀεὶ
999 2002 1156 2055 τοῦτο
1195 2001 1372 2053 ποιεῖ·
1417 2001 1547 2054 ὅταν
1588 2000 1756 2073 μέλλῃ
1779 2001 1929 2054 λύειν

243 2092 312 2144 τὰ
338 2089 510 2152 δεινὰ,
542 2088 708 2158 ἐτερα
729 2086 1088 2157 χαλεπώτερα
1121 2086 1320 2154 ἐπάγει
1359 2086 1454 2139 καὶ
1482 2084 1864 2155 φοϐερώτεραο
1899 2087 1928 2140 6

243 2175 307 2244 δὴ
341 2173 434 2227 καὶ
460 2170 582 2224 τότε
611 2170 833 2244 συνέϐη.
869 2169 1024 2225 Μετὰ
1052 2169 1162 2240 γὰρ
1189 2167 1280 2221 τοῦ
1313 2167 1583 2239 χειμῶνος
1616 2170 1710 2221 καὶ
1747 2170 1781 2239 η
1805 2169 1928 2237 δψις

244 2259 442 2320 αὐτοὺς
483 2255 783 2326 ἐθορύϐησε
819 2253 912 2308 τοῦ
960 2253 1228 2324 χειμῶνος
1261 2253 1361 2322 οὐχ
1399 2246 1583 2322 ἦττον.
1632 2252 1732 2305 Διά
1769 2251 1928 2305 τοῦτο

244 2341 363 2395 ούδέ
405 2339 466 2394 τὸ
515 2340 702 2405 σκότος
769 2337 976 2402 ἔλυσεν,
1035 2336 1154 2390 ούδέ
1199 2335 1430 2406 φανερὸν
1477 2333 1670 2390 ἐαυτὸν
1724 2334 1928 2400 εὐθέως

243 2424 522 2496 ἐποίησεν,
557 2421 796 2489 ἀλείφων
821 2421 1039 2485 αὐτοὺς,
1085 2420 1220 2492 ὅπερ
1259 2417 1434 2482 εἷπον,
1472 2422 1529 2474 ἐν
1560 2422 1629 2490 τῇ
1677 2420 1928 2492 συνεχείᾳ

243 2508 352 2561 τῶν
392 2504 572 2574 φόϐων
611 2503 840 2563 τούτων,
893 2504 986 2556 καὶ
1037 2503 1308 2556 παιδεύων
1357 2499 1496 2558 εἶναι
1543 2503 1923 2574 καρτερικούς.

243 2589 415 2642 Τοῦτο
446 2588 540 2642 καὶ
567 2589 660 2642 ἐπὶ
703 2587 794 2643 τοῦ
833 2585 952 2639 Ἰὼϐ
983 2587 1258 2658 ἐποίησεν’
1299 2587 1386 2640 ὅτε
1416 2585 1525 2657 769
1555 2586 1746 2656 ἔμελλε
1780 2587 1926 2640 λύειν

247 2671 358 2744 [τὸν
398 2671 561 2742 φόϐον
605 2669 780 2740 καὶ’¹³1
821 2670 911 2723 τδν
955 2670 1282 2740 πειρασμὸν,
1322 2670 1444 2724 τότε
1474 2670 1535 2723 τὸ
1571 2669 1723 2732 τέλος
1769 2669 1928 2739 χαλε-

243 2753 488 2825 πώτερον
511 2756 662 2806 εῖασε
687 2751 940 2820 γενέσθαι
967 2770 979 2782 ο
1013 2754 1073 2804 ού
1097 2753 1186 2805 διὰ
1205 2752 1296 2805 τὸν
1321 2753 1431 2808 τῶν
1463 2752 1669 2806 παίδων
1693 2752 1924 2806 θάνατον

241 2835 405 2904 λέγω,
433 2835 528 2887 καὶ
550 2833 618 2888 τά
653 2834 873 2904 ῥήματα
901 2833 1002 2900 τῆς
1033 2832 1312 2900 γυναικὸς,
1345 2831 1482 2885 ἀλλὰ
1517 2832 1606 2885 διά
1639 2831 1710 2884 τά
1743 2831 1923 2897 ὀνείδη

241 2918 309 2970 τά
351 2916 457 2968 τῶν
502 2915 762 2974 οίκετῶν,
802 2918 869 2966 τὰ
907 2915 1014 2968 τῶν
1069 2915 1256 2982 φίλων.
1305 2916 1413 2967 Καὶ
1455 2915 1543 2966 ὅτε
1584 2914 1676 2967 τὸν
1727 2914 1919 2967 Ἰακὼὸ

240 2999 569 3070 ἐξαρπάζειν
604 2998 792 3067 ἔμελλε
826 2998 926 3067 τῆς
971 3000 1027 3050 ἐν
1060 3000 1125 3068 τῇ
1172 2996 1294 3069 ξένῃ
1325 2998 1717 3069 ταλαιπωρίας,
1739 2999 1919 3070 ἀφῆκε

241 3081 587 3152 διεγερθῆναι
616 3081 708 3133 κα¹ι
735 3080 956 3150 μείζονα
979 3079 1233 3146 γενέσθαι
1259 3079 1350 3133 τὸν
1381 3079 1629 3153 θόρυϐον.
1680 3083 1788 3135 Καὶ
1812 3084 1920 3154 γάρ

241 3165 270 3216 6
294 3162 560 3234 κηδεστὴς
591 3159 917 3214 καταλαϐὼν
949 3160 1178 3214 θάνατον
1217 3161 1450 3230 ἠπείλει,
1490 3163 1585 3216 καὶ
1621 3166 1741 3234 μετ’
1775 3167 1919 3218 ἐκεῖ-

241 3263 330 3299 νον
353 3247 396 3278 "
423 3248 453 3298 6
483 3244 710 3314 6&1196;
732 3242 1070 3314 διαδέχεσθαι
1096 3243 1326 3314 μέλλων,
1357 3245 1447 3298 τὸν
1480 3245 1735 3318 περὶτῶν
1761 3248 1922 3318 ἐσχάο

239 3348 350 3384 των
381 3330 732 3401 ἐπεκρέμασε
760 3328 1025 3382 κίνδυνον.
1070 3327 1290 3399 Ἐπειδὴ
1329 3328 1439 3400 γὰρ
1485 3330 1585 3382 οὐκ
1613 3329 1691 3382 ἔνι
1732 3332 1826 3384 καὶ
1861 3335 1918 3386 ὲν

244 3413 438 3484 μακρῷ
467 3412 646 3485 χρόνῳ
675 3411 767 3465 καὶ
799 3410 1045 3482 σφοδρῶς
1072 3411 1452 3482 πειράζεσθαι,
1485 3413 1614 3467 ὅταν
1649 3414 1916 3486 μέλλωσιν

240 3501 512 3555 ἐκϐαίνειν
556 3501 681 3562 τοὺς
731 3498 950 3568 ἀγῶνας
998 3499 1050 3551 οῖ
1092 3498 1313 3562 δίκαιοι,
1349 3499 1673 3571 βουλόμενος
1722 3503 1919 3568 αὐτοὺς

240 3584 401 3637 πλέον
444 3583 771 3655 κερδαίνειν,
820 3582 1082 3636 ἐπιτείνει
1131 3582 1201 3634 τά
1236 3585 1534 3654 γυμνάσια.
1589 3587 1656 3639 Ὃ
1695 3586 1790 3639 καὶ
1825 3588 1918 3640 ἐπὶ

236 3666 333 3722 τοῦ
371 3666 624 3738 Ἀϐραὰμ
649 3665 896 3736 ἐποίησε,
931 3667 1022 3719 τὸν
1049 3665 1093 3697 ⁸⁸
1120 3665 1348 3736 ἔσχατον
1379 3663 1541 3720 ἆθλον
1564 3668 1656 3721 τὸν
1679 3668 1774 3722 τοῦ
1801 3689 1921 3724 παι-

237 3753 327 3818 66;
382 3754 513 3817 θείς.
575 3751 733 3806 Οὕτω
768 3753 878 3823 769
907 3749 999 3805 καὶ
1042 3753 1252 3822 φορητά
1304 3752 1457 3806 ἔσται
1512 3752 1582 3807 τὰ
1645 3755 1916 3826 ἀφόρητα,

237 3843 368 3896 ὅταν
399 3842 494 3896 ἐπὶ
547 3839 740 3911 θύραις
784 3840 1058 3910 ἐπάγη-ται
1112 3841 1280 3908 ἐγγὺς
1338 3839 1528 3910 ἔχοντα
1574 3839 1674 3914 τὴν
1737 3843 1914 3896 ἀπαλ-

239 3925 430 3994 λαγήν.
480 3921 651 3976 Τοῦτο
706 3921 771 3990 δὴ
823 3923 917 3975 καὶ
948 3923 1070 3974 τότε
1118 3923 1362 3992 ἐποίησε,
1410 3924 1505 3978 καὶ
1537 3924 1599 3977 οὐ
1651 3926 1916 3996 πρότερον

239 4005 590 4074 ἀπεκάλυψεν
649 4003 841 4058 ἑαυτὸν
903 4005 932 4061 6
994 4005 1262 4078 Χριστὸς,
1318 4006 1424 4070 ἔως
1489 4007 1580 4060 ὃτι
1653 4008 1914 4080 ἔκραξαν.

242 4090 394 4160 Ὀσῳ
423 4089 532 4158 γὰρ
573 4087 886 4142 ἐπετείνετο
915 4087 984 4142 16
1025 4087 1127 4158 τῆς
1154 4089 1416 4155 ἀγωνίας,
1445 4090 1685 4162 τοσούτῳ
1716 4092 1916 4162 μᾶλλον

241 4172 533 4243 ἠσμένιζον
582 4171 695 4214 ⁸⁸ο⁹¹
749 4171 916 4226 αὑτοῦ
965 4173 1061 4244 τὴν
1111 4173 1431 4242 παρουσίαν.
1489 4169 1666 4239 Εἶτα,
1726 4176 1915 4247 ἐπειδὴ

239 4257 495 4328 ἐϐόησαν,
545 4255 730 4328 φησὶν,
788 4255 1028 4322 Εὐθέως
1100 4256 1409 4324 ἐλάλησεν
1458 4258 1664 4323 αὐτοῖς
1722 4261 1756 4312 ὀ
1812 4261 1915 4329 Ἰη-

238 4339 390 4404 σοῦς
448 4338 642 4408 λέγων
670 4353 684 4367 ⁸
744 4339 1047 4407 Θαρσεῖτε,
1101 4339 1216 4409 ἐγώ
1259 4341 1375 4410 ειμι
1402 4357 1416 4371 ο
1461 4339 1550 4411 μὴ
1609 4341 1910 4412 φοϐεῖσθε.

237 4419 406 4494 Τοῦτο
438 4421 498 4474 τὸ
537 4421 690 4492 ῥῆμα
740 4420 830 4475 τὸν
865 4421 1029 4490 φόϐον
1079 4421 1258 4484 ἔλυσε,
1309 4424 1404 4478 καὶ
1459 4424 1732 4498 θαρρῆσαι
1771 4443 1915 4500 παρ-

235 4504 552 4559 εσκεύασεν.
595 4505 812 4576 Ἐπειδὴ
835 4505 942 4576 769
973 4507 1081 4560 61:6
1108 4507 1208 4577 τῆς
1249 4507 1425 4577 ὅψεως
1472 4509 1634 4563 αὐτὸν
1659 4512 1759 4564 ούκ
1802 4512 1914 4580 ἐγί-

235 4604 463 4649 νωσκον,
513 4587 609 4640 καὶ
658 4587 746 4640 διὰ
798 4587 859 4640 τὺ
899 4589 1202 4660 παράδοξον
1243 4592 1341 4660 τῆς
1387 4591 1648 4662 βαδίσεως
1683 4595 1776 4647 καὶ
1824 4594 1912 4649 διὰ

235 4672 326 4725 τὸν
359 4672 576 4742 καιρὸν,
619 4671 728 4724 61:6
757 4672 860 4740 τῆς
891 4673 1074 4744 φωνῆς
1107 4674 1263 4744 δῆλον
1303 4676 1496 4728 ἐαυτὸν
1526 4677 1688 4734 ποιεῖ.
1721 4677 1786 4730 Τί
1824 4673 1917 4732 οῦν

235 4757 264 4810 6
291 4755 516 4826 Πέτρος,
565 4757 593 4808 6
643 4755 920 4826 πανταχοῦ
964 4755 1164 4826 θερμὸς
1200 4756 1294 4810 καὶ
1323 4759 1412 4812 ἀεὶ
1437 4759 1544 4812 τῶν
1567 4759 1743 4814 ἄλλων
1783 4777 1910 4832 προσ

237 4839 456 4908 πηδὼν;
487 4838 686 4906 Κύριε,
711 4840 765 4891 εὶ
783 4837 866 4892 σὺ
898 4833 973 4902 εἴ,
1009 4839 1168 4909 φησὶ,
1212 4839 1513 4896 κέλευσόν
1542 4858 1620 4913 με
1659 4841 1810 4910 πρὸς
1839 4844 1916 4898 σὲ

231 4921 432 4976 ἐλθεῖν
452 4921 548 4975 ἐπὶ
571 4920 641 4975 τὰ
661 4920 870 4976 ὕδατα.
899 4923 1012 4976 Οὐκ
1033 4917 1378 4989 είπεν,Εὖξαι
1399 4925 1492 4978 καὶ
1512 4926 1914 4996 παρακάλεσον,

232 5007 386 5070 6116,
428 5005 760 5060 Κέλευσον.
803 5002 958 5070 Εἶδες
999 5007 1140 5079 πόση
1183 5009 1217 5079 ἡ
1261 5008 1568 5082 θερμότης;
1594 5009 1733 5084 πόση
1763 5013 1796 5082 η
1825 5011 1914 5064 πί-

234 5107 377 5155 στις;
427 5091 682 5159 Καίτοιγε
717 5091 781 5143 ἐκ
821 5090 1014 5145 τούτου
1057 5091 1323 5162 πολλαχοῦ
1370 5091 1690 5158 κινδυνεύει,
1721 5095 1786 5150 ἐκ
1812 5095 1905 5148 τοῦ

231 5174 372 5244 πέρα
401 5174 496 5225 τοῦ
549 5175 749 5246 μέτρου
791 5172 994 5241 ζητεῖν.
1031 5175 1141 5227 Καὶ
1182 5175 1293 5246 γὰρ
1340 5177 1436 5230 καὶ
1480 5175 1717 5232 ἐνταῦθα
1770 5179 1904 5232 πολὺ

234 5256 375 5326 μέγα
390 5257 644 5326 ἐζήτησε,
661 5258 964 5329 δι’ἀγάπην
984 5258 1162 5329 μόνον,
1183 5259 1245 5311 ού
1263 5259 1329 5311 δι’
1345 5260 1622 5326 ἐπίδειξιν.
1645 5262 1780 5315 Οὐδὲ
1799 5264 1907 5334 γάρ

231 5336 372 5402 εἷπε,
405 5339 676 5392 Κέλευσόν
709 5357 774 5410 με
809 5340 1020 5411 βαδίσαι
1048 5343 1140 5395 ἐπὶ
1158 5343 1227 5395 τά
1265 5342 1433 5398 ὕδατα
1455 5361 1470 5377 ·
1499 5344 1793 5419 61161515}
1817 5348 1905 5412 τίς

233 5421 542 5476 Κέλευσόν
578 5439 656 5491 με
679 5424 881 5479 ἐλθεῖν
903 5425 1055 5492 πρὸς
1081 5427 1175 5480 σέ.
1219 5427 1410 5492 υύδεὶς
1440 5427 1550 5499 γάρ
1585 5428 1760 5494 οὕτως
1791 5433 1908 5501 ἐφί-

230 5505 420 5562 λειτὸν
459 5507 692 5578 Ἰησοῦν.
749 5509 920 5564 Τοῦτο
950 5512 1041 5565 καὶ
1082 5511 1221 5582 μετά
1267 5511 1366 5583 τὴν
1395 5513 1692 5567 ἀνάστασιν
1721 5516 1911 5587 ἐποίη-

300 5687 507 5778 έέίριξτε
563 5689 920 5778 ἰηοὶξιξὶξιιιξε,
959 5709 1070 5778 pop
1121 5696 1428 5778 _e_xs_la_mjn
1477 5695 1645 5778 ί..
1687 5696 1761 5778 Ml
1794 5714 1896 5778 ne_c
1926 5701 1992 5778 _in
2018 5702 2142 5778 puis
2201 5701 2457 5778 legerun}
2487 5705 2840 5778 Interpretes.
2917 5709 3036 5750 ’δέ’
3061 5710 3149 5768 Sic
3182 5711 3249 5766 Η.
3299 5711 3358 5768 L.
3388 5711 3431 5768 E

229 5758 602 5844 ὴσμενίςοντο.
678 5764 722 5796 ’⁸
750 5763 1040 5838 ἐπέτρεψε]
1068 5767 1192 5852 add:
1209 5768 1297 5822 διὰ
1318 5767 1418 5839 τὴν
1445 5768 1710 5852 πολλὴνίπ
1777 5787 1804 5832 ς
1823 5771 1983 5825 αὑτὸν
2006 5773 2118 5840 ἀγά
2197 5791 2226 5826 ν

233 5830 414 5911 ται
453 5832 630 5911 Β...
699 5849 755 5911 P1
790 5850 843 5903 p.
875 5837 1276 5911 110969005111:
1306 5838 1370 5894 Ο.
1463 5841 1510 5872 ’⁵
1537 5769 1978 5911 δηλωνῖὸδεικνῦς
2005 5790 2315 5904 ΕὐάῖἿὶίοε

233 5830 414 5911 ται
453 5831 630 5911 Κ...
699 5849 755 5911 P1
790 5850 843 5903 p.
875 5830 1276 5911 παραμυθεῖται
1306 5830 1385 5894 ϐξ
1463 5841 1510 5872 ’⁵
1537 5830 1713 5911 δηλῶν

237 5900 406 5954 media
439 5919 491 5972 ρ.
518 5903 640 5957 518.
700 5900 758 5937 δ’
784 5900 1108 5976 προελθόντα
1140 5906 1274 5962 Edd.

1069 288 1126 344 S.
1168 287 1454 345 JOANNIS
1495 284 1977 346 CIIIKYSOSTOMI
2017 283 2340 343 ARCIIIEP.
2378 286 2927 345 CONSTANTINOP.

3601 280 3700 335 506

2034 419 2160 460 σεν·
2229 404 2329 459 οὐκ
2385 403 2639 475 ἠνέσχετο
2701 402 2840 474 μετά
2893 400 3000 454 τῶν
3061 398 3235 454 ἄλλων
3297 397 3472 452 ἐλθεῖν
3498 443 3513 466 ,
3574 403 3704 457 im

2031 488 2432 560 προεπήδησεν.
2473 488 2550 544 Οὐ
2582 486 2680 558 τὴν
2711 487 2934 554 ἀγάπην
2975 483 3032 535 δέ
3064 483 3246 554 μόνον,
3286 483 3424 537 ἀλλά
3469 489 3567 539 καὶ
3606 489 3703 554 τὴν

2031 571 2212 626 πίστιν
2231 571 2620 628 ἐπιδείκνυται.
2676 569 2750 621 Ού
2800 567 2911 637 γὰρ
2935 567 3094 636 μόνον
3127 566 3470 630 ἐπίστευσεν,
3507 569 3591 621 ὃτι
3619 571 3704 622 αύ-

2030 654 2120 718 16;
2177 653 2394 708 δύναται
2437 654 2756 725 περιπατεῖν
2786 650 2880 704 ἐπὶ
2911 649 3010 718 τῆς
3035 647 3332 718 θαλάσσης,
3361 649 3476 703 ἀλλ’
3499 653 3583 706 ὅτι
3614 655 3706 706 καὶ

2031 738 2251 808 ἐτέρους
2275 738 2486 806 ἐνάγειν
2556 737 2650 790 καὶ
2681 732 2942 804 ἐπιθυμεῖ
2963 730 3176 802 ταχέως
3205 730 3373 799 ἐγγὺς
3413 732 3582 786 αὐτοῦ
3618 752 3705 802 γε-

2031 818 2236 871 νέσθαι.
2275 820 2338 872 '0
2365 819 2434 870 δὲ
2481 813 2671 877 εἷπεν.
2723 813 2916 870 Ἐλθέ.
2980 811 3085 867 Καὶ
3138 812 3400 878 καταϐὰς
3439 814 3559 867 ἀπὸ
3602 815 3706 868 τοῦ

2030 901 2247 956 πλοίου
2275 905 2306 956 ό
2337 900 2578 970 Πέτρος,
2614 895 3052 967 περιεπάτησεν
3095 894 3191 948 ἐπὶ
3225 899 3298 949 τὰ
3344 895 3555 958 ὕδατα,
3611 899 3705 951 καὶ

2029 979 2178 1051 ἦλθε
2238 983 2387 1053 πρὸς
2445 985 2552 1036 τὸν
2603 980 2858 1050 Ἰησοῦν.
2909 979 3161 1033 Βλέπων
3209 979 3277 1031 δὲ
3319 977 3426 1034 τὸν
3486 981 3703 1049 ἄνεμον

2033 1069 2307 1138 ἰσχυρὸν,
2340 1066 2625 1137 ἐφοϐήθη.
2649 1066 2746 1121 καὶ
2780 1063 3116 1136 ἀρξάμενος
3155 1062 3704 1127 καταποντίζεσθαι,

2029 1150 2245 1219 ἕκραξε
2263 1151 2474 1219 λέγων·
2509 1151 2706 1219 Κύριε,
2737 1147 2944 1204 σῶσόν
2975 1163 3074 1216 με.
3119 1144 3354 1210 Εὐθέως
3410 1146 3479 1199 δὲ
3523 1151 3556 1200 ὀ
3601 1149 3702 1214 Ἰη-

2029 1235 2184 1298 σοῦς
2218 1233 2490 1298 ἐκτείνας
2518 1231 2632 1298 τὴν
2674 1231 2842 1300 χεῖρα
2873 1230 3196 1284 ἐπελάϐετο
3230 1231 3439 1296 αὐτοῦ,
3486 1231 3587 1288 καί
3612 1232 3706 1285 λέο

2029 1335 2115 1386 γει
2157 1315 2346 1381 αὐτῷ’
2407 1317 2806 1385 Ὀλιγόπιστε,
2862 1317 2948 1380 εἰς
3019 1315 3075 1367 τί
3121 1313 3489 1380 ἐδίστασας;
3538 1312 3714 1367 Τοῦτο

2029 1399 2123 1452 τοῦ
2183 1399 2449 1471 προτέρου
2507 1398 2956 1469 παραδοξότερον.
3024 1399 3120 1456 Διά
3171 1396 3329 1448 τοῦτο
3381 1399 3500 1466 μετ’
3533 1397 3707 1450 ἐκεῖνο

2027 1483 2187 1537 τοῦτο
2219 1484 2448 1550 γίνεται.
2475 1483 2605 1534 Ὅτε
2626 1482 2734 1552 γὰρ
2759 1481 2976 1546 ἔδειξεν,
3016 1481 3098 1533 ὅτι
3143 1483 3335 1550 κρατεῖ
3365 1480 3464 1550 τῆς
3503 1479 3704 1534 θαλάσο

2031 1584 2166 1638 σης,
2210 1567 2331 1620 τότε
2387 1566 2480 1620 καὶ
2537 1567 2629 1620 ἐπὶ
2686 1565 2747 1618 16
2797 1565 3237 1636 θαυμαστότερον
3286 1563 3468 1632 ἐξάγει
3511 1565 3573 1618 τὸ
3615 1581 3706 1634 ση-

2034 1651 2203 1720 μεῖον.
2229 1648 2364 1702 Τότε
2417 1648 2516 1718 μὲν
2568 1648 2676 1719 769
2731 1651 2845 1712 τοῖς
2884 1649 3108 1718 ἀνέμοις
3155 1646 3458 1716 ἐπετίμησε
3506 1647 3703 1718 μόνον·

2023 1733 2148 1809 ,νυνὶ
2173 1733 2228 1785 δέ
2263 1733 2355 1785 καὶ
2380 1732 2541 1795 αὐτὸς
2575 1731 2802 1802 βαδίζει,
2841 1733 2934 1785 καὶ
2967 1731 3138 1802 ἑτέρῳ
3188 1733 3512 1802 παραχωρεῖ
3550 1730 3708 1784 τοῦτο

2031 1817 2241 1868 ποιεῖν·
2269 1817 2405 1886 ὅπερ
2446 1817 2495 1868 εἰ
2549 1815 2700 1886 παρὰ
2749 1816 2848 1886 τὴν
2897 1813 3072 1885 ἀρχὴν
3128 1812 3380 1882 γενέσθαι
3429 1812 3702 1875 ἐκέλευσε,

2029 1901 2130 1953 οὐκ
2154 1900 2221 1953 ἂν
2255 1901 2454 1971 ὁμοίως
2483 1899 2808 1966 κατεδέξατο
2828 1901 2856 1952 ὀ
2889 1899 3118 1968 Πέτρος,
3154 1896 3243 1951 διά
3273 1897 3336 1950 τὸ
3371 1897 3600 1969 μηδέπω
3620 1915 3706 1951 10-

2037 1983 2140 2037 σαύ
2175 2000 2275 2053 την
2304 1982 2606 2053 κεκτῆσθαι
2631 1981 2831 2035 πίστιν.

2102 2083 2166 2156 β’.
2197 2084 2353 2147 Τίνος
2381 2079 2476 2137 οὖν
2494 2083 2682 2136 ἕνεκεν
2721 2084 2770 2117 ⁸³
2793 2085 2821 2136 6
2851 2081 3083 2154 Χριστὸς
3111 2080 3410 2152 ἐπέτρεψες
3442 2081 3554 2136 Καὶ
3596 2081 3705 2152 γὰρ

2030 2170 2078 2222 εί
2108 2164 2280 2230 εἶπεν,
2313 2170 2391 2222 06
2409 2168 2657 2231 δύνασαι,
2689 2167 2851 2221 πάλιν
2874 2166 3075 2238 θερμὸς
3105 2166 3182 2218 ὢν
3201 2167 3454 2219 ἀντεῖπεν
3489 2167 3574 2221 άν.
3607 2171 3703 2220 Διά

2027 2252 2186 2305 τοῦτο
2240 2251 2348 2305 ἀπὸ
2396 2253 2506 2304 τῶν
2552 2253 2896 2324 πραγμάτων
2950 2251 3114 2304 αὑτὸν
3160 2250 3362 2315 πείθει,
3397 2252 3485 2304 ἵνα
3527 2253 3607 2316 εἰς
3644 2254 3705 2304 τὸ

2033 2333 2224 2402 μέλλον
2252 2334 2617 2406 σωφρονισθῇ.
2661 2334 2803 2387 Ἀλλ’
2829 2333 2951 2386 ούδέ
2982 2333 3157 2394 οὕτως
3201 2333 3478 2404 ἀνέχεται.
3515 2335 3699 2389 Κατα-

2029 2416 2130 2480 ϐἀς
2156 2416 2336 2469 τοίνυν
2373 2417 2786 2482 κλυδωνίζεται·
2836 2407 3076 2487 ἐφοϐήθη
3127 2415 3254 2487 γάρ.
3302 2417 3414 2474 Καὶ
3448 2415 3608 2470 τοῦτο
3644 2416 3704 2469 τὸ

2029 2499 2316 2555 κλυδώνιον
2374 2499 2598 2570 ἐποίησε
2621 2517 2634 2530 ο
2676 2501 2767 2554 τὸν
2795 2499 2851 2553 δέ
2887 2498 3052 2568 φόϐον
3082 2501 3112 2552 ό
3140 2499 3340 2569 ἄνεμος
3383 2500 3698 2570 εἰργάσατο.

2039 2582 2098 2636 ’0
2119 2583 2175 2636 δέ
2223 2582 2476 2655 Ἰωάννης
2523 2584 2709 2654 φησὶν,
2756 2583 2838 2636 ὅτι
2875 2585 3135 2638 Ἦθελον
3163 2581 3371 2639 λαϐεῖν
3398 2582 3589 2636 αὑτὸν
3614 2585 3701 2647 εις

2027 2665 2093 2720 τὸ
2127 2667 2362 2730 πλοῖον,
2406 2666 2502 2721 καί
2547 2667 2764 2734 εὐθέως
2810 2667 2876 2720 τὸ
2920 2665 3138 2721 πλοῖον
3181 2666 3418 2735 ἐγένετο
3463 2667 3550 2731 εις
3588 2665 3701 2733 τὴν

2029 2749 2174 2820 γῆν,
2232 2755 2316 2818 εἰς
2374 2750 2455 2818 ἦν
2517 2750 2785 2820 ὑπῆγον·
2835 2751 2895 2804 τὸ
2961 2750 3096 2803 αὐτὸ
3149 2749 3212 2821 δὴ
3282 2750 3441 2804 τοῦτο
3502 2748 3696 2818 δηλῶν.

2030 2836 2192 2887 Ὥστε
2243 2836 2542 2906 μελλόντων
2586 2835 2764 2890 αὐτῶν
2812 2835 2946 2907 πρὸς
2989 2836 3056 2905 τῇ
3101 2837 3170 2905 γῇ
3221 2834 3484 2902 γίνεσθαι,
3532 2833 3698 2903 ἐπέϐη

2027 2917 2122 2972 τοῦ
2144 2919 2350 2972 πλοίου.
2392 2918 2652 2981 Καταϐἀς
2703 2919 2882 2972 τοίνυν
2920 2918 3028 2973 ἀπὸ
3061 2919 3153 2970 τοῦ
3199 2917 3408 2980 πλοίου,
3442 2917 3578 2987 πρὸς
3612 2919 3697 2972 αὑ·

2034 3003 2126 3056 τὸν
2164 3002 2347 3077 ᾔειυ,
2399 3004 2497 3073 οὐχ
2538 3003 2681 3058 οὔτω
2725 3002 2804 3074 τῷ
2841 3005 3163 3073 περιπατεῖν
3190 3003 3283 3054 ἐπὶ
3322 3001 3431 3054 τῶν
3470 3002 3695 3065 ὑδάτων,

2027 3083 2100 3148 ὡς
2129 3085 2206 3156 τῷ
2236 3085 2374 3157 πρὸς
2419 3087 2581 3140 αὐτὸν
2631 3085 2885 3156 ἔρχεσθαι
2931 3085 3156 3155 χαίρων.
3193 3086 3301 3138 Καὶ
3329 3083 3423 3138 τοῦ
3457 3085 3696 3156 μείζονος

2033 3168 2473 3240 περιγενόμενος,
2501 3169 2608 3222 ἀπὸ
2648 3169 2740 3222 τοῦ
2772 3169 3050 3232 ἐλάττονος
3078 3168 3268 3240 ἔμελλε
3323 3171 3552 3240 πάσχειν
3602 3189 3696 3224 κα·

2029 3251 2160 3318 κῶς,
2201 3252 2302 3322 τῆς
2335 3251 2428 3305 τοῦ
2465 3253 2666 3323 ἀνέμου
2707 3251 2850 3320 λέγω
2898 3251 3098 3324 ῥύμης.
3139 3253 3202 3306 ού
3256 3252 3356 3323 τῆς
3410 3252 3693 3322 θαλάττης.

2030 3332 2279 3388 Τοιοῦτον
2302 3334 2410 3406 769
2445 3338 2479 3406 ή
2519 3335 2830 3405 ἀνθρωπίνη
2875 3333 3035 3403 φύσις
3055 3351 3070 3366 ο
3107 3335 3365 3399 πολλάκις
3387 3336 3458 3390 τά
3487 3337 3696 3406 μεγάλα

2026 3416 2388 3490 κατορθοῦσα,
2423 3419 2482 3471 ἐν
2521 3421 2632 3482 τοῖς
2666 3417 2942 3472 ἐλάττοσιν
2975 3418 3279 3490 ἐλέγχεται.

2096 3515 2219 3580 Οίον
2252 3524 2280 3575 6
2337 3522 2522 3584 Ἠλίας
2575 3521 2668 3574 ἐπὶ
2725 3521 2826 3592 τῆς
2899 3522 3135 3586 Ἰεζάϐελ
3199 3523 3436 3578 ἔπαθεν
3498 3520 3610 3579 οἷον
3668 3528 3696 3578 6

2025 3606 2264 3676 Μωῦσῆς
2288 3606 2380 3658 ἐπὶ
2405 3605 2499 3658 τοῦ
2529 3605 2825 3684 Αἰγυπτίου
2851 3622 2864 3637 °
2895 3601 3005 3660 οἷον
3037 3609 3065 3659 6
3100 3607 3260 3661 Δαυῒδ
3303 3609 3396 3663 ἐπὶ
3422 3609 3524 3680 τῆς
3558 3610 3695 3684 Βηροι

2028 3688 2209 3740 σαϐεέ.
2240 3686 2396 3742 Οῦτω
2415 3688 2478 3758 δὴ
2509 3683 2787 3751 καῖοῦτος
2807 3705 2819 3718 ·
2853 3688 2933 3742 ἔτι
2964 3688 3057 3741 τοῦ
3085 3689 3248 3758 φόϐου
3299 3683 3696 3762 ἐνακμάξοντος

2025 3772 2281 3843 ἐπιϐῆναι
2306 3771 2416 3825 τῶν
2448 3772 2657 3826 ὑδάτων
2689 3771 2987 3844 ἐθάρρησε,
3047 3773 3184 3845 πρὸς
3220 3773 3275 3828 δέ
3321 3775 3417 3846 τὴν
3443 3775 3539 3830 τοῦ
3570 3777 3695 3832 ἀνέ-

2028 3873 2129 3926 μου
2170 3855 2407 3927 ἐμϐολὴν
2439 3853 2622 3910 οὐκέτι
2651 3855 2890 3926 ἠδυνήθη
2942 3857 3152 3925 στῆναι,
3191 3859 3285 3911 καὶ
3324 3857 3496 3914 ταῦτα
3531 3861 3694 3929 ἐγγὺς

2023 3938 2100 3991 ὢν
2124 3936 2217 3990 τοῦ
2249 3936 2509 4009 Χριστοῦ.
2542 3935 2733 4000 Οὕτως
2773 3937 2925 3991 οὐδὲν
2973 3938 3172 4007 ὠφελεῖ
3217 3942 3382 4009 ἐγγὺς
3433 3938 3569 3996 εἶναι
3600 3942 3692 3998 τοῦ

2025 4020 2285 4091 Χριστοῦ,
2323 4020 2396 4092 μὴ
2431 4020 2612 4074 πίστει
2665 4020 2792 4074 ὂντα
2820 4020 3005 4090 ἐγγύς.
3034 4023 3205 4076 Τοῦτο
3229 4023 3284 4077 δὲ
3317 4024 3410 4078 καὶ
3446 4027 3504 4078 τὸ
3533 4028 3693 4099 μέσον

2023 4104 2231 4158 ἐδείκνυ
2261 4103 2310 4136 ’⁸
2345 4103 2440 4158 τοῦ
2487 4103 2816 4158 Διδασκάλου
2845 4105 2940 4157 καὶ
2982 4104 3073 4158 τοῦ
3111 4106 3373 4176 μαθητοῦ,
3423 4111 3514 4161 καὶ
3569 4113 3694 4175 τοὺς

2023 4191 2213 4255 ἀλλους
2239 4191 2626 4264 παρεμυθεῖτο.
2661 4192 2724 4245 Εί
2747 4193 2856 4263 769
2891 4193 3115 4246 ἐπὶτῶν
3141 4193 3234 4246 δύο
3265 4194 3508 4265 ἀδελφῶν
3556 4199 3694 4266 ἠγα-

2022 4273 2321 4344 νάκτησαν,
2387 4274 2568 4345 πολλῷ
2627 4275 2827 4346 μᾶλλον
2876 4275 3110 4330 ἐνταῦθα
3133 4292 3149 4306 ·
3197 4275 3350 4331 οῦπω
3399 4278 3507 4351 γὰρ
3555 4276 3694 4350 ἦσαν

2023 4357 2342 4429 Πνεύματος
2389 4358 2705 4430 ἠξιωμένοι.
2757 4359 2910 4414 Μετά
2960 4360 3018 4413 δὲ
3097 4359 3269 4413 ταῦτα
3321 4362 3382 4414 οὺ
3435 4363 3688 4418 τοιοῦτοι.
3729 4408 3737 4426 ,

2021 4441 2306 4511 Πανταχοῦ
2358 4441 2490 4510 γοῦν
2531 4443 2642 4496 τῶν
2696 4444 2978 4515 πρωτείων
3033 4445 3422 4515 παραχωροῦσι
3457 4446 3538 4517 τῷ
3588 4449 3693 4504 Πέ-

2021 4541 2156 4595 τρῳ,
2215 4524 2311 4577 καὶ
2363 4526 2421 4579 ἐν
2480 4529 2599 4589 ταῖς
2642 4527 3008 4598 δημηγορίαις
3061 4529 3221 4581 αὑτὸν
3277 4529 3691 4600 προϐάλλονται,

2022 4608 2172 4682 [516]
2205 4608 2449 4678 καίτοιγε
2475 4611 2859 4684 ἀγροικότερον
2882 4613 2988 4666 τῶν
3011 4612 3185 4668 ἄλλων
3206 4614 3567 4686 διακείμενον.
3584 4620 3690 4676 Καὶ

2016 4692 2278 4747 διατίοῦκ
2311 4693 2540 4759 ἐπέταξε
2580 4697 2693 4758 τοῖς
2736 4697 2959 4768 ἀνέμοις
2992 4697 3326 4761 παύσασθαι,
3383 4700 3497 4753 ἀλλ’
3531 4703 3691 4768 αὐτὸς

2017 4776 2263 4840 ἐκτείνας
2287 4776 2386 4847 τὴν
2428 4783 2585 4850 χεῖρα
2610 4779 2908 4834 ἐπελάϐετο
2937 4781 3138 4848 αὐτοῦς
3185 4783 3308 4836 ’Ὁτι
3337 4784 3439 4856 τῆς
3479 4787 3688 4841 ἐκείνου

2016 4859 2252 4922 πίστεως
2283 4859 2408 4914 ἔδει.
2442 4861 2610 4914 Ὅταν
2649 4861 2759 4932 769
2793 4863 2860 4916 16
2887 4864 3015 4934 παρ’
3041 4864 3198 4935 ἡμῶν
3237 4866 3565 4940 ἐλλιμπάνη,
3596 4870 3688 4921 καὶ

2012 4942 2084 4997 τὰ
2107 4942 2260 5014 παρά
2285 4943 2382 4996 τοῦ
2415 4943 2554 4997 Θεοῦ
2574 4945 2806 4999 ἵσταται.
2832 4948 3058 5010 Δεικνὺς
3089 4947 3265 5001 τοίνυν
3295 4950 3377 5002 ὅτι
3405 4951 3503 5022 οὐχ
3535 4953 3568 5022 ἡ
3595 4953 3686 5005 τοῦ
3718 4957 3722 4964 ’

2013 5023 2216 5094 ἀνέμου
2238 5023 2466 5094 ἐμϐολὴ,
2489 5024 2605 5078 ἀλλ’
2636 5025 2669 5095 ἠ
2698 5023 2908 5078 ἐκείνου
2949 5026 3291 5095 όλιγοπιστία
3309 5029 3408 5100 τὴν
3435 5048 3688 5104 περιτροο

2019 5107 2126 5180 πὴν
2149 5107 2466 5178 εἰργάσατο,
2491 5107 2653 5179 φησίν
2672 5125 2686 5139 ·
2717 5111 2820 5174 Εἰς
2839 5110 2898 5164 τί
2918 5110 3272 5179 ἐδίστασας,
3303 5115 3685 5184 ὀλιγόπιστα

2005 5191 2167 5246 Ὥστε
2197 5193 2246 5244 εί
2271 5191 2345 5261 μὴ
2374 5193 2406 5261 ή
2439 5191 2624 5270 πίστις
2659 5191 2951 5264 ἠσθένησε,
2977 5197 3072 5249 καὶ
3105 5197 3243 5268 πρὸς
3271 5198 3360 5251 τὸν
3391 5199 3592 5270 ἄνεμον
3621 5202 3686 5255 ἀν

2004 5274 2134 5346 ἔστη
2168 5259 2526 5346 ρᾳδίωίςξΔιέῖ
2535 5292 2616 5329 τοι
2644 5259 2802 5330 τοῦτο
2825 5259 2920 5331 καὶ
2947 5259 3336 5351 ἐπιλαϐόμενος
3363 5259 3553 5345 αὑτοῦ,
3593 5283 3685 5336 τὸν

2004 5357 2203 5426 ἄνεμον
2232 5358 2298 5428 ἐᾷ
2335 5361 2510 5422 πνεῖν,
2561 5358 2735 5428 δηλῶν
2769 5360 2816 5392 ⁸⁸
2847 5362 2928 5414 ὅτι
2962 5363 3113 5416 ούδέν
3157 5365 3364 5429 ἐκεῖνος
3403 5366 3686 5438 παραϐλά·

2007 5456 2150 5498 πτει.
2179 5442 2306 5494 ὅταν
2337 5444 2370 5513 η
2402 5438 2641 5519 πίστιςῇ
2673 5447 2974 5514 πεπηγυῖα.
3030 5447 3139 5498 Καὶ
3180 5447 3430 5520 καθάπερ
3473 5449 3687 5505 νεοττὸν

2007 5523 2115 5594 πρὸ
2140 5525 2332 5596 καιροῦ
2359 5526 2458 5597 τῆς
2487 5526 2681 5590 καλιᾶς
2717 5526 3002 5594 ἐξελθόντα
3033 5531 3078 5561 ⁸⁸
3106 5531 3199 5584 καὶ
3231 5532 3494 5603 μέλλοντα
3517 5550 3685 5588 κατα-

2417 5715 2450 5759 ιῑ
2489 5715 2840 5778 ιηιοῳτειεε.
2917 5715 3036 5750 ’δ-’τ
3061 5715 3149 5768 Sic
3182 5715 3249 5766 Η.
3299 5715 3358 5768 L.
3388 5715 3488 5784 Ep.
3524 5715 3685 5787 vulgo

2417 5776 2563 5853 ’ξεζη
2587 5776 2650 5853 ῌ.
2676 5778 2745 5833 Μ.
2770 5779 3018 5853 (Surrexit
3045 5782 3260 5853 Monlef.
3351 5784 3683 5839 ’δένδείκνυο

1765 5839 1978 5907 δεικνὺς
2005 5839 2139 5902 Edd.
2175 5839 2272 5904 llic
2294 5845 2404 5904 duo
2433 5839 2563 5904 folii
2594 5848 2792 5905 desum
2825 5851 2878 5905 in
2912 5853 3032 5908 cod.
3061 5853 3127 5908 Il.
3155 5839 3244 5925 qui
3281 5870 3468 5911 rursus
3492 5854 3681 5929 incipit
