3908 6198
244 305 357 365 505

243 423 416 493 magis
446 418 567 479 illos
593 423 956 494 inflammavit,
990 436 1047 482 ut
1077 428 1156 483 sui
1182 442 1488 499 perpetuam
1516 433 1826 487 memoriam

241 514 557 569 retinerent.
587 516 710 572 ideo
736 534 838 573 non
874 524 1049 574 statim
1082 522 1184 575 illis
1212 522 1379 576 adfuit
1407 543 1419 577 :
1455 540 1573 578 nam
1603 525 1677 579 ait
1701 544 1713 579 :
1737 524 1826 580 9.5.

246 603 444 670 Quarta
490 609 717 662 custodia
760 612 919 665 noctis
962 614 1091 666 venit
1134 614 1202 666 ad
1238 631 1321 668 eos
1364 616 1629 669 ambulans
1673 634 1828 687 supra

242 712 420 763 mare;
450 710 505 751 ut
532 698 747 754 doceret
774 702 889 756 illos
920 717 986 757 ne
1008 703 1264 759 malorum
1296 707 1452 759 linem
1488 707 1595 761 cito
1618 720 1827 776 quaere-

245 796 387 853 rent,
429 788 520 842 sed
561 806 680 860 qure
721 790 1032 849 accidebant
1080 795 1290 851 fortiter
1336 797 1553 853 ferrent.
1603 798 1828 867 Quando

239 880 404 948 igitur
430 883 808 951 exspectabant
847 901 906 940 se
955 888 1256 943 liberandos
1295 902 1433 954 esse,
1468 899 1576 945 tum
1615 902 1824 947 auctum

240 980 327 1024 est
355 972 643 1040 periculum
669 983 723 1030 et
757 972 917 1031 timor
941 980 1148 1047 major:
1179 996 1302 1035 nam
1332 982 1501 1052 inquit
1529 984 1653 1038 :26.
1700 984 1827 1039 Cum

237 1062 467 1117 viderent
491 1081 604 1119 eum
627 1068 865 1137 discipuli
889 1071 1229 1125 ambulantem
1271 1086 1427 1142 supra
1456 1091 1613 1138 mare,
1642 1076 1826 1131 turbati

233 1161 376 1216 sunt,
410 1154 628 1209 dicentes
654 1156 953 1223 phantasma
991 1176 1117 1227 esse,
1150 1172 1197 1215 et
1221 1176 1327 1232 prae
1364 1164 1542 1218 timore
1576 1165 1826 1220 clamave-

234 1254 380 1300 runt.
411 1246 634 1316 Semper
658 1250 798 1305 enim
838 1250 939 1307 hoc
978 1251 1107 1309 facit
1133 1271 1146 1308 :
1176 1268 1294 1310 cum
1318 1270 1585 1311 aerumnas
1623 1258 1826 1314 solutu-

202 1361 210 1367 -
234 1351 334 1391 rus
362 1342 465 1405 est,
496 1340 627 1395 alias
655 1344 928 1412 graviores
970 1344 1131 1402 infert
1173 1359 1226 1403 et
1265 1334 1611 1406 terribiliores
1639 1370 1652 1405 :
1681 1352 1823 1423 quod

234 1428 404 1483 etiam
436 1438 560 1485 tunc
598 1434 1014 1504 eontigit.-Nam
1054 1446 1109 1493 et
1153 1448 1461 1508 tempestas,
1509 1457 1607 1497 nec
1648 1446 1824 1500 minus

234 1520 415 1574 visum
445 1521 588 1586 illud,
623 1524 767 1592 ipsos
795 1527 1045 1593 turbavit,
1079 1528 1201 1583 ideo
1241 1545 1412 1601 neque
1440 1535 1685 1589 tenebras
1712 1535 1822 1590 sol-

235 1612 333 1679 vit,
367 1629 539 1685 neque
565 1617 796 1686 seipsutn
838 1621 1013 1674 statim
1038 1622 1288 1689 ostendit,
1316 1638 1573 1680 exercens
1600 1626 1738 1689 illos,
1768 1636 1825 1681 ut

230 1703 369 1771 dixi,
397 1720 492 1775 per
519 1716 778 1763 terrorum
816 1711 1202 1779 assiduitatem,
1227 1724 1281 1769 et
1309 1715 1507 1771 docens
1533 1725 1588 1790 ut
1621 1720 1825 1788 patien-

233 1803 319 1849 tes
342 1800 541 1851 essent.
567 1797 677 1853 lloe
697 1808 752 1854 et
782 1799 832 1854 in
860 1799 995 1858 Jobo
1029 1802 1185 1869 fecit;
1215 1819 1335 1860 eum
1372 1806 1512 1861 enim
1545 1819 1743 1865 metum
1769 1821 1823 1866 et

234 1888 585 1943 tentationem
618 1890 885 1947 soluturus
910 1902 1044 1960 erat,
1082 1904 1207 1951 tunc
1255 1897 1412 1952 finem
1440 1900 1678 1967 permisit
1701 1916 1822 1956 esse

228 1976 535 2044 graviorem
560 1992 574 2042 ;
616 1995 720 2034 non
766 1994 833 2037 ex
857 1994 1030 2040 morte
1058 1985 1308 2052 filiorum,
1338 2003 1511 2059 neque
1539 2004 1603 2045 ex
1639 1992 1823 2049 uxoris

228 2066 413 2129 dictis,
456 2067 549 2121 sed
579 2083 643 2123 ex
671 2073 973 2140 opprobriis
1013 2091 1289 2131 servorum
1331 2088 1385 2135 et
1418 2081 1727 2137 amicorum.
1756 2085 1822 2138 Et

226 2170 356 2209 cum
385 2156 640 2214 Jacobum
673 2162 724 2214 in
762 2165 1038 2234 peregrina
1067 2174 1207 2221 terra
1236 2185 1265 2222 a
1302 2169 1515 2226 miseria
1540 2183 1820 2242 erepturus

227 2258 371 2315 erat,
404 2255 659 2322 exagitari
691 2256 838 2310 illum
870 2268 923 2312 et
949 2260 1205 2328 majorem
1231 2264 1433 2331 perpeti
1465 2263 1589 2318 sivit
1615 2274 1822 2335 pertur-

231 2341 525 2399 bationem.
573 2345 707 2400 Nam
762 2362 915 2404 socer
973 2349 1087 2419 ejus
1137 2352 1525 2421 apprehensum
1578 2358 1822 2413 occidere

231 2431 559 2499 minabatur,
587 2444 641 2490 et
683 2450 801 2507 post
843 2440 985 2494 illum
1036 2441 1202 2498 frater
1229 2446 1519 2514 excipiens,
1549 2447 1601 2501 in
1639 2459 1818 2505 extre-

230 2538 382 2577 mum
411 2526 703 2594 periculum
728 2530 971 2600 eonjecit.
998 2530 1129 2599 Quia
1152 2534 1293 2589 enim
1323 2550 1428 2591 non
1457 2540 1819 2607 possuntjusti

229 2613 488 2671 diuturno
516 2624 753 2688 tempore
781 2623 1127 2680 vehementer
1157 2627 1371 2695 tentari,
1400 2644 1518 2683 cum
1549 2649 1611 2686 es
1653 2643 1824 2689 certa-

234 2708 384 2762 mine
411 2711 619 2766 evasuri
645 2722 789 2770 sunt.
831 2726 885 2768 ut
913 2716 1082 2785 majus
1113 2717 1317 2773 lucrum
1350 2729 1643 2790 reportent,
1671 2739 1825 2778 exer-

228 2800 517 2856 citationes
542 2812 719 2874 auget.
768 2806 823 2860 ld
868 2809 1028 2863 etiam
1061 2809 1112 2863 in
1141 2810 1444 2868 Abrahamo
1489 2812 1631 2882 fecit,
1672 2819 1823 2887 cujus

233 2901 564 2959 postremum
603 2904 875 2951 certamen
929 2899 1284 2956 immolandas
1334 2902 1474 2959 filius
1519 2915 1634 2961 erat
1668 2905 1820 2976 (Gen.

229 2981 324 3036 22.
354 2983 427 3053 1).
456 2983 606 3041 Tunc
632 2988 772 3041 enim
802 2986 1152 3046 intolerabilia
1175 2994 1390 3049 tolerari
1412 3004 1679 3065 poterunt,
1700 3014 1820 3055 cum

233 3075 289 3128 in
314 3075 513 3145 januis,
553 3088 610 3132 ttt
656 3080 725 3133 ita
757 3079 951 3148 dicam,
984 3081 1303 3150 inferuntur,
1349 3095 1403 3142 et
1437 3088 1543 3157 jam
1574 3092 1820 3159 proxima

229 3175 320 3220 est
349 3166 613 3225 liheratio.
644 3170 755 3226 Hoc
778 3180 833 3226 et
862 3181 986 3229 tunc
1010 3173 1153 3242 fecit,
1186 3192 1286 3232 nec
1313 3179 1459 3248 prius
1488 3177 1731 3239 Christus
1762 3200 1821 3241 se

233 3260 367 3325 ipsis
405 3263 830 3331 cognoscendum
885 3267 1149 3336 praebuit,
1208 3268 1380 3326 donec
1435 3273 1815 3331 clamaverunt.

229 3353 444 3417 Quanto
464 3351 607 3408 enim
641 3354 811 3425 major
838 3369 951 3411 erat
983 3358 1282 3429 trepidatio,
1312 3373 1458 3418 tanto
1485 3368 1686 3435 gratior
1705 3370 1822 3436 ejus

230 3445 521 3523 pnesentia
568 3446 849 3503 videbatur
896 3449 1043 3519 ipsis.
1094 3452 1225 3508 Cum
1277 3457 1420 3509 enim
1468 3458 1818 3528 clamassent,

227 3537 307 3589 ait
340 3552 354 3588 :
380 3538 470 3591 27.
495 3538 678 3593 Statim
707 3541 940 3613 loquutus
975 3554 1045 3597 est
1073 3546 1176 3601 illis
1210 3546 1362 3602 Iesus
1404 3548 1573 3607 dicens
1599 3569 1618 3607 :
1645 3554 1821 3625 Con/i-

230 3630 359 3695 dite,
388 3646 478 3700 ego
506 3648 639 3699 sum,
668 3635 823 3689 nolite
851 3636 1041 3692 timere.
1074 3638 1185 3694 lloc
1213 3640 1412 3697 dictum
1447 3644 1690 3701 timorem
1730 3665 1823 3703 ex.

229 3720 422 3786 cussit,
456 3729 509 3774 et
536 3722 779 3778 duciam
814 3725 1017 3781 indidit.
1050 3729 1182 3795 Quia
1217 3733 1359 3787 enim
1401 3734 1572 3803 ipsum
1608 3745 1731 3794 tunc
1754 3740 1821 3796 de

230 3813 366 3866 facie
392 3827 495 3866 non
524 3823 801 3882 noverant,
835 3827 887 3873 et
910 3818 981 3873 ob
1002 3816 1291 3877 inauditum
1311 3825 1612 3883 ambulandi
1631 3845 1817 3900 genus,

227 3910 287 3956 et
316 3901 388 3955 ob
415 3904 583 3958 noctis
617 3915 840 3976 tempus,
890 3923 920 3963 a
964 3924 1094 3966 voce
1132 3926 1190 3968 se
1230 3917 1556 3973 noscendum
1596 3923 1817 3990 prtebet.

228 3991 372 4055 Quid
411 3992 569 4062 igitur
609 3996 814 4060 Petrus,
872 4013 1083 4070 semper
1136 4000 1400 4072 fervidus,
1443 4018 1657 4079 semper
1694 4024 1819 4071 ante

228 4082 366 4137 alios
394 4086 730 4154 praesiliens?
758 4088 847 4144 28.
880 4088 1116 4161 Domine,
1162 4096 1207 4149 si
1250 4106 1304 4150 tu
1348 4116 1422 4163 es,
1464 4102 1652 4171 inquit,
1692 4106 1821 4176 jube

229 4190 311 4227 me
338 4176 506 4230 venire
546 4179 615 4231 ad
638 4186 686 4233 te
722 4195 875 4250 super
902 4198 1079 4247 aquas.
1120 4184 1234 4241 Non
1273 4184 1407 4244 dixit
1434 4209 1448 4244 :
1479 4193 1582 4249 Ora
1610 4205 1663 4250 et
1701 4212 1824 4266 pre-

226 4279 377 4329 care,
406 4266 504 4321 sed
531 4267 681 4322 Jube.
714 4269 897 4326 Viden
923 4284 1153 4343 quantus
1184 4276 1393 4335 fervor?
1418 4293 1614 4353 quanta
1650 4286 1819 4345 des?

225 4357 561 4427 Quamquam
602 4359 724 4417 hinc
765 4377 908 4434 strpe
945 4367 1350 4439 periclitaretur,
1393 4376 1534 4444 quod
1564 4378 1698 4435 ultra
1744 4383 1821 4435 vi-

227 4447 369 4501 tium
403 4463 705 4506 mensuram
732 4466 1014 4525 qumreret.
1055 4457 1185 4515 Nam
1236 4462 1322 4519 hic
1364 4479 1476 4521 rem
1531 4472 1816 4527 maximam

226 4542 553 4609 postulabat,
593 4545 662 4599 ob
702 4548 977 4604 caritatem
1012 4552 1211 4621 solum,
1258 4568 1363 4612 non
1407 4560 1471 4614 ad
1503 4564 1813 4621 ostentatio-

225 4644 373 4686 nem.
397 4631 512 4686 Neu
537 4634 679 4689 enim
702 4636 853 4702 dixit,
883 4638 1019 4696 Jube
1041 4657 1125 4698 me
1141 4645 1413 4702 ambulare
1437 4665 1599 4720 super
1615 4669 1814 4724 aquas;

222 4723 322 4779 sed
347 4724 515 4793 quid?
536 4727 670 4782 Jube
707 4745 788 4784 me
818 4733 984 4786 venire
1005 4736 1075 4788 ad
1111 4743 1177 4790 te.
1209 4737 1379 4796 Nemo
1406 4743 1602 4815 quippe
1632 4747 1700 4801 ita
1730 4723 1819 4804 Je-

223 4830 347 4869 sum
376 4818 607 4873 amabat.
643 4819 773 4877 illud
802 4823 962 4878 etiam
1014 4836 1135 4897 post
1180 4834 1624 4892 resurrectionem
1665 4839 1809 4896 fecit.

220 4907 411 4979 Neque
451 4911 594 4966 enim
625 4914 877 4971 sustinuit
916 4933 1038 4974 cum
1081 4923 1203 4978 aliis
1232 4928 1433 4995 venire,
1480 4930 1575 4986 sed
1616 4951 1817 5002 praecu-

220 4999 416 5056 cnrrit.
448 5001 555 5057 Nec
577 5005 739 5060 modo
774 5011 994 5078 amoris,
1026 5013 1120 5069 sed
1149 5017 1310 5073 etiam
1343 5020 1464 5077 fidei
1506 5040 1618 5079 sum
1655 5044 1814 5099 argu-

220 5102 405 5146 menta
444 5095 667 5163 praebet.
708 5097 891 5170 Neque
936 5101 1108 5159 solum
1160 5109 1384 5167 credidit
1435 5131 1590 5184 posse
1640 5095 1812 5189 ipsum

218 5183 496 5241 ambulare
523 5198 681 5258 supra
714 5198 880 5256 mare,
912 5193 1006 5250 sed
1034 5199 1192 5254 etiam
1223 5203 1341 5259 aliis
1380 5183 1561 5275 parem
1592 5183 1815 5270 faculta-

218 5279 333 5329 tem
382 5275 513 5332 dare
557 5292 572 5332 :
612 5279 985 5356 desidet-atque
1025 5290 1130 5344 cito
1166 5293 1233 5348 ad
1282 5295 1455 5366 ipsum
1506 5308 1811 5371 pervenire.

216 5364 314 5422 29.
344 5364 471 5436 Ipse
508 5380 675 5425 autem
720 5374 850 5429 dixit
875 5393 895 5431 :
930 5377 1073 5435 Veni.
1121 5381 1186 5438 Et
1215 5364 1331 5442 cum
1381 5364 1713 5451 descendisset
1750 5364 1814 5456 de

217 5458 457 5513 navicula
502 5460 708 5532 Petrus,
749 5468 1041 5527 ambulabat
1068 5489 1224 5545 super
1259 5496 1436 5551 aquas,
1486 5496 1534 5540 et
1574 5490 1705 5544 venit
1742 5493 1812 5547 ad

214 5547 418 5604 Iesum.
455 5553 543 5608 30.
577 5555 675 5611 Ubi
713 5559 836 5614 vidit
877 5574 1044 5618 autem
1082 5578 1281 5625 ventum
1304 5547 1562 5647 validum,
1599 5582 1811 5642 timuit:

214 5654 400 5699 etcum
429 5649 656 5716 coepisset
685 5656 861 5724 mergi,
908 5657 1143 5717 clamavit
1188 5666 1375 5734 dicens,
1427 5670 1659 5745 Domine,
1700 5680 1809 5735 sal-

214 5749 332 5791 vum
358 5753 438 5793 me
459 5741 562 5804 fac.
594 5743 685 5798 51.
718 5743 903 5803 Statim
946 5766 1061 5807 vero
1094 5752 1244 5812 Iesus
1288 5766 1557 5823 extendens
1601 5786 1805 5829 manum

1322 316 1393 373 1N
1883 311 2115 375 ilOMlL.
2161 322 2218 376 l..
2260 329 2329 382 al.
2375 283 2457 385 ii.

1940 436 2270 503 apprehendit
2297 458 2431 506 eum,
2458 453 2505 498 et
2533 446 2654 500 dicit
2682 450 2727 502 ei
2749 467 2767 504 :
2797 451 3015 507 Modica:
3052 459 3191 525 dei,
3232 479 3385 529 quare
3412 466 3524 520 du

1938 526 2106 581 bitasti
2128 531 2155 583 ?
2179 530 2289 587 Hoc
2315 535 2495 604 priore
2519 538 2815 597 mirabilius
2833 553 2931 599 est.
2962 546 3083 602 Ideo
3123 526 3252 619 posti
3277 556 3399 611 illud
3430 575 3521 615 ac-

1938 620 2083 675 cidit.
2113 620 2242 679 Cum
2282 629 2424 682 enim
2455 632 2777 690 ostendisset
2818 651 2877 692 se
2917 643 3049 696 mari
3083 644 3364 716 imperare,
3398 662 3524 710 tunc

1937 714 2141 783 signum
2170 719 2461 778 mirabilius
2489 725 2684 781 effecit.
2709 728 2860 785 Tunc
2880 734 3021 788 enim
3050 739 3223 793 ventis
3245 741 3538 811 imperavit.

1939 815 2177 876 tantum;
2209 820 2350 869 nunc
2392 828 2568 874 autem
2599 828 2653 875 et
2680 822 2792 891 ipse.
2825 826 3081 889 ambulat,
3112 839 3166 885 et
3207 833 3366 888 alium
3400 852 3521 906 per-

1936 901 2095 956 mittit
2119 905 2392 963 ambulare
2426 927 2439 963 :
2470 911 2611 979 quod
2639 913 2681 966 si
2708 915 2853 969 initio
2873 917 3140 986 jussisset,
3172 939 3276 978 non
3302 927 3379 981 sic
3403 945 3519 984 eam

1934 1006 2045 1045 rem
2075 996 2397 1066 suscepisset
2424 1000 2633 1070 Petrus,
2664 1004 2790 1073 quia
2814 1008 3048 1063 nondum
3095 1022 3239 1070 tanta
3267 1017 3521 1085 praeditus

1932 1092 2047 1138 erat
2072 1083 2197 1141 fide.

2002 1179 2057 1235 2.
2086 1181 2195 1235 Cur
2218 1198 2348 1254 ergo
2375 1186 2619 1243 Christus
2647 1190 2697 1243 id
2728 1193 3008 1260 permisit?
3045 1195 3176 1265 Quia
3203 1200 3247 1255 si
3274 1200 3517 1267 dixisset,

1930 1269 2047 1324 Non
2075 1282 2251 1341 potes,
2282 1276 2390 1344 ille,
2418 1279 2507 1346 qui
2535 1278 2745 1335 fervens
2762 1292 2895 1350 erat,
2918 1289 3344 1347 contradixisset.
3370 1293 3533 1350 ldeom

1931 1377 2035 1431 que
2061 1378 2125 1417 ex
2156 1364 2267 1434 ipsa
2298 1383 2357 1422 re
2399 1369 2547 1425 illum
2579 1372 2628 1427 id
2671 1388 2978 1442 persuasum
3022 1379 3220 1437 habere
3247 1386 3432 1452 voluit,
3460 1396 3520 1443 ut

1931 1452 1987 1507 in
2025 1450 2205 1509 futuro
2245 1457 2538 1515 modestior
2562 1471 2719 1517 esset.
2764 1464 2868 1520 Sed
2911 1483 3085 1539 neque
3129 1472 3208 1527 sic
3253 1489 3312 1529 se
3344 1450 3520 1546 potest

1930 1549 2225 1605 continere.
2257 1548 2388 1606 Cum
2433 1554 2797 1613 descendisset
2834 1560 3011 1630 igitur,
3054 1565 3298 1625 [luctibus
3338 1571 3519 1641 exegi.

1931 1638 2139 1694 labatur
2168 1658 2181 1695 :
2211 1641 2432 1699 timebat
2455 1646 2617 1701 enim.
2660 1647 2728 1703 Ut
2766 1652 3140 1722 exagitaretur,
3177 1658 3367 1714 [luctus
3390 1638 3517 1717 elice

1928 1729 2027 1793 cit;
2061 1740 2117 1784 ut
2145 1731 2373 1799 timeret,
2418 1746 2627 1793 ventus.
2665 1739 2899 1798 Joannes
2942 1742 3089 1817 (Cap.
3119 1746 3173 1802 6.
3197 1748 3289 1820 21)
3338 1762 3529 1812 autent

1928 1823 2021 1884 ait,
2046 1822 2274 1879 voluisse
2294 1840 2387 1880 eos
2409 1828 2576 1897 ipsum
2608 1831 2658 1885 in
2693 1834 2987 1891 naviculam
3013 1839 3274 1909 accipere,
3305 1851 3360 1899 et
3385 1858 3517 1900 cono

1928 1908 2102 1967 fi-stim
2142 1915 2437 1973 naviculam
2468 1921 2677 1977 venisse
2702 1924 2767 1979 ad
2800 1935 3016 1995 terram,
3044 1931 3109 1986 ad
3133 1908 3296 2002 quam
3332 1937 3517 1992 tende-

1931 2002 2090 2069 bant;
2143 2006 2369 2076 idipsum
2417 2011 2747 2082 significans,
2778 2017 2848 2072 ita
2882 2029 2939 2074 ut
2963 2035 3086 2077 cum
3111 2025 3177 2079 ad
3206 2035 3401 2082 terram
3424 2044 3518 2099 ap-

1928 2093 2129 2162 pulsuri
2165 2108 2364 2165 essent,
2397 2100 2450 2155 in
2489 2105 2755 2175 navigium
2778 2111 3110 2167 ascenderet.
3134 2112 3264 2169 Cum
3294 2117 3519 2174 descen-

1926 2184 2131 2242 dissent
2157 2203 2284 2260 ergo
2310 2191 2377 2246 de
2402 2195 2545 2261 navi,
2579 2196 2644 2251 ad
2672 2199 2844 2266 ipsum
2874 2202 2999 2266 ibat,
3033 2221 3138 2260 non
3168 2207 3237 2261 ita
3277 2213 3517 2280 gaudens

1927 2278 2068 2346 quod
2118 2293 2278 2351 supra
2317 2299 2484 2354 aquas
2526 2288 2841 2356 ambularet,
2871 2309 3030 2362 quam
3058 2298 3198 2365 quod
3228 2278 3301 2355 ad
3342 2303 3521 2372 ipsum

1928 2371 2131 2426 veniret
2168 2390 2181 2425 :
2210 2382 2406 2429 etcum
2438 2376 2488 2430 id
2519 2379 2658 2447 quod
2688 2381 2860 2451 majus
2881 2394 2996 2440 erat
3021 2371 3420 2459 assequeretur,
3448 2411 3516 2454 ex

1928 2461 2121 2517 minori
2151 2465 2546 2533 periclitaturus
2586 2482 2722 2538 erat,
2761 2488 2792 2526 a
2824 2477 2963 2530 venti
3005 2478 3124 2532 dico
3156 2481 3377 2552 impetu,
3407 2502 3515 2543 non

1927 2567 1957 2607 a
1989 2555 2139 2609 mari.
2172 2555 2313 2611 Talis
2338 2560 2533 2630 quippe
2564 2571 2647 2617 est
2684 2560 2911 2620 humana
2948 2579 3135 2625 natura
3165 2588 3177 2624 :
3211 2589 3355 2645 saepe
3391 2591 3512 2633 cum

1930 2661 2117 2717 magna
2145 2651 2430 2719 superavit,
2458 2668 2489 2706 a
2512 2654 2805 2711 minoribus
2834 2659 3082 2717 vincitur.

2004 2730 2184 2795 Petrus
2209 2758 2310 2797 non
2340 2745 2438 2797 nisi
2462 2744 2722 2815 deciente
2760 2750 2861 2814 de
2892 2768 3040 2821 super
3065 2772 3223 2824 aquas
3252 2759 3504 2814 titubavit.

1930 2824 2169 2886 Christus
2204 2834 2481 2889 divinitatis
2526 2855 2631 2893 sua:
2675 2841 2826 2909 dem
2869 2844 3158 2901 adstruebat
3204 2850 3391 2905 nedum
3428 2856 3510 2908 de.

1928 2930 2161 2975 strueret.
2206 2922 2273 2976 In
2298 2923 2620 2981 Eucharistia
2648 2928 2812 3000 ipsum
2856 2933 3043 2988 Christi
3069 2953 3251 3008 corpus
3288 2943 3511 2997 comedi-

1928 3021 2028 3067 tur.
2131 3015 2281 3083 Quod
2301 3019 2459 3073 etiam
2480 3020 2623 3075 Elias
2640 3023 2739 3077 sub
2760 3022 3003 3081 Jezabele
3029 3044 3218 3099 passus
3240 3040 3341 3096 est,
3370 3035 3510 3104 quod

1929 3106 2137 3178 Moyses
2157 3110 2223 3164 ab
2243 3110 2516 3183 Egyptio,
2542 3114 2707 3170 David
2734 3133 2761 3172 a
2788 3118 3071 3177 Bersabee.
3099 3121 3172 3177 Ita
3192 3133 3247 3179 et
3279 3124 3467 3182 Petrus
3495 3145 3511 3182 :

1928 3198 2157 3256 instante
2188 3203 2365 3260 adhuc
2405 3216 2609 3263 terrore
2646 3224 2809 3279 super
2834 3227 3002 3282 aquas
3037 3216 3316 3274 ambulare
3352 3234 3513 3278 ausus

1928 3302 2030 3358 est,
2061 3295 2152 3350 sed
2192 3308 2375 3353 contra
2420 3304 2563 3356 venti
2602 3304 2859 3373 impetum
2904 3320 3046 3365 Stare
3087 3328 3192 3368 non
3238 3317 3428 3384 potuit,
3461 3326 3515 3374 et

1929 3384 2029 3441 hoc
2074 3402 2192 3442 cum
2229 3405 2393 3463 prope
2434 3392 2704 3450 Christum
2744 3408 2905 3455 esset.
2948 3401 3022 3454 ita
3064 3404 3195 3460 nihil
3219 3405 3370 3475 juvat
3394 3424 3514 3466 esse

1926 3492 2093 3548 prope
2116 3479 2408 3550 Christum,
2433 3485 2536 3541 nisi
2569 3487 2673 3542 fide
2702 3506 2864 3561 pr0pe
2888 3494 2983 3547 sis.
3012 3495 3125 3552 lloc
3152 3512 3315 3567 porro
3334 3518 3511 3571 quan

1929 3578 2041 3623 tum
2061 3581 2202 3626 esset
2228 3571 2368 3628 inter
2391 3574 2699 3646 Magistrum
2738 3589 2793 3636 et
2816 3582 3135 3654 discipulum
3173 3590 3510 3649 intervallum

1925 3662 2177 3729 ostendit,
2204 3663 2426 3735 aliisque
2452 3669 2805 3727 consnlationi
2832 3672 2948 3727 fuit.
2981 3674 3109 3731 Nam
3139 3678 3183 3732 si
3211 3679 3278 3735 de
3306 3681 3513 3741 duobus

1927 3752 2179 3812 fratribus
2219 3758 2339 3813 irati
2370 3770 2516 3828 sunt,
2554 3765 2725 3818 multo
2758 3767 2926 3837 magis
2960 3767 3048 3824 hic
3083 3771 3335 3843 indignati
3379 3775 3512 3833 fuisv

1925 3854 2046 3901 sent
2076 3865 2091 3903 :
2127 3849 2364 3905 nondum
2406 3854 2547 3907 enim
2588 3856 2843 3925 Spiritum
2878 3868 3121 3918 sanctum
3173 3879 3514 3937 acceperant.

1928 3935 2031 3992 Sed
2059 3948 2242 4008 postea
2281 3957 2383 3997 non
2417 3944 2552 3999 tales
2598 3945 2829 4003 fuerunt.
2875 3948 3083 4023 Ubique
3125 3956 3268 4011 enim
3304 3935 3513 4029 primas

1927 4027 2084 4085 Petro
2100 4032 2498 4115 concedunttet
2526 4036 2592 4091 ad
2621 4040 2907 4097 conciones
2934 4044 3173 4112 publicas
3198 4027 3348 4104 illum
3371 4066 3513 4121 prte-

1927 4118 2122 4189 ferunt,
2149 4126 2388 4193 quamvis
2412 4129 2619 4185 steteris
2641 4132 2823 4187 rudior
2847 4133 3134 4193 videretur.
3158 4137 3262 4195 Sed
3290 4118 3386 4197 cur
3408 4159 3514 4202 non

1927 4210 2206 4282 imperavit
2234 4216 2405 4271 ventis
2451 4226 2509 4272 ut
2545 4223 2899 4291 quiescerent,
2946 4228 3040 4282 sed
3087 4241 3304 4287 extensa
3354 4250 3513 4294 manu

1911 4303 2277 4372 apprehendit
2324 4309 2487 4362 eum?
2515 4310 2647 4378 Quia
2687 4314 2789 4370 fide
2831 4316 2999 4385 ipsius
3038 4336 3175 4390 opus
3202 4333 3335 4379 erat.
3377 4327 3513 4384 Cum

1925 4395 2067 4448 enim
2096 4405 2274 4453 nostra
2307 4398 2574 4469 desinunt,
2599 4419 2714 4474 quae
2743 4406 2841 4462 Dei
2871 4417 2995 4464 sunt
3032 4412 3191 4468 etiam
3230 4415 3509 4475 sistentur.

1924 4485 2223 4544 Ostendens
2258 4490 2437 4561 igitur,
2467 4508 2574 4549 non
2613 4497 2755 4553 venti
2788 4499 3067 4569 impetum,
3110 4504 3206 4559 sed
3245 4506 3513 4567 modicam

1924 4576 2041 4648 ejus
2069 4579 2225 4635 fidem
2266 4582 2439 4652 ipsum
2474 4587 2750 4655 evertisse,
2790 4590 2864 4645 ait
2889 4608 2902 4644 :
2930 4591 3150 4648 Modica
3175 4596 3316 4666 dei,
3355 4617 3514 4671 quare

1924 4672 2206 4731 dubitasti?
2230 4674 2410 4748 itaque
2436 4679 2536 4733 nisi
2561 4679 2693 4737 fides
2714 4682 2922 4738 infirma
2956 4684 3163 4754 fuisset,
3195 4690 3355 4746 etiam
3375 4708 3510 4750 con

1925 4775 2006 4822 tra
2048 4776 2266 4824 ventum
2308 4770 2464 4827 facile
2513 4775 2769 4831 stetisset.
2811 4776 3145 4850 Quapropter
3190 4783 3281 4837 illo
3322 4800 3511 4855 appre-

1923 4856 2112 4926 henso,
2141 4869 2356 4917 ventum
2396 4862 2524 4921 are
2569 4865 2796 4931 sinebat,
2828 4870 3118 4927 ostendens
3157 4873 3291 4929 nihil
3333 4876 3509 4946 ipsum

1923 4949 2140 5019 laedere,
2170 4951 2217 5008 si
2254 4953 2386 5011 fides
2425 4957 2578 5014 rma
2621 4971 2787 5016 esset.
2832 4961 2903 5019 Et
2948 4964 3086 5019 sicut
3123 4967 3348 5035 pullum,
3384 4978 3510 5025 ante

1923 5048 2129 5112 tempus
2178 5060 2210 5101 e
2262 5046 2387 5102 nido
2432 5064 2731 5120 egressum,
2780 5062 2838 5107 et
2873 5054 3094 5125 jamjam
3145 5057 3506 5127 delapsnrum.

1920 5145 2091 5192 mater
2117 5138 2218 5193 alis
2248 5149 2554 5198 sustentans
2589 5143 2641 5197 in
2682 5144 2860 5199 nidum
2894 5147 3117 5214 reducit,
3149 5149 3227 5203 sic
3264 5160 3319 5205 et
3355 5151 3513 5206 Chri~

1919 5235 2034 5282 stus
2071 5227 2215 5284 fecit.
2260 5230 2350 5287 52.
2381 5230 2451 5288 Et
2471 5249 2585 5287 cum
2609 5237 2947 5290 ascendissent
2974 5239 3026 5291 in
3053 5242 3352 5302 naviculam.
3390 5256 3508 5298 tunc

1917 5321 2127 5374 cessavit
2174 5332 2367 5377 ventus.
2409 5324 2564 5380 Prius
2602 5327 2814 5396 quidem
2862 5328 3110 5388 dicebant
3146 5350 3161 5387 :
3206 5333 3385 5400 Qualis
3430 5348 3507 5393 est

1918 5409 1998 5461 hic
2024 5410 2193 5477 homo,
2227 5414 2344 5483 quia
2364 5417 2493 5469 venti
2514 5426 2559 5470 et
2575 5434 2713 5472 mare
2731 5419 2968 5476 obediunt
2987 5424 3034 5477 ei
3055 5423 3265 5488 (Matth.
3295 5429 3346 5483 8.
3371 5429 3507 5501 27)?

1916 5502 2066 5559 Nunc
2085 5516 2262 5560 autem
2299 5523 2403 5562 non
2430 5511 2525 5563 sic.
2558 5510 2647 5565 55.
2685 5511 2818 5567 Nam
2858 5512 2959 5580 Qui
2986 5516 3041 5571 in
3078 5519 3310 5574 navicula
3339 5530 3503 5590 erant,

1916 5595 2106 5666 inquit,
2146 5601 2394 5655 venientes
2422 5602 2759 5659 adoraverunt
2803 5622 2919 5662 eum
2946 5608 3167 5666 dicentes
3195 5628 3214 5666 :
3250 5612 3377 5667 Vere
3408 5612 3505 5668 Fi-

1915 5688 2013 5742 lius
2035 5688 2134 5744 Dei
2162 5708 2234 5747 es.
2281 5692 2462 5748 Viden
2497 5697 2763 5766 quomodo
2798 5701 3046 5771 paulatim
3082 5704 3149 5759 ad
3187 5705 3502 5765 sublimiora

1916 5794 2101 5837 onmes
2128 5781 2323 5839 ducat?
2360 5785 2491 5842 Nam
2532 5791 2657 5854 quia
2695 5792 2747 5848 in
2789 5795 2919 5850 mari
2946 5797 3255 5862 ambulavit.
3292 5809 3341 5854 et
3376 5800 3497 5867 quia
