3908 6198
388 260 494 315 507

386 368 547 424 alium
572 366 732 439 jussit
759 368 811 424 id
840 366 1034 433 facere,
1067 383 1130 424 ac
1152 369 1537 439 periclitantem
1572 372 1823 431 servavit,
1848 370 1971 423 hinc

388 460 522 517 ﬁdes
560 477 747 517 eorum
793 460 1083 515 admodum
1116 470 1267 514 aucta
1319 473 1419 516 est.
1456 461 1607 515 Tunc
1646 464 1786 516 enim
1828 477 1972 516 mare

386 557 701 626 increpavit,
733 571 873 610 nunc
914 568 1018 607 non
1060 554 1317 623 increpat,
1356 554 1459 608 alio
1488 555 1780 623 majorique
1814 554 1972 608 modo

386 648 676 717 potentiam
701 662 853 702 suam
881 645 1188 701 ostendens.
1228 644 1351 699 Ideo
1394 645 1639 700 dicebant
1668 663 1683 700 :
1721 645 1847 698 Vere
1876 643 1969 698 Fi-

386 742 487 796 lias
518 739 615 795 Dei
641 757 712 794 es.
753 739 890 808 Quid
918 740 1075 809 igitur
1097 739 1125 791 ?
1158 754 1224 792 an
1258 739 1557 808 increpavit
1592 752 1687 793 eos
1732 738 1821 807 qui
1873 739 1971 791 hoc

387 831 665 887 dicerent?
692 831 804 885 lino
832 840 1015 884 contra
1042 829 1261 884 omnino
1291 845 1303 881 :
1336 828 1437 882 hoc
1463 828 1662 883 dictum
1689 829 1847 882 etiam
1877 827 1971 880 ﬁr-

386 924 570 989 mavit,
602 938 721 978 eum
765 921 950 992 majori
984 928 1244 990 potestate
1284 935 1477 975 curans
1507 934 1599 974 eos
1627 919 1716 989 qui
1746 917 1969 973 accede-

386 1021 543 1079 rent,
573 1023 627 1068 et
677 1027 783 1067 non
826 1021 883 1067 ut
931 1020 1106 1067 antea.
1142 1011 1232 1066 Si.
1286 1009 1354 1063 Et
1393 1026 1506 1062 cum
1545 1014 1966 1079 transfretassent,

387 1105 579 1175 inquit,
608 1113 847 1159 venerunt
880 1104 933 1156 in
964 1113 1148 1156 terram
1183 1102 1473 1156 Genesaret.
1510 1103 1601 1157 35.
1648 1101 1711 1155 Et
1740 1119 1854 1155 cum
1881 1119 1969 1156 co-

385 1199 671 1269 gnovissent
698 1213 811 1251 eum
849 1198 940 1249 viri
970 1196 1070 1249 loci
1096 1196 1253 1260 illius,
1286 1196 1524 1249 miserunt
1555 1196 1606 1248 in
1634 1212 1831 1250 omnem
1872 1196 1972 1248 cir-

384 1306 501 1344 cum
535 1291 786 1360 regionem
811 1288 975 1354 illam,
1007 1296 1053 1340 et
1083 1286 1364 1340 obtulerunt
1401 1289 1448 1340 ei
1491 1303 1662 1340 omnes
1702 1286 1830 1340 mute
1872 1286 1969 1338 Ita-

385 1382 574 1445 tentes,
605 1382 693 1437 36.
724 1392 770 1437 et
791 1380 1033 1452 rogabant
1054 1388 1105 1432 ut
1130 1387 1385 1450 tangerent
1414 1378 1665 1448 ﬁmbriam
1696 1378 1970 1432 vestimenti

385 1475 514 1545 ejus,
542 1482 593 1528 et
617 1483 855 1545 quotquot
894 1472 1181 1543 tetigerunt,
1206 1471 1335 1525 salvi
1368 1472 1489 1542 facti
1520 1479 1659 1525 sunt.
1687 1469 1800 1524 Non
1827 1469 1968 1524 enim

383 1575 443 1620 ut
468 1565 613 1636 prius
637 1566 808 1635 ipsum
836 1565 901 1618 ad
927 1565 1116 1618 domos
1146 1577 1272 1618 suas
1296 1562 1596 1627 trahebant,
1628 1576 1726 1616 nec
1760 1575 1969 1629 quaere-

382 1656 511 1712 bant
540 1665 597 1711 ut
616 1673 773 1712 manu
797 1665 1053 1727 tangeret,
1079 1670 1144 1712 ae
1156 1656 1331 1712 verbis
1360 1656 1647 1725 imperaret
1671 1672 1684 1707 :
1712 1653 1807 1709 sed
1840 1652 1966 1708 sub-

382 1748 562 1804 limius
587 1748 1006 1819 sapientiusque,
1047 1763 1110 1802 ac
1145 1763 1265 1804 cum
1294 1747 1478 1817 majori
1507 1746 1610 1801 ﬁde
1639 1746 1966 1801 curationem

383 1839 758 1912 impetrabant.
780 1838 913 1894 Nam
942 1854 1002 1895 ea
1041 1854 1160 1909 qua:
1202 1840 1401 1893 tluxum
1432 1836 1704 1907 sanguinis
1735 1837 1971 1906 patieba-

384 1944 490 2000 tur,
535 1933 784 1988 omnibus
825 1931 1174 2001 pliilOSOphia:
1222 1930 1378 2000 hujus
1428 1930 1677 1999 magistra
1727 1929 1843 1983 fuit.
1898 1928 1970 1984 Ut

382 2023 630 2080 ostendat
671 2031 847 2077 autem
898 2022 1242 2092 evangelista,
1293 2020 1401 2090 jam
1448 2035 1479 2072 a
1522 2021 1693 2073 multo
1729 2029 1971 2089 tempore

382 2114 558 2185 ipsum
588 2114 643 2169 in
692 2118 789 2169 has
836 2123 1016 2183 partes
1054 2112 1287 2174 venisse,
1328 2114 1444 2165 ait:
1474 2109 1600 2166 Cum
1629 2111 1969 2181 cognovissent

382 2206 478 2261 uiri
498 2206 597 2260 loci
622 2206 782 2272 imus,
812 2206 1056 2260 miserunt
1076 2204 1144 2256 ad
1166 2219 1363 2258 omnem
1397 2203 1589 2256 circum
1615 2203 1894 2272 regionem,
1923 2212 1971 2255 et
2018 2200 2021 2203 ⁷

383 2306 600 2369 ingratos
628 2295 903 2363 offerebant
924 2296 991 2351 ei.
1018 2297 1265 2349 Attame
1296 2304 1505 2363 tempus
1532 2309 1635 2348 non
1666 2293 1824 2349 modo
1862 2310 1969 2349 non

384 2391 541 2445 solvit
571 2390 752 2456 tidem,
774 2389 870 2443 sed
893 2397 947 2443 et
974 2387 1230 2457 majorem
1259 2385 1454 2451 eﬂecit,
1487 2395 1541 2440 et
1564 2386 1828 2456 vigentem
1857 2402 1971 2441 ser-

382 2482 545 2536 vavit.
585 2480 887 2551 Tangamus
926 2494 1054 2547 ergo
1096 2492 1193 2531 nos
1235 2491 1447 2547 quoque
1496 2476 1757 2530 ﬁmbriam
1804 2478 1971 2532 vesti-

385 2572 548 2628 menti
577 2571 725 2642 ejus;
754 2570 884 2636 imo,
918 2569 962 2624 si
1001 2569 1243 2635 velimus,
1281 2576 1448 2621 totum
1475 2567 1647 2637 ipsum
1688 2567 1966 2624 habemus.

382 2663 515 2719 Nam
539 2677 733 2733 corpus
770 2676 912 2717 nunc
956 2660 1110 2715 nobis
1140 2660 1468 2731 propositum
1507 2668 1621 2725 est;
1664 2675 1771 2713 non
1803 2659 1968 2717 vesti-

383 2766 621 2813 mentum
648 2766 869 2820 tantum,
899 2754 991 2809 sed
1014 2769 1237 2823 corpus;
1260 2769 1363 2809 non
1392 2762 1450 2809 ut
1473 2760 1751 2824 tangamus
1772 2754 1967 2820 solum,

382 2850 476 2904 sed
517 2849 677 2904 etiam
707 2857 766 2902 ut
808 2846 1173 2911 eomedamus,
1223 2855 1277 2899 ct
1319 2845 1595 2900 satiemur.
1636 2845 1969 2901 Aeccdamus

381 2945 559 3014 itaque
584 2957 706 2999 cum
740 2940 862 3005 ﬁde,
891 2940 1081 3009 singuli
1117 2947 1457 3009 aegrotantes.
1486 2938 1617 2993 Nam
1648 2940 1690 2992 si
1723 2940 1756 2993 ii
1786 2940 1874 3009 qui
1916 2940 1967 2992 iu

384 3033 650 3091 ﬁmbriam
685 3032 987 3087 vestimenti
1026 3030 1141 3099 ejus
1176 3031 1481 3099 tangebaut,
1522 3038 1718 3083 tantam
1755 3030 1853 3084 sibi
1884 3040 1967 3082 at-

382 3136 592 3181 traxere
635 3126 908 3189 virtutem,
956 3132 1154 3193 quanto
1188 3125 1357 3192 magis
1396 3124 1430 3176 ii
1481 3124 1568 3192 qui
1601 3132 1767 3176 totmn
1799 3124 1967 3193 ipsum

380 3219 601 3275 tenent?
651 3197 924 3273 Accedere
961 3225 1137 3269 autem
1189 3231 1310 3269 cum
1362 3214 1466 3269 ﬁde
1496 3230 1602 3268 non
1644 3225 1727 3270 est
1766 3224 1967 3269 tantum

377 3313 713 3382 prepositum
767 3325 961 3379 corpus
1004 3309 1280 3377 accipere,
1325 3307 1420 3362 sed
1461 3322 1581 3362 cum
1632 3322 1762 3376 puro
1810 3306 1970 3361 corde

383 3412 621 3471 tangere,
654 3410 814 3470 atque
840 3402 907 3453 ita
938 3397 1185 3454 affectum
1213 3412 1348 3463 esse,
1381 3411 1445 3451 ac
1463 3397 1505 3451 si
1528 3396 1595 3451 ad
1619 3398 1788 3466 ipsum
1820 3396 1973 3452 Chri-

384 3501 524 3549 stum
551 3492 794 3548 accedas.
818 3491 953 3559 Quid
981 3491 1146 3557 enim,
1190 3491 1235 3545 si
1273 3504 1459 3544 vocem
1499 3490 1613 3559 ejus
1651 3506 1753 3544 non
1781 3490 1973 3543 audis?

386 3587 454 3641 At
476 3583 622 3638 vides
646 3583 788 3637 illum
809 3583 1094 3651 jacentcm,
1125 3582 1232 3635 imo
1266 3596 1393 3634 vero
1426 3595 1611 3636 vocem
1640 3580 1756 3650 ejus
1796 3580 1969 3647 audis,

385 3676 655 3748 loquentis
679 3690 770 3743 per
794 3666 1166 3743 cvang'elistas.

457 3768 510 3821 ὃ.
541 3765 754 3821 Credite
788 3765 964 3834 igitur,
996 3778 1137 3818 nunc
1171 3763 1315 3817 illam
1351 3777 1558 3818 etenam
1597 3763 1878 3830 celebrari,
1920 3766 1973 3819 in

387 3874 491 3930 qua
522 3859 637 3928 ipse
658 3856 1016 3911 recumbebat.
1050 3854 1191 3910 Nihil
1212 3856 1405 3925 quippe
1432 3855 1547 3910 haec
1569 3856 1637 3911 ab
1658 3856 1744 3911 illa
1775 3857 1970 3911 diﬁ‘ert.

387 3950 573 4019 Neque
608 3949 751 4004 enim
793 3947 932 4003 hanc
972 3947 1134 4002 homo
1174 3946 1360 4013 el‘licit,
1395 3948 1537 4002 illam
1581 3948 1842 4014 Christus,
1878 3952 1971 4003 sed

390 4043 478 4099 hic
520 4042 636 4113 ipso
682 4049 981 4111 utramque.
1031 4038 1254 4109 Quando
1304 4040 1464 4110 igitur
1503 4040 1835 4105 sacerdotem
1881 4043 1972 4097 tibi

389 4134 716 4205 praebentem
758 4131 925 4197 vides,
964 4146 1032 4187 ne
1066 4138 1219 4202 putes
1252 4131 1584 4187 sacerdotem
1631 4132 1735 4189 hoc
1767 4133 1971 4198 facere;

388 4226 484 4282 sed
509 4224 701 4281 Christi
734 4232 947 4278 manum
988 4238 1110 4279 esse
1147 4238 1266 4293 qua:
1295 4223 1615 4279 extenditur.
1648 4224 1798 4280 Sicut
1832 4226 1974 4280 enim

389 4334 511 4373 cum
549 4315 800 4372 sacerdos
829 4314 1079 4386 baptizat,
1109 4328 1214 4368 non
1243 4315 1356 4385 ipse
1396 4315 1646 4386 baptizat,
1686 4315 1779 4371 sed
1814 4317 1972 4383 Deus,

389 4410 478 4481 qui
505 4418 665 4480 caput
692 4420 838 4464 tuum
869 4408 1118 4465 invisibili
1160 4408 1353 4464 virtute
1391 4417 1553 4474 tenet,
1584 4425 1647 4465 ac
1682 4408 1857 4480 neque
1882 4428 1977 4466 an-

388 4502 560 4571 gelus,
586 4514 758 4570 neque
794 4500 1160 4571 archangelus,
1208 4515 1305 4555 nec
1352 4500 1486 4556 alius
1511 4502 1771 4571 quispiam
1817 4503 1976 4557 audet

389 4592 649 4648 accedere
682 4601 735 4647 et
761 4601 813 4646 te
842 4601 1057 4662 tangere
1085 4610 1099 4644 :
1130 4592 1208 4647 sic
1242 4601 1297 4647 et
1322 4608 1481 4648 nunc.
1517 4593 1650 4649 Nam
1683 4610 1804 4650 cum
1837 4595 1977 4651 Deus

390 4685 538 4739 solus
565 4692 864 4753 regenerat,
892 4684 946 4738 id
994 4685 1085 4739 Dei
1119 4684 1285 4739 solius
1322 4684 1520 4740 donum
1548 4694 1651 4740 est.
1681 4685 1867 4742 Nonne
1897 4688 1977 4741 vi-

391 4776 488 4833 des
512 4790 607 4831 eos
643 4774 733 4844 qui
764 4774 850 4829 hic
888 4774 941 4829 in
986 4774 1125 4830 ﬁlios
1168 4774 1508 4845 adoptantur,
1559 4778 1829 4845 quomodo
1868 4794 1975 4833 non

391 4884 505 4926 rem
551 4868 722 4923 servis
766 4868 1121 4934 committant,
1168 4866 1262 4923 sed
1294 4868 1393 4937 ipsi
1432 4866 1498 4922 ad
1528 4867 1701 4923 forum
1724 4870 1977 4939 judiciale

388 4962 606 5019 adsint?
638 4958 727 5017 Sic
757 4961 895 5015 Deus
925 4976 1030 5014 non
1057 4960 1259 5029 angelis
1298 4960 1400 5015 hoc
1442 4976 1636 5015 munus
1660 4961 1927 5016 commisit
1960 4982 1973 5017 :

390 5054 484 5111 sed
506 5054 620 5124 ipse
640 5053 793 5108 adest
814 5052 1008 5122 jubens
1038 5061 1093 5107 et
1119 5051 1304 5107 dicens
1336 5069 1349 5107 :
1382 5052 1559 5107 Nolite
1580 5067 1761 5107 vocare
1783 5066 1977 5125 patrem

388 5153 541 5215 super
565 5156 747 5201 terram
772 5145 983 5218 (Matth.
1010 5145 1101 5200 25.
1129 5144 1218 5217 9);
1249 5160 1353 5200 non
1381 5153 1441 5199 ut
1466 5156 1713 5215 parentes
1740 5155 1978 5201 contem-

392 5248 513 5304 nat;
541 5238 633 5293 scd
662 5247 719 5291 ut
763 5238 866 5291 illis
903 5238 1150 5292 omnibus
1182 5236 1439 5291 faetorem
1472 5247 1618 5292 tuum
1659 5246 1973 5308 anteponas,

392 5331 480 5400 qui
514 5340 565 5386 te
604 5331 742 5384 inter
773 5330 911 5385 ﬁlios
938 5345 1065 5386 suos
1094 5330 1393 5401 adscripsit.
1432 5330 1562 5385 Nam
1591 5330 1679 5400 qui
1734 5331 1783 5385 id
1833 5332 1974 5401 quod

391 5426 563 5493 majus
584 5433 699 5479 erat
725 5424 890 5485 dedit,
923 5426 1023 5479 hoc
1051 5434 1151 5489 est,
1187 5426 1440 5493 seipsum,
1482 5426 1649 5479 multo
1686 5425 1854 5496 magis
1892 5424 1977 5480 di—

387 5516 636 5587 gnabitur
663 5530 816 5570 suum
843 5516 935 5570 tibi
964 5516 1177 5571 tradere
1216 5531 1429 5586 corpus.
1460 5516 1751 5571 Audiamus
1796 5517 1976 5586 igitur,

387 5619 438 5661 et
479 5607 806 5671 sacerdotes,
838 5616 892 5662 et
918 5607 1111 5661 subditi
1152 5608 1252 5673 eis,
1300 5616 1497 5676 quanto
1533 5622 1753 5663 munere
1779 5607 1979 5678 dignati

388 5704 583 5763 sinitis;
624 5697 925 5765 audiamus;
967 5706 1019 5753 et
1061 5699 1546 5768 perhorrescamus.
1588 5698 1777 5755 Sacras
1824 5700 1978 5755 nobis

1043 256 1103 314 S.
1141 254 1418 314 JOANNIS
1452 255 1926 315 CHRYSOSTOMI
1972 258 2289 316 AllClllEP.
2329 259 2861 320 CONSTANTINOP.

2080 386 2269 426 carnes
2296 386 2424 428 suas
2442 375 2802 430 eomedendas
2831 376 2995 440 dedit,
3025 375 3259 447 seipsum
3288 378 3533 448 apposuit
3558 378 3652 433 im-

2078 462 2355 516 molatum.
2383 464 2513 529 Quae
2542 466 2700 535 igitur
2740 468 2893 521 nobis
2936 469 3208 523 excusatio
3255 469 3375 532 erit,
3415 484 3537 523 cum
3571 469 3656 521 tali

2076 555 2212 621 pasti
2240 555 2381 621 cibo,
2416 556 2591 611 taliter
2616 559 2938 625 peccemus?
2978 574 3097 614 eum
3135 576 3329 630 agnum
3373 559 3653 632 comeden-

2078 652 2181 709 tes,
2210 645 2316 715 lupi
2365 645 2663 703 efﬁcimur?
2702 664 2821 704 cum
2851 665 3003 706 ovem
3050 652 3450 718 manducantes,
3498 653 3657 707 instar

2078 735 2289 790 leonum
2319 739 2592 807 repimus?
2635 733 2747 794 lies
2784 743 2978 812 quippe
3007 746 3317 815 mysterium
3355 761 3461 801 non
3487 746 3657 801 solum

2076 842 2105 879 a
2152 831 2333 899 rapina
2360 870 2376 895 ,
2413 831 2507 885 sed
2534 833 2694 887 etiam
2723 849 2752 887 a
2788 834 2890 889 levi
2940 836 3212 893 inimicitia
3243 855 3405 910 puros
3447 856 3660 911 semper

2077 934 2197 976 esse
2220 922 2392 991 jubet.
2434 922 2565 978 Nam
2618 925 2719 980 hoc
2770 928 3105 997 mysterium,
3157 929 3301 1000 pacis
3347 941 3429 987 est
3458 942 3657 1004 myste-

2076 1011 2261 1066 rium:
2294 1028 2392 1068 nec
2416 1014 2544 1069 sinit
2569 1014 2767 1072 divitiis
2807 1033 2928 1075 esse
2972 1019 3233 1076 addictos.
3282 1020 3416 1077 Nam
3462 1024 3509 1078 si
3550 1023 3660 1092 ipse

2077 1113 2295 1174 propter
2324 1120 2424 1161 nos
2465 1108 2565 1163 sibi
2612 1108 2713 1179 ipsi
2752 1124 2857 1167 non
2909 1113 3164 1183 pepercit,
3203 1131 3310 1185 quo
3355 1116 3559 1172 erimus
3583 1117 3662 1172 di-

2074 1195 2164 1264 gni
2207 1197 2468 1267 supplicio
2496 1199 2542 1253 si
2579 1199 2779 1257 divitiis
2821 1217 3123 1273 parcamus,
3175 1208 3518 1280 animamque
3565 1224 3660 1266 ne-

2074 1287 2379 1358 gligamus,
2431 1306 2527 1360 pro
2573 1308 2677 1363 qua
2738 1294 2852 1364 ipse
2901 1296 2999 1351 sibi
3055 1297 3156 1368 ipsi
3208 1316 3314 1354 non
3374 1302 3659 1371 pepercit?

2075 1382 2275 1438 Judaeis
2302 1384 2520 1454 quidem
2572 1390 2857 1457 quotannis
2898 1391 2952 1444 in
2999 1393 3312 1448 memoriam
3365 1394 3656 1450 beneﬁcio~

2075 1488 2193 1527 rum
2236 1488 2454 1529 suorum
2485 1476 2849 1534 solemnitates
2901 1480 3042 1537 Deus
3085 1483 3350 1550 instituit;
3394 1485 3489 1540 tibi
3536 1501 3665 1541 vero

2075 1563 2296 1634 singulis
2340 1581 2478 1636 pene
2519 1567 2711 1623 diebus
2756 1586 2850 1638 per
2900 1570 3017 1627 hare
3054 1586 3207 1628 sacra
3261 1576 3539 1644 mysteria.
3586 1575 3666 1631 Ne

2075 1653 2234 1724 igitur
2270 1670 2483 1712 crucem
2528 1659 2813 1716 erubescas
2844 1678 2861 1716 :
2892 1662 3007 1717 haec
3056 1665 3253 1734 quippe
3300 1675 3427 1721 sunt
3465 1666 3661 1722 decora

2076 1754 2279 1812 nostra,
2311 1748 2426 1804 lucc
2461 1760 2642 1805 nostra
2670 1754 2941 1822 mysteria,
2992 1754 3092 1812 hoc
3134 1771 3389 1813 ornamur
3412 1774 3658 1827 munere,

2076 1838 2177 1894 hoc
2199 1842 2507 1911 gloriamur.
2540 1843 2596 1900 Si
2626 1844 2831 1912 dixero,
2859 1846 3059 1901 Caelum
3088 1857 3143 1904 et
3169 1858 3365 1906 terram
3395 1852 3662 1918 extendit,

2073 1945 2221 1986 mare
2264 1932 2468 2000 eﬁ‘udit,
2498 1934 2786 2006 prophetas
2823 1946 2877 1992 et
2914 1940 3133 2010 angelos
3177 1942 3342 2011 misit,
3374 1944 3509 1998 nihil
3542 1945 3661 2001 huic

2073 2020 2149 2075 rei
2177 2036 2274 2091 par
2316 2022 2522 2078 dixero.
2578 2025 2689 2080 lloc
2712 2026 2907 2097 quippe
2947 2039 3107 2098 caput
3129 2039 3213 2086 est
3240 2032 3502 2088 [tonorum
3542 2049 3659 2089 om—

2074 2114 2220 2168 nium
2250 2155 2266 2181 ,
2302 2115 2443 2185 quod
2474 2116 2610 2171 Filio
2649 2132 2747 2172 suo
2775 2134 2879 2173 non
2913 2124 3230 2191 pepercerit,
3271 2132 3330 2179 ut
3353 2139 3544 2180 servos
3571 2126 3663 2179 ab-

2074 2206 2334 2263 alienatos
2356 2218 2618 2264 servaret.
2641 2209 2826 2266 Nullus
2838 2227 2965 2283 ergo
2984 2214 3148 2271 Judas
3168 2216 3305 2271 hanc
3328 2216 3489 2272 adeat
3513 2234 3660 2273 men-

2074 2315 2223 2366 sam;
2280 2301 2456 2356 nullus
2502 2302 2690 2358 Simon
2733 2321 2747 2357 :
2797 2304 2959 2360 ambo
3019 2306 3161 2361 enim
3232 2323 3327 2378 per
3379 2310 3661 2365 avaritiam

2074 2393 2366 2462 perierunt.
2410 2394 2694 2465 Fugiamus
2742 2396 2918 2468 itaque
2966 2398 3067 2454 hoc
3111 2399 3439 2468 barathrum,
3486 2418 3663 2473 neque

2075 2494 2320 2553 putemus
2342 2485 2492 2540 nobis
2518 2487 2648 2542 satis
2675 2501 2793 2543 esse
2813 2488 2880 2543 ad
2913 2490 3159 2557 salutem,
3190 2491 3235 2545 si
3265 2503 3547 2562 postquam
3581 2494 3660 2547 vi-

2073 2577 2206 2630 duas
2237 2586 2293 2632 et
2315 2578 2544 2647 pupillos
2579 2579 3019 2648 exspoliavimus,
3061 2582 3308 2651 poculum
3350 2600 3577 2640 aureum
3609 2594 3661 2638 et

2073 2668 2297 2739 gemmis
2338 2677 2581 2724 ornatum
2611 2684 2812 2725 mensa:
2855 2670 3159 2726 oﬁ‘eramus.
3190 2671 3322 2727 Nam
3365 2674 3410 2728 si
3439 2674 3521 2729 vis
3564 2674 3663 2729 hoc

2073 2760 2390 2814 sacrificium
2420 2759 2705 2825 honorare,
2750 2762 2980 2817 animam
3027 2762 3180 2831 oﬁ'er,
3211 2764 3280 2819 ob
3325 2778 3486 2834 quam
3512 2765 3662 2821 Chri-

2074 2858 2187 2904 stus
2212 2849 2515 2905 immolatus
2539 2859 2623 2905 est
2651 2868 2664 2903 :
2695 2850 2832 2906 hanc
2853 2850 3012 2908 facito
3037 2868 3252 2909 auream
3286 2872 3299 2907 :
3329 2855 3374 2910 si
3398 2870 3531 2910 vero
3553 2857 3662 2924 ipsa

2074 2943 2144 2998 sit
2170 2942 2385 3011 plumbo
2412 2952 2468 2997 et
2495 2951 2627 2999 testa
2653 2943 2905 3007 deterior,
2952 2959 3043 2998 vas
3087 2954 3264 3001 autem
3307 2961 3533 3001 aureum
3574 2951 3662 3009 sit,

2074 3032 2199 3101 quid
2222 3033 2345 3087 inde
2374 3033 2502 3087 lucri
2529 3034 2552 3087 ?
2575 3033 2652 3088 Ne
2685 3034 2843 3105 igitur
2872 3037 2974 3091 hoc
2996 3041 3246 3092 curemus
3273 3038 3445 3092 solum
3479 3048 3538 3092 ut
3565 3055 3659 3092 au-

2074 3141 2166 3180 rea
2198 3140 2320 3179 vasa
2359 3125 2667 3187 otieramus,
2712 3127 2804 3181 sed
2833 3136 2888 3181 ut
2912 3144 2978 3182 ex
3015 3127 3175 3197 justis
3202 3128 3493 3184 laboribus.
3542 3129 3665 3184 lla~c

2075 3217 2275 3287 quippe
2303 3226 2428 3271 sunt
2455 3232 2586 3271 auro
2608 3218 2946 3286 pretiosiora,
2977 3233 3097 3287 qua:
3136 3233 3243 3273 non
3270 3234 3336 3274 ex
3363 3221 3588 3274 avaritia
3612 3230 3665 3273 et

2078 3308 2264 3377 rapina
2305 3317 2451 3378 parta
2501 3320 2644 3364 sunt.
2689 3309 2871 3381 Neque
2895 3311 3037 3364 enim
3064 3311 3178 3365 auri
3205 3312 3284 3365 vel
3312 3313 3517 3382 argenti
3551 3312 3663 3367 olli-

2075 3404 2194 3457 cina
2220 3411 2303 3457 est
2343 3403 2590 3470 ecclesia,
2632 3403 2729 3458 sed
2776 3404 3085 3474 angelorum
3133 3406 3417 3461 celebritas
3449 3420 3466 3462 :
3494 3424 3663 3473 quare

2076 3496 2355 3551 animabus
2378 3496 2530 3551 nobis
2555 3505 2638 3551 est
2661 3512 2796 3564 Opus
2824 3513 2839 3553 :
2864 3513 2984 3552 nam
3008 3497 3121 3553 haec
3145 3514 3267 3554 vasa
3300 3512 3519 3570 propter
3546 3495 3662 3554 aui-

2079 3602 2192 3641 mas
2231 3587 2461 3642 admittit
2509 3588 2665 3643 Deus.
2708 3588 2825 3643 Non
2878 3598 2993 3643 erat
3030 3600 3279 3660 argentea
3322 3607 3503 3647 mensa
3557 3593 3665 3657 illa,

2080 3693 2177 3733 nec
2218 3694 2412 3735 aureus
2453 3680 2585 3734 calix
2620 3680 2672 3733 in
2723 3694 2829 3748 quo
2856 3681 3167 3749 sanguinem
3209 3697 3362 3735 suum
3392 3682 3667 3752 discipulis

2078 3768 2321 3826 Christus
2341 3770 2486 3824 dedit
2518 3789 2532 3825 :
2564 3770 2657 3825 sed
2693 3779 2869 3825 tamen
2910 3772 3088 3827 omnia
3127 3773 3215 3825 illa
3246 3776 3472 3842 pretiosa
3511 3787 3667 3828 crant

2079 3870 2132 3916 et
2155 3861 2447 3928 tremenda,
2489 3862 2609 3931 quia
2652 3864 2827 3915 omnia
2893 3861 3088 3931 Spiritu
3130 3864 3327 3932 repleta
3371 3875 3541 3917 erant.
3580 3865 3667 3919 Vis

2079 3967 2273 4021 corpus
2303 3952 2498 4008 Christi
2546 3952 2849 4007 honorare?
2893 3953 3007 4008 Non
3047 3953 3311 4023 despicias
3352 3957 3522 4026 ipsum
3567 3973 3665 4011 nu-

2080 4044 2208 4097 dum
2239 4060 2253 4095 :
2282 4059 2453 4113 neque
2482 4043 2569 4098 hic
2596 4044 2781 4098 sericis
2808 4045 3043 4099 vestibus
3072 4045 3322 4109 honores,
3348 4048 3474 4103 foris
3488 4060 3664 4103 autem

2082 4134 2277 4207 frigore
2322 4149 2383 4191 ac
2430 4134 2667 4190 nuditate
2712 4133 2967 4190 amictum
3015 4137 3270 4208 negligas.
3324 4138 3458 4193 Nam
3489 4141 3535 4194 is
3578 4141 3668 4211 qui

2081 4228 2233 4293 dixit,
2258 4225 2372 4282 Hoc
2399 4236 2472 4283 est
2504 4244 2690 4297 corpus
2715 4244 2883 4282 meum
2909 4229 3124 4299 (Matth.
3156 4230 3249 4286 26.
3276 4231 3395 4300 26),
3421 4242 3477 4287 et
3503 4234 3669 4288 verbo

2026 4340 2033 4347 ·
2082 4336 2196 4376 rem
2226 4319 2472 4384 ﬁrmavit,
2503 4317 2642 4373 idem
2690 4319 2805 4390 ipse
2842 4319 3017 4376 dixit:
3050 4320 3368 4377 Esurientem
3411 4340 3491 4378 me
3533 4325 3666 4379 vidi-

2081 4411 2193 4478 stis,
2222 4420 2267 4465 et
2292 4427 2394 4465 non
2419 4410 2695 4465 nutrivistis
2716 4428 2736 4477 ;
2761 4418 2836 4478 et,
2865 4410 2932 4466 In
2960 4423 3205 4483 quantum
3234 4432 3335 4469 non
3362 4416 3550 4486 fecistis
3580 4418 3665 4474 uni

2083 4503 2262 4556 horum
2300 4501 2643 4567 minimarum,
2688 4517 2778 4555 nec
2807 4502 2931 4556 mihi
2966 4503 3161 4574 fecistis
3204 4502 3415 4576 (Matth.
3447 4505 3538 4562 9.5.
3576 4505 3664 4562 42.

2081 4594 2196 4666 45).
2237 4593 2351 4650 Hoc
2403 4604 2549 4650 certe
2598 4609 2704 4649 non
2735 4609 2870 4665 opus
2921 4595 3079 4650 habet
3125 4598 3343 4663 amictu,
3396 4598 3494 4653 sed
3536 4615 3670 4669 puro

2082 4688 2293 4751 animo;
2320 4684 2450 4740 illud
2468 4694 2644 4741 autem
2664 4701 2854 4756 magna
2879 4702 3013 4756 opus
3036 4687 3193 4742 habet
3219 4704 3363 4743 cura.
3393 4689 3668 4747 Discamus

2084 4779 2261 4849 itaque
2302 4778 2687 4849 philosophari,
2737 4788 2789 4834 et
2832 4779 3101 4835 Christum
3143 4780 3409 4859 honorare
3461 4792 3519 4838 ut
3557 4784 3669 4853 ipse

2084 4870 2197 4924 vult
2227 4886 2244 4924 :
2273 4884 2396 4925 nam
2424 4869 2494 4935 ei,
2523 4870 2613 4941 qui
2641 4869 2950 4938 honoratur,
2984 4871 3155 4925 honor
3181 4872 3271 4927 ille
3298 4876 3665 4940 suavissimus,

2083 4976 2243 5029 quem
2275 4961 2389 5031 ipse
2417 4970 2586 5029 optat,
2627 4977 2733 5016 non
2763 4977 2920 5032 quem
2953 4977 3051 5016 nos
3088 4971 3358 5033 putamus.
3398 4964 3667 5036 Siquidem

2086 5053 2275 5109 Petrus
2303 5069 2362 5109 se
2390 5054 2538 5109 illum
2573 5057 2835 5109 honorare
2868 5055 3104 5124 putabat,
3132 5069 3253 5110 cum
3290 5055 3568 5113 cohiberet
3604 5073 3668 5113 ne

2088 5145 2250 5214 pedes
2277 5161 2404 5200 suos
2440 5146 2638 5200 lavaret
2677 5144 2857 5215 (Joan.
2887 5146 2973 5200 15.
3005 5146 3099 5214 8);
3129 5147 3227 5202 sed
3261 5147 3315 5203 id
3351 5150 3493 5219 quod
3519 5151 3665 5207 vole-

2086 5228 2177 5294 bat
2203 5256 2306 5294 non
2337 5250 2452 5294 erat
2475 5239 2667 5306 honor,
2691 5238 2783 5293 sed
2806 5254 2959 5292 secus
2985 5240 3225 5294 omnino.
3250 5239 3343 5296 Sic
3366 5251 3419 5296 et
3446 5251 3501 5297 tu
3524 5242 3667 5296 illum

2087 5334 2185 5403 ipsi
2229 5332 2421 5387 exhibe
2470 5332 2724 5386 honorem
2768 5347 2925 5401 quem
2972 5332 3089 5402 lege
3134 5334 3409 5404 praecepit,
3461 5334 3668 5390 divitias

2087 5431 2206 5478 tuas
2234 5423 2555 5494 pauperibus
2596 5437 2844 5493 erogans.
2893 5422 3076 5494 Neque
3124 5425 3268 5480 enim
3313 5426 3455 5481 vasis
3496 5426 3667 5483 aureis

2086 5531 2220 5586 Oplts
2247 5515 2407 5571 habet
2432 5517 2593 5583 Deus,
2622 5515 2716 5571 sed
2741 5517 3017 5572 animabus
3046 5519 3241 5572 aureis

2156 5607 2210 5662 4.
2252 5605 2585 5680 Eleemesyna
2612 5607 2772 5679 magis
2807 5606 2912 5661 Deo
2942 5606 3105 5677 placet
3146 5624 3295 5677 quam
3331 5625 3538 5663 nionem
3578 5608 3667 5678 ipsi

2093 5700 2199 5753 sine
2242 5700 2458 5754 utilitate
2495 5699 2711 5771 proximi
2754 5709 3064 5757 consecrata.
3106 5700 3300 5757 —-Hoc
3334 5716 3494 5772 porro
3531 5700 3664 5770 dico,

2376 5836 2508 5871 "'~‘\
