3908 6198
160 279 268 337 510

161 410 270 449 non
296 389 440 462 quod
464 386 775 459 prohibeam
802 398 871 438 ne
897 380 1020 437 talia
1042 394 1257 434 munera
1283 384 1627 446 apparentur,
1652 374 1748 430 sed

158 485 458 556 postulans,
500 490 558 535 ut
586 494 709 536 cum
738 476 819 531 his
847 485 903 531 et
930 481 1054 528 ante
1092 472 1206 528 haec
1240 469 1577 537 eleemosyna
1624 482 1749 522 ero-

154 586 333 646 getur.
366 574 495 629 Nam
519 572 636 627 bzec
662 570 875 642 quidem
898 566 1109 634 accipit,
1136 565 1229 619 sed
1251 562 1416 629 multo
1442 561 1609 629 magis
1634 560 1748 615 illa.

156 666 219 720 In
250 665 333 719 his
361 664 503 719 enim
544 662 593 717 is
637 660 729 731 qui
766 658 924 713 ollert
955 656 1102 712 solus
1144 654 1425 708 utilitatem
1460 651 1647 717 habet,
1679 650 1750 706 ibi

154 771 293 811 vero
336 755 497 810 etiam
544 752 591 807 is
630 742 720 824 qui
756 749 971 819 accipit.
1018 745 1117 801 Hic
1159 745 1370 801 videtur
1398 744 1592 798 donum
1633 759 1752 798 esse

157 844 540 904 ostentationis
579 842 826 906 occasio;
861 840 930 894 ibi
969 842 1311 909 eleemosyna
1354 844 1410 890 et
1450 834 1752 904 benignitas

155 946 368 992 tantum
417 944 517 989 est.
563 932 692 1000 Qua:
735 930 875 986 enim
908 928 1109 985 utilitas
1138 928 1183 982 si
1230 942 1410 981 mensa
1444 925 1637 980 ChriSti
1680 928 1752 987 sit

152 1028 341 1081 aureis
366 1024 570 1095 poculis
601 1032 814 1086 onusta,
848 1021 963 1091 ipse
992 1033 1118 1074 vero
1158 1018 1295 1072 fame
1327 1020 1545 1086 pereat?
1574 1016 1753 1070 Primo

153 1116 489 1171 esurientem
517 1114 698 1183 imple,
727 1121 782 1168 et
804 1122 925 1166 tunc
950 1125 1019 1165 ex
1041 1107 1490 1179 superabundanti
1514 1122 1750 1162 mensam

154 1207 278 1278 ejus
303 1221 526 1262 exorna.
568 1206 803 1259 Aureum
832 1202 1049 1258 calicem
1083 1200 1231 1267 iacis,
1265 1206 1321 1254 et
1351 1199 1567 1253 calicem
1604 1214 1753 1268 aqua:

156 1314 269 1353 non
318 1296 453 1352 das?
490 1295 557 1349 Et
595 1294 723 1365 quid
766 1308 901 1365 opus
944 1301 1027 1348 est
1068 1308 1200 1345 auro
1248 1293 1445 1346 intexta
1492 1290 1751 1344 velamina

156 1403 366 1443 mensa:
391 1401 672 1457 apparare,
721 1385 820 1455 ipsi
862 1399 990 1438 vero
1033 1400 1100 1436 ne
1142 1382 1354 1452 quidem
1396 1382 1751 1436 necessarium

159 1490 529 1551 tegumentum
558 1475 828 1550 prtebere?
847 1476 971 1547 quid
994 1475 1115 1530 inde
1137 1475 1307 1531 lucri?
1329 1474 1460 1529 Nam
1483 1458 1573 1529 dici
1588 1474 1751 1529 mihi:

156 1571 205 1625 si
236 1585 393 1641 quem
427 1568 632 1623 videres
659 1568 961 1622 necessario
987 1575 1232 1636 egentem
1261 1565 1404 1628 cibo,
1441 1573 1497 1620 et
1534 1564 1649 1634 ipso
1675 1566 1754 1619 sic

160 1660 375 1725 relicto,
425 1673 663 1712 mensam
710 1672 841 1711 auro
881 1655 1242 1711 circumdares
1285 1665 1509 1721 tantum,
1550 1671 1617 1709 an
1660 1656 1753 1711 tibi

158 1752 364 1820 gratias
379 1748 621 1815 haberet,
644 1764 819 1804 annon
840 1749 1012 1819 potius
1033 1748 1392 1818 indignaretur
1408 1749 1430 1801 ?
1446 1748 1582 1816 Quid
1605 1764 1751 1815 vero,

156 1843 208 1896 si
242 1842 389 1897 illum
422 1842 630 1896 videres
652 1839 859 1895 detritis
888 1840 1073 1909 pannis
1101 1840 1342 1894 indutum
1370 1849 1425 1894 et
1450 1840 1643 1909 frigore
1677 1840 1755 1896 ri-

158 1941 402 2004 gentem,
435 1941 490 1987 et
518 1931 694 1986 missis
724 1931 976 1993 vestibus,
1009 1944 1198 1984 aureas
1229 1930 1327 2000 ipsi
1356 1930 1632 1985 columnas
1651 1930 1756 1984 eri-

157 2039 343 2094 geres,
372 2022 558 2078 dicens
587 2022 641 2077 id
668 2030 719 2078 te
740 2021 792 2076 in
821 2021 936 2091 ejus
958 2021 1215 2076 honorem
1241 2019 1455 2076 facere?
1485 2023 1675 2076 Annon
1696 2037 1755 2077 se

156 2116 399 2173 derideri
447 2125 678 2187 putaret,
727 2124 887 2183 atque
931 2123 1171 2170 extrema
1210 2115 1531 2170 contumelia
1575 2113 1755 2170 afﬁci?

162 2208 278 2264 lloc
305 2210 465 2263 etiam
494 2209 635 2262 circa
661 2204 936 2262 Christum
968 2215 1176 2274 reputa,
1202 2220 1324 2259 cum
1351 2204 1685 2260 errabundus
1703 2215 1758 2261 et

159 2300 477 2371 peregrinus
504 2298 768 2365 circumit,
798 2305 940 2351 tecto
974 2296 1247 2367 indigens;
1282 2304 1335 2351 tu
1378 2304 1555 2351 autem
1581 2296 1673 2350 illo
1701 2297 1755 2350 in

159 2390 430 2461 hospitem
469 2406 576 2444 non
618 2389 872 2454 admisso,
908 2387 1268 2458 pavimentum
1310 2402 1538 2442 exornas
1565 2397 1618 2443 et
1658 2402 1756 2458 pa-

158 2484 328 2538 rietes
354 2479 829 2551 columnarumque
858 2478 1122 2549 capitella,
1153 2486 1208 2533 et
1230 2488 1514 2548 argenteas
1539 2488 1757 2534 catenas

156 2574 499 2645 lampadibus
523 2574 727 2643 alligas,
758 2573 932 2642 ipsum
963 2586 1090 2625 vero
1121 2570 1172 2623 in
1202 2584 1419 2624 carcere
1448 2568 1665 2639 ligatum
1690 2586 1758 2626 ne

158 2667 350 2723 ridere
379 2666 595 2738 quidem
639 2658 895 2721 sustines.
935 2663 1060 2719 Haec
1096 2678 1255 2733 porro
1286 2663 1405 2718 dico
1432 2678 1539 2718 non
1571 2664 1755 2731 prohi—

163 2758 305 2814 bens
350 2767 410 2813 ut
453 2756 570 2813 haec
612 2766 925 2812 ornamenta
970 2754 1356 2819 adhibeantur;
1405 2754 1499 2810 sed
1544 2766 1600 2809 ut
1644 2754 1758 2811 haec

159 2852 329 2907 etiam
359 2867 477 2907 cum
516 2850 635 2906 aliis
677 2860 969 2916 curentur;
996 2849 1104 2903 imo
1145 2848 1332 2903 hortor
1367 2857 1423 2903 ut
1451 2848 1565 2903 hmc
1608 2849 1757 2919 prius

158 2959 329 3014 quam
371 2942 473 2997 alia
514 2941 660 2996 ﬁant.
691 2940 860 2997 Nemo
887 2941 1052 3007 enim,
1084 2938 1224 3009 quod
1264 2938 1450 2995 istluec
1476 2955 1581 2994 non
1611 2940 1757 2995 iace-

161 3042 268 3099 ret,
304 3041 585 3089 accusatus
629 3048 880 3103 umquam
911 3031 1039 3097 fuit;
1086 3030 1176 3084 illa
1219 3045 1346 3085 vero
1372 3030 1757 3100 negligentibus

156 3125 409 3199 gehenna
439 3125 734 3181 destinatur
771 3134 826 3180 et
869 3123 1003 3196 ignis
1035 3121 1497 3193 inexstinguibilis,
1536 3134 1588 3180 et
1626 3140 1754 3195 sup-

160 3219 388 3291 plicium
419 3234 538 3273 cum
567 3218 897 3273 daemonibus
918 3216 1307 3272 sustinendum.
1334 3216 1414 3273 Ne
1432 3219 1609 3288 itaque
1630 3219 1755 3273 dum

157 3314 383 3368 domum
414 3326 661 3377 exornas,
707 3309 964 3365 afﬂictum
1012 3307 1232 3365 fratrem
1266 3308 1530 3378 despicias
1574 3327 1589 3364 :
1632 3326 1756 3364 nam

158 3408 268 3464 hoc
298 3409 552 3479 templum
585 3408 675 3462 illo
703 3404 1007 3478 pretiosius.
1039 3404 1165 3460 Ilaec
1192 3406 1388 3475 quippe
1416 3404 1624 3459 cimelia
1656 3420 1756 3474 po-

158 3508 367 3566 terunt,
395 3500 477 3556 vel
506 3516 657 3571 reges
685 3498 946 3563 inﬁdeles,
979 3498 1063 3553 vel
1091 3497 1323 3569 tyranni,
1356 3497 1441 3552 vel
1474 3496 1617 3552 iures
1655 3512 1753 3550 au-

1324 3770 1666 3833 HOMILIA
1714 3768 1816 3831 LI.

154 3952 291 4008 CAP.
329 3950 417 4005 15.
448 3966 500 4002 v.
533 3949 581 4002 1.
624 3945 763 4000 Tunc
792 3952 1105 3999 accesserunt
1138 3942 1206 3995 ad
1233 3940 1408 3995 Jesnm
1435 3956 1465 3992 a
1490 3936 1754 4008 Jerowly-

349 4045 441 4096 mis
463 4043 639 4095 scriba:
664 4050 708 4093 el
731 4037 980 4092 Pltariswi
1001 4037 1239 4100 dicentes,
1276 4034 1463 4099 Quare,
1488 4042 1590 4085 etc.

236 4136 291 4191 1.
332 4135 480 4189 Tum:
507 4128 919 4202 :quandonam?
943 4127 1075 4182 Cum
1104 4125 1247 4181 mille
1270 4126 1418 4196 signa
1445 4122 1598 4185 fecit;
1632 4135 1752 4176 cum

156 4225 409 4283 inﬁrmos
437 4238 501 4278 ex
530 4230 673 4276 tactu
696 4219 921 4274 ﬁmbriae
948 4216 1172 4272 curavit.
1206 4215 1328 4270 Ideo
1355 4214 1497 4269 enim
1528 4226 1758 4282 exauge-

156 4320 284 4376 lista
315 4326 526 4385 tempus
555 4311 770 4378 indicat,
801 4322 857 4365 ut
889 4296 1124 4380 ipsorum
1170 4308 1437 4378 ingentem
1464 4305 1754 4375 nequitiam

154 4408 413 4465 ostendat
441 4405 569 4460 nulli
601 4404 898 4459 cedentem.
931 4400 1067 4468 Quid
1109 4399 1208 4453 sibi
1236 4398 1348 4452 vult
1376 4395 1530 4462 illud,
1564 4394 1636 4449 Ab
1663 4392 1753 4448 Je-

155 4498 437 4571 rosolymis
478 4497 655 4552 scriba:
685 4503 732 4549 et
762 4492 1056 4548 Pharisaei?
1093 4492 1226 4559 Quia
1268 4490 1320 4545 in
1364 4488 1610 4544 omnibus
1656 4480 1752 4540 tri-

158 4593 339 4649 bubus
366 4588 593 4659 dispersi
628 4597 801 4649 erant,
837 4585 971 4640 etin
1012 4582 1289 4639 duodecim
1331 4590 1508 4652 partes
1539 4578 1691 4633 divisi
1736 4593 1752 4632 :

156 4683 258 4739 sed
299 4676 731 4752 Jerosolymitani
773 4676 983 4731 czeteris
1025 4674 1308 4744 nequiores
1352 4681 1523 4734 erant,
1566 4678 1623 4723 ιιι
1662 4670 1753 4740 qui

158 4773 355 4845 majori
388 4772 693 4827 fruerentur
717 4769 938 4831 honore,
969 4777 1023 4823 et
1058 4766 1345 4839 plurimum
1387 4763 1488 4820 sibi
1528 4777 1751 4833 arroga-

157 4878 301 4923 tent.
331 4863 608 4934 Perpende
632 4874 806 4916 autem
838 4860 1106 4931 quomodo
1134 4874 1197 4914 ex
1227 4859 1339 4929 ipsa
1384 4873 1478 4913 sua
1520 4858 1752 4913 interro-

155 4959 383 5030 gatione
411 4956 708 5024 capiantur.
738 4951 922 5023 Neque
948 4953 1089 5005 enim
1118 4949 1320 5015 dicunt,
1347 4946 1453 5005 Cur
1481 4962 1752 5020 transgre-

153 5049 384 5104 diuntur
425 5045 595 5116 legem
628 5041 866 5115 Moysis?
909 5040 1024 5108 sed,
1073 5038 1416 5094 Traditionem
1455 5038 1755 5095 seniorum?

154 5141 317 5200 Unde
350 5139 525 5211 palam
552 5144 653 5204 est,
687 5138 849 5192 multa
874 5132 1182 5190 sacerdotes
1204 5134 1506 5199 innovasse,
1539 5133 1751 5189 etiamsi

151 5234 373 5306 Moyses
409 5242 602 5301 magno
624 5239 848 5294 terrore,
882 5227 1167 5297 multisque
1194 5226 1351 5280 minis
1383 5225 1634 5280 adhibitis
1659 5240 1752 5280 ve-

157 5331 357 5383 tuisset
383 5338 451 5379 ne
477 5322 607 5393 quid
632 5319 910 5385 adderent,
945 5320 1027 5374 vel
1064 5318 1359 5373 demerent.
1392 5316 1511 5372 Non
1536 5317 1749 5388 adjicie-

148 5422 217 5475 tis
247 5420 317 5473 ad
347 5416 571 5482 verbum,
598 5414 733 5485 quod
758 5429 848 5484 ego
880 5411 1118 5481 praecipio
1143 5410 1279 5479 vobis
1313 5410 1483 5479 hodie,
1528 5428 1617 5464 nec
1651 5428 1749 5464 au—

146 5511 329 5584 feretis
356 5508 419 5563 ab
443 5524 499 5562 eo
532 5505 708 5579 (Deut.
731 5506 785 5561 4.
812 5504 893 5576 2).
922 5504 1198 5574 Nihiloque
1225 5503 1402 5558 minus
1424 5519 1559 5558 nova
1592 5502 1747 5558 indu-

148 5604 387 5665 cebant;
423 5610 484 5655 ut
510 5601 611 5655 hoc
640 5608 774 5665 erat,
819 5614 885 5651 nc
916 5597 1074 5650 illotis
1106 5595 1350 5651 manibus
1378 5595 1746 5661 eomedcreut,

150 5705 210 5753 ut
241 5694 432 5769 pocula
455 5700 513 5750 et
529 5706 654 5749 vasa
675 5703 823 5748 aenea
849 5688 1147 5757 abluerent,
1175 5696 1232 5743 ut
1257 5700 1376 5746 sese
1394 5687 1745 5764 baptizarent.

1225 265 1289 322 IN
1328 260 1735 320 MATTIIIEUM
1764 261 1992 319 ιιοιιιι..
2035 263 2121 319 ιι.
2160 264 2235 318 al.
2276 262 2381 319 LII.

3332 266 3440 324 5l0

1861 374 2037 442 ferre;
2082 389 2431 445 quascumque
2480 389 2609 430 vero
2650 374 2877 446 benigne
2919 374 2971 428 in
3010 374 3231 431 fratrem
3272 374 3438 433 iacies

1855 467 2201 530 esurientem,
2234 465 2594 537 peregrinum,
2622 464 2842 529 nudum,
2867 479 2933 520 ne
2953 464 3195 521 diabolus
3221 468 3437 536 quidem

1857 558 2053 628 poterit
2071 557 2302 623 auferre,
2329 556 2425 613 sed
2450 557 2503 612 in
2518 555 2782 611 thesauro
2802 556 3041 611 manebit
3060 557 3275 612 intacto.
3300 558 3437 627 Quid

1858 650 2016 719 igitur
2041 650 2117 705 ait
2156 649 2279 705 ille?
2306 648 2567 719 Pauperes
2593 648 2844 704 vobiscum
2872 664 3068 717 semper
3101 648 3312 716 habetis,
3358 666 3438 703 nte

1857 752 2023 794 autem
2046 756 2243 810 semper
2263 756 2366 794 non
2395 741 2585 794 habetis
2617 739 2827 810 (Matth.
2857 738 2947 794 26.
2978 738 3090 813 11).
3134 740 3259 795 Ideo
3294 742 3437 796 enim

1858 834 2088 887 maxime
2112 832 2478 887 misericordia
2508 832 2705 887 moveri
2731 840 2961 902 oportet,
3006 833 3128 901 quia
3159 846 3263 887 non
3292 846 3437 888 sem-

1861 939 1954 993 per
1978 924 2235 979 habemus
2260 925 2407 980 illum
2436 926 2779 992 esurientem,
2807 924 2901 980 sed
2936 925 2990 979 iu
3030 926 3277 995 praesenti
3316 936 3438 981 tau-

1860 1027 1970 1072 tum
1998 1017 2125 1072 vita.
2157 1017 2311 1085 Quod
2350 1018 2395 1072 si
2427 1019 2559 1073 velis
2604 1027 2766 1073 totam
2796 1018 2920 1072 dicti
2963 1018 3080 1089 ejus
3121 1019 3438 1074 sententiam

1859 1109 2122 1174 ediscere,
2168 1108 2313 1163 audi.
2346 1109 2461 1166 Hoc
2496 1108 2562 1163 ad
2592 1108 2881 1179 discipulos
2918 1108 3118 1164 dictum
3164 1123 3269 1164 non
3315 1109 3436 1177 fuit,

1859 1202 2066 1256 etiamsi
2098 1202 2169 1255 ita
2208 1201 2452 1256 videatur
2476 1243 2490 1267 ,
2541 1201 2635 1256 sed
2672 1200 3020 1256 imbecillitati
3059 1202 3294 1258 mulieris
3336 1201 3436 1256 ad-

1859 1302 2096 1362 optatum
2126 1302 2227 1347 est.
2268 1292 2401 1361 Quia
2426 1292 2568 1347 enim
2598 1292 2772 1347 adhuc
2799 1290 3159 1362 imperfectior
3186 1301 3322 1360 erat,
3364 1294 3439 1350 illi

1859 1399 1987 1438 vero
2015 1384 2110 1453 ipsi
2138 1384 2351 1439 molesti
2394 1392 2565 1449 erant,
2608 1393 2667 1438 ut
2696 1384 2835 1437 illam
2865 1384 3127 1439 solaretur
3154 1384 3270 1440 haec
3295 1385 3432 1441 dice-

1859 1477 1968 1533 bat.
1998 1477 2053 1531 Id
2079 1492 2205 1531 vero
2232 1485 2376 1548 patet
2401 1491 2470 1530 ex
2502 1476 2567 1530 iis
2594 1489 2710 1544 quae
2735 1472 2869 1530 dixit
2896 1490 2909 1529 :
2942 1476 3078 1542 Quid
3102 1478 3297 1531 molesti
3324 1478 3441 1532 estis

1859 1568 1974 1620 huic
1997 1567 2198 1621 mulieri
2227 1566 2387 1632 (Ibid.
2415 1583 2461 1619 υ.
2496 1566 2625 1636 ιο)ι
2649 1563 2798 1634 Quod
2829 1576 3004 1621 autem
3032 1568 3202 1635 ipsum
3229 1582 3443 1638 semper
3496 1614 3503 1631 .

1860 1658 2133 1713 uobiscum
2161 1658 2450 1714 habeamus
2478 1659 2554 1712 sic
2584 1659 2673 1712 ille
2700 1658 2836 1712 dixit
2868 1674 2880 1709 :
2912 1656 3045 1711 Ecce
3070 1674 3160 1729 ego
3188 1660 3439 1713 vobiscum
3498 1650 3510 1727 Δι

1858 1766 1971 1803 sum
1999 1749 2229 1804 omnibus
2254 1750 2427 1804 diebus
2469 1764 2621 1820 usque
2654 1750 2721 1802 ad
2751 1751 3227 1805 consmnmalionem
3269 1748 3444 1806 steculi

1860 1840 2077 1910 (Matth.
2110 1841 2203 1896 18.
2240 1841 2359 1913 30).
2393 1842 2471 1895 Ex
2510 1841 2706 1911 quibus
2746 1842 2991 1897 omnibus
3035 1844 3220 1912 liquet,
3268 1845 3439 1913 ipsum

1860 1948 1967 1987 non
1996 1934 2100 1987 alia
2126 1932 2196 1988 de
2220 1936 2381 1988 causa
2407 1934 2524 1988 haec
2551 1933 2767 1997 dixisse,
2798 1934 2896 1987 nisi
2920 1942 2977 1987 ιιι
2999 1935 3235 1988 mulieris
3257 1934 3439 2001 ﬁdem,

1859 2039 1979 2092 qua:
2025 2032 2150 2077 tunc
2199 2023 2516 2092 pullulabat,
2569 2022 2952 2092 discipulorum
3000 2026 3289 2095 increpatio
3336 2038 3442 2080 non

1860 2117 2098 2173 laederet.
2141 2115 2222 2171 Ne
2250 2116 2411 2186 igitur
2442 2118 2555 2170 hzrc
2592 2120 2643 2169 in
2684 2112 2915 2170 medium
2959 2128 3097 2171 nunc
3136 2117 3441 2185 aﬁ‘eramus,

1857 2226 1978 2281 quae
1997 2225 2089 2281 per
2116 2199 2466 2265 (nconomiaht
2495 2208 2635 2263 dicta
2666 2218 2808 2272 sunt,
2835 2208 2928 2263 sed
2953 2208 3095 2279 leges
3115 2223 3303 2264 omnes
3326 2222 3444 2281 qua

1860 2302 1915 2357 in
1942 2317 2100 2365 nova,
2135 2315 2253 2371 quae
2279 2301 2330 2355 in
2360 2300 2523 2354 veteri
2556 2300 2671 2370 lege
2696 2309 2820 2354 sunt
2852 2300 3109 2369 legentes,
3140 2303 3359 2355 multum
3380 2314 3440 2355 ea

1862 2396 1915 2450 in
1956 2411 2017 2451 re
2050 2410 2233 2450 curam
2262 2394 2651 2463 impendamus.
2682 2393 2793 2446 Hoc
2820 2393 2961 2447 enim
2991 2410 3019 2445 a
3054 2403 3275 2463 peccato
3316 2408 3442 2463 pur~

1860 2500 1949 2558 gat
1995 2502 2009 2541 :
2056 2504 2178 2542 nam
2226 2490 2299 2540 ait
2341 2503 2353 2540 :
2396 2486 2527 2539 Date
2566 2486 2959 2555 elemosynam,
3011 2493 3059 2537 et
3101 2487 3272 2539 onmia
3312 2486 3447 2541 vobis

1861 2581 2052 2633 mmula
2077 2588 2223 2632 erunt
2256 2577 2405 2648 (Luc.
2435 2578 2524 2632 11.
2555 2576 2671 2647 41).
2713 2574 2837 2629 Hac
2863 2572 3125 2630 sacriﬁcio
3150 2577 3319 2646 major
3343 2584 3442 2641 est,

1861 2672 2268 2727 Misericordiam
2294 2671 2488 2741 quippe
2512 2673 2645 2733 volo,
2677 2678 2727 2723 et
2753 2683 2854 2722 non
2883 2670 3181 2737 sacriﬁcium
3207 2669 3362 2741 (Osee
3387 2670 3440 2724 6.

1863 2764 1941 2833 6).
1973 2764 2084 2817 Hoc
2108 2763 2270 2817 caelos
2310 2762 2477 2830 aperit
2511 2780 2525 2816 :
2558 2760 2844 2825 Orationes,
2891 2762 3075 2830 inquit,
3121 2768 3221 2814 tuae
3248 2769 3295 2815 et
3319 2761 3447 2815 elec-

1860 2871 2085 2925 mosyme
2110 2864 2207 2907 tute
2233 2853 2561 2907 ascetiderunl
2585 2854 2639 2906 in
2667 2853 2957 2906 memoriam
2984 2852 3035 2904 in
3061 2861 3327 2921 conspectu
3351 2852 3445 2906 Dei

1861 2947 2000 3016 (Act.
2038 2947 2115 3001 l0.
2143 2947 2220 3016 4).
2247 2945 2360 3000 Hoc
2384 2946 2553 3016 magis
2578 2944 2938 3002 necessarium
2978 2951 3060 2996 est
3096 2956 3256 3012 quam
3287 2944 3449 3013 virgi-

1850 3041 2037 3106 nitas;
2067 3054 2189 3093 nam
2218 3038 2562 3109 eleemosyna
2593 3038 2830 3108 neglecta
2854 3036 2956 3089 illa!
2980 3034 3215 3104 expulsa:
3242 3050 3306 3090 ex
3335 3037 3449 3090 tha-

1862 3132 2004 3185 lamo
2029 3130 2278 3194 fuerunt;
2307 3130 2425 3183 aliae
2446 3143 2572 3183 vero
2593 3129 2846 3199 ingressas
2890 3134 3031 3181 sunt.
3086 3128 3216 3193 Quae
3266 3128 3448 3182 omnia

1862 3238 1983 3277 cum
2008 3222 2260 3288 sciamus,
2282 3221 2607 3276 semincmus
2633 3219 2866 3290 largiter,
2900 3228 2957 3274 ut
2988 3234 3108 3275 cum
3139 3219 3325 3290 majori
3352 3233 3445 3274 (ιο-

1861 3314 1944 3381 pia
1971 3322 2253 3377 metamus,
2286 3321 2341 3366 et
2379 3310 2554 3377 futura
2581 3324 2968 3379 consequamur
2995 3309 3126 3363 bona
3152 3352 3166 3375 ,
3198 3310 3366 3379 gratia
3394 3320 3448 3365 et

1862 3404 2187 3474 benignitate
2212 3404 2421 3457 Domini
2448 3404 2613 3457 nostri
2658 3402 2783 3457 lesu
2821 3401 3039 3468 Christi,
3082 3402 3166 3455 cui
3194 3401 3360 3472 gloria
3391 3403 3446 3457 in

1858 3498 2076 3552 stecula.
2103 3497 2296 3549 Amen.

1865 3771 1951 3832 al.
2008 3770 2144 3831 LII.

1862 3936 1981 4006 Quo
2021 3944 2263 4007 tempore
2304 3948 2486 3993 autem
2532 3936 2816 4008 oportebat
2861 3938 2983 3993 illos
3028 3938 3096 3991 ab
3140 3937 3451 4008 hujosmodi

1860 4031 2321 4087 observationibus
2350 4046 2472 4086 sese
2499 4030 2774 4101 expedire,
2806 4040 2929 4085 tunc
2960 4047 3017 4085 se
3045 4032 3119 4085 illi
3151 4033 3317 4101 magis
3348 4033 3441 4087 iis-

1861 4134 1980 4180 uem
2008 4124 2328 4194 obligarent,
2364 4132 2660 4178 metuentes
2704 4137 2772 4177 ne
2803 4124 2922 4192 quis
2960 4123 3061 4176 sibi
3094 4123 3442 4193 principatum

1859 4218 2161 4287 abriperet;
2192 4229 2245 4272 et
2272 4215 2718 4271 fortuidabiliores
2748 4214 2932 4269 haberi
2964 4216 3233 4280 volebant,
3264 4224 3447 4285 utpote

1860 4308 2212 4378 legislatures.
2240 4308 2297 4361 In
2328 4315 2524 4361 tantam
2545 4320 2673 4376 ergo
2695 4305 3025 4375 iniquitatem
3053 4321 3139 4360 res
3162 4307 3441 4376 processit,

1861 4411 1917 4455 ut
1946 4408 2211 4471 praecepta
2236 4398 2451 4470 quidem
2480 4412 2574 4453 sua
2602 4405 2964 4462 servarentur,
3000 4398 3094 4453 Dei
3132 4402 3262 4453 vero
3294 4412 3443 4454 man-

1857 4492 1982 4547 data
2028 4494 2393 4549 violarentur:
2454 4503 2506 4549 et
2542 4502 2751 4546 tantum
2791 4492 2864 4545 illi
2917 4490 3341 4560 pracvaltterant,
3376 4496 3438 4543 ut

1856 4584 1970 4655 jam
2023 4586 2228 4641 crimen
2276 4598 2425 4641 esset
2479 4600 2670 4640 eorum
2726 4591 2996 4653 pracepta
3043 4582 3279 4646 violare;
3326 4595 3437 4649 qua

1864 4677 1922 4733 in
1955 4694 2015 4733 re
2065 4678 2271 4748 duplex
2317 4679 2476 4746 culpa
2527 4686 2665 4741 erat,
2699 4684 2756 4731 et
2796 4676 2943 4744 quod
2961 4674 3335 4737 .innovarent,
3382 4678 3439 4726 et

1856 4767 1998 4839 quod
2029 4767 2107 4821 sic
2128 4780 2225 4820 sua
2250 4764 2602 4827 vuniicarent,
2633 4762 2725 4817 Dei
2756 4761 2953 4815 nullam
2984 4760 3244 4817 habentes
3270 4760 3436 4815 ratio-

1859 4876 2001 4914 nem.
2034 4856 2413 4914 Prattermissis
2439 4871 2565 4910 vero
2591 4854 2731 4921 aliis,
2772 4853 3017 4908 sextariis
3047 4868 3235 4921 nempe
3260 4862 3313 4908 et
3343 4867 3443 4906 va-

1855 4950 1930 5007 sis
1952 4950 2139 5015 :eneis,
2163 4963 2282 5019 qua:
2312 4946 2531 5001 ridicula
2565 4952 2737 5007 erant,
2766 4942 2907 5014 quod
2941 4943 3260 5012 prazcipnum
3292 4941 3441 4996 vide-

1856 5045 2011 5100 batur
2037 5044 2087 5097 in
2118 5040 2351 5097 medium
2383 5037 2678 5109 proferunt,
2709 5050 2816 5106 quo
2844 5035 3017 5098 illum,
3054 5042 3110 5086 ιιι
3148 5032 3277 5087 mihi
3314 5033 3447 5101 qui-

1854 5138 1975 5194 dem
2008 5136 2235 5201 videtur,
2268 5135 2320 5189 in
2353 5134 2483 5186 iram
2504 5130 2851 5185 «incitarent.
2874 5126 3231 5193 Quamobrem
3258 5125 3436 5180 senio-

1854 5249 1971 5288 rum
2006 5232 2384 5291 meminerunt,
2415 5235 2469 5280 ιιι
2497 5223 2649 5294 quasi
2680 5222 2798 5276 illos
2826 5218 3149 5286 deSpiceret,
3181 5217 3305 5272 hinc
3332 5233 3433 5271 an-

1853 5343 1967 5381 sam
1999 5322 2284 5379 accusandi
2326 5318 2607 5390 przeberct.
2640 5309 3060 5368 Examinandum
3111 5310 3285 5379 primo
3329 5318 3434 5376 est,

1853 5432 1949 5472 cur
1992 5414 2233 5485 discipuli
2276 5410 2437 5466 illotis
2485 5406 2729 5461 manibus
2768 5400 3168 5457 manducarent.
3209 5397 3325 5459 Non
3368 5399 3436 5455 de

1854 5508 2108 5566 industria
2140 5506 2190 5560 id
2218 5500 2504 5574 agebant‘,
2532 5496 2628 5553 sed
2652 5496 2791 5566 quod
2813 5493 2904 5548 illa
2920 5490 3189 5562 superﬂua
3218 5506 3437 5560 respue-

1922 5704 1937 5734 ⁸
1974 5702 2049 5753 Ex
2077 5701 2243 5752 (ἑταιςο
2269 5699 2537 5764 legendum
2572 5702 2727 5760 esset,
2764 5710 2853 5749 cur
2894 5692 3132 5761 discipuli
3161 5690 3307 5746 illatis
3329 5704 3439 5747 mih
