3908 6198
517 247 615 303 5M

512 364 654 422 rent,
683 355 812 412 dum
842 358 1160 415 necessariis
1183 361 1521 418 attenderem
1549 380 1564 420 :
1597 379 1697 420 nec
1725 380 1822 436 pro
1851 365 1968 435 lege
1997 366 2096 420 ba-

514 446 712 504 bebant
737 449 862 504 lotis
885 459 979 504 aut
999 450 1165 506 illotis
1185 453 1430 509 manibus
1454 450 1759 521 comedere,
1784 456 1878 512 sed
1900 466 2107 510 utrum-

511 553 616 609 que
646 548 703 594 ut
730 553 851 595 sese
878 542 1091 597 occasio
1118 542 1278 598 dabat
1300 545 1549 615 agebant.
1580 547 1712 602 Nam
1741 551 1830 617 qui
1854 562 2103 603 necessa-

510 630 651 686 rium
690 646 904 702 quoque
939 634 1117 689 cibum
1149 634 1534 706 despiciebant,
1561 639 1830 708 quomodo
1856 640 1973 695 haec
2007 654 2101 695 ac-

510 729 695 777 curate
714 724 1056 779 servassent?
1076 725 1209 792 Quia
1241 726 1400 796 igitur
1424 729 1739 800 plerumque
1759 730 2101 802 contingebat

510 818 571 865 ut
605 810 660 865 in
689 822 961 881 promptu,
991 823 1045 868 et
1070 816 1220 883 quasi
1247 817 1467 872 fortuito
1501 818 1552 872 id
1600 819 1855 886 facerent,
1884 831 1943 875 ut
1976 837 2096 876 cum

510 900 565 954 in
609 900 822 958 deserto
863 905 1235 973 comedebant,
1271 916 1471 962 etcum
1501 909 1675 978 Spicas
1714 911 2002 979 vellebant,
2046 912 2096 966 id

507 993 660 1061 quasi
686 995 888 1050 crimen
918 995 1213 1065 proferunt,
1252 1000 1341 1067 qui
1372 1000 1573 1069 majora
1614 1016 1826 1072 semper
1865 1003 2095 1073 neglige-

511 1084 679 1166 bant,
704 1095 759 1142 et
802 1087 1067 1156 superﬂua
1109 1090 1395 1146 admodum
1439 1092 1715 1147 curabant.
1755 1094 1891 1164 Quid
1936 1097 2097 1166 igitur

506 1164 786 1236 Chrisius?
828 1181 943 1237 Non
989 1183 1119 1238 illud
1166 1186 1416 1249 attendit,
1454 1202 1627 1257 neque
1669 1164 2091 1246 criminationem

503 1269 730 1340 depulit,
759 1271 853 1326 sed
878 1272 1057 1326 statim
1085 1275 1458 1331 recriminatus
1487 1288 1591 1345 est,
1624 1287 1681 1333 ut
1708 1264 1997 1335 audaciam
2025 1282 2090 1336 il-

505 1359 678 1416 lorum
718 1364 1057 1433 reprimeret,
1098 1366 1531 1438 ostenderetque,
1560 1384 1681 1424 eum
1707 1370 1799 1440 qui
1839 1372 1892 1425 in
1922 1372 2091 1444 majo-

503 1450 653 1506 ribus
682 1462 886 1520 peccat,
929 1454 1135 1508 minora
1167 1455 1218 1508 in
1248 1455 1368 1511 aliis
1399 1472 1504 1513 non
1547 1468 1691 1515 tanta
1734 1475 1863 1517 cura
1906 1463 2093 1530 esplo-

501 1557 623 1598 rare
649 1542 868 1597 debere.
898 1543 1005 1597 Vos
1030 1546 1269 1600 accusari
1298 1548 1594 1616 oportebat,
1623 1557 1678 1605 et
1704 1553 1987 1607 accusatis.
2011 1552 2090 1609 Tu

499 1648 631 1689 vero
660 1635 915 1690 observes
940 1635 1123 1702 velim,
1158 1640 1428 1708 quomodo
1456 1655 1577 1693 cum
1608 1641 1808 1712 aliquid
1840 1659 1905 1698 ex
1937 1644 2092 1714 legu-.

497 1726 638 1781 libus
680 1726 891 1783 solvere
918 1729 1048 1794 vult,
1082 1731 1233 1799 quasi
1276 1746 1398 1788 sese
1439 1735 1742 1790 excusando
1790 1738 1843 1792 id
1892 1740 2084 1805 iaciat;

493 1817 639 1888 quod
668 1829 719 1873 et
749 1827 877 1873 tune
906 1819 1049 1875 fecit.
1079 1820 1192 1876 Non
1220 1823 1362 1878 enim
1400 1826 1581 1880 statim
1602 1826 1669 1881 ad
1698 1830 2087 1900 transgressio-

495 1923 618 1964 nem
658 1910 920 1979 procedit,
974 1926 1150 1982 neque
1201 1912 1365 1981 dicit,
1416 1915 1474 1970 Id
1524 1916 1654 1972 nihil
1696 1926 1808 1985 est;
1849 1919 2083 1991 alioquin

493 2013 622 2054 vero
667 2000 785 2056 illos
824 1999 1115 2058 ferociores
1140 2004 1460 2063 reddidisset
1494 2025 1508 2061 :
1549 2008 1645 2063 sed
1684 2010 1833 2078 prius
1872 2012 2084 2067 illorum

491 2091 768 2147 audaciam
800 2095 1053 2162 retundit,
1104 2095 1261 2167 longe
1306 2098 1480 2167 majus
1515 2101 1714 2156 crimen
1760 2104 1810 2157 in
1850 2104 2082 2160 medium

491 2185 790 2255 proferens,
822 2196 877 2242 et
904 2190 954 2242 in
986 2189 1220 2259 ipsorum
1247 2201 1404 2261 caput
1426 2190 1761 2263 retorquens.
1792 2197 1976 2267 Neque
2004 2199 2085 2253 di-

491 2279 585 2345 cit,
619 2288 768 2334 recte
794 2280 915 2336 illos
936 2280 1112 2337 facere
1138 2282 1264 2338 dum
1291 2285 1773 2356 transgrediuntur,
1801 2305 1868 2344 ne
1895 2306 2079 2346 ansam

491 2367 598 2425 illis
626 2370 899 2439 praebeat;
931 2387 1105 2443 neque
1149 2372 1272 2429 ideo
1315 2374 1582 2447 objurgat,
1628 2394 1695 2433 ne
1725 2380 1967 2437 videatur
2006 2382 2083 2437 le-

490 2474 611 2532 gem
643 2462 891 2530 firmare;
936 2480 1108 2536 neque
1138 2480 1326 2523 rursus
1353 2469 1594 2526 seniores
1634 2484 1849 2529 accusat
1878 2484 1936 2530 ut
1973 2475 2079 2531 ini-

489 2567 645 2622 quos,
692 2563 753 2609 ut
796 2555 1088 2624 scelestos;
1135 2559 1369 2630 alioquin
1398 2562 1541 2617 enim
1574 2572 1632 2619 ut
1661 2567 2075 2625 conviciatorem

490 2642 639 2699 illum
664 2656 1040 2703 aversarentur
1071 2668 1085 2703 :
1117 2666 1301 2706 verum
1333 2652 1510 2709 missis
1538 2654 1643 2711 illis
1668 2658 1940 2725 omnibus,
1972 2660 2075 2718 alia

488 2735 571 2789 via
598 2738 870 2807 procedit;
893 2754 956 2794 ac
972 2740 1181 2797 videtur
1200 2743 1415 2813 quidem
1436 2747 1754 2805 accedentes
1775 2750 2073 2822 increpare,

487 2828 582 2882 sed
627 2831 930 2902 perstringit
974 2848 1067 2888 eos
1095 2835 1187 2904 qui
1229 2834 1532 2906 bujusmodi
1576 2840 1721 2911 leges
1748 2855 2072 2912 posuerant;

488 2919 727 2976 seniores
753 2936 1012 2991 nusquam
1034 2939 1361 2993 memorans,
1383 2929 1478 2985 sed
1499 2929 1552 2984 in
1580 2934 1922 2990 accusatione
1946 2950 2075 2992 con-

488 3020 567 3065 tra
608 3011 707 3068 hos
745 3013 1004 3080 instituta,
1039 3016 1158 3071 illos
1199 3033 1413 3089 quoque
1448 3020 1722 3090 dejiciens,
1750 3026 2072 3083 ostendens-

485 3117 610 3171 que,
640 3102 842 3172 duplex
880 3119 998 3161 esse
1045 3118 1340 3177 peccatum,
1373 3112 1515 3181 quod
1543 3123 1599 3169 et
1626 3115 1736 3171 Deo
1765 3132 1874 3173 non
1916 3118 2074 3175 obse-

483 3206 800 3263 querentur,
834 3206 890 3252 et
929 3200 1069 3269 quod
1099 3212 1315 3271 propter
1343 3203 1588 3262 homines
1616 3208 1668 3263 id
1704 3208 1963 3277 facerent;
2007 3227 2072 3269 ac

482 3285 529 3340 si
554 3286 799 3344 diceret:
832 3288 942 3344 Hoc
1018 3291 1163 3344 enim
1203 3292 1381 3361 ipsum
1420 3311 1517 3350 vos
1546 3340 1560 3363 ,
1600 3296 1705 3351 hoc
1778 3302 2008 3370 perdidit
2028 3311 2068 3369 ο,

481 3378 624 3447 quod
657 3381 711 3434 in
740 3382 886 3435 omni
917 3399 975 3437 re
1000 3385 1303 3442 senioribus
1331 3405 1535 3445 morem
1563 3393 1795 3461 geratis;
1837 3395 1930 3450 sed
1961 3412 2069 3452 non

482 3467 583 3522 hoc
610 3467 758 3533 dicit,
788 3469 919 3525 illud
945 3481 1121 3527 autem
1143 3474 1315 3545 ipsum
1338 3479 1660 3546 subindicat,
1682 3484 1808 3539 dum
1834 3490 1913 3541 sic
1940 3487 2070 3557 ipsis

478 3559 786 3629 respondet.
819 3563 873 3617 5.
908 3563 1079 3629 Quare
1101 3570 1252 3621 etiam
1280 3586 1367 3624 vos
1407 3575 1820 3644 transgredimini
1849 3579 2067 3633 manda-

478 3657 584 3701 tum
610 3648 706 3703 Dei
736 3661 942 3721 propter
967 3656 1291 3712 traditionem
1317 3670 1533 3714 uestram
1551 3664 1576 3716 .9
1605 3664 1744 3719 Deus
1768 3669 1903 3721 enim
1928 3686 2065 3739 pra:-

476 3741 659 3809 cepit:
685 3742 740 3795 4.
783 3740 1000 3798 Honora
1041 3757 1237 3815 patrem
1280 3759 1326 3803 et
1370 3763 1617 3818 matrem;
1653 3765 1720 3821 et,
1772 3757 1874 3824 Qui
1908 3761 2064 3814 male-

476 3830 659 3884 dixerit
684 3833 821 3902 patri
851 3836 928 3888 vel
957 3838 1129 3905 matri,
1161 3850 1320 3895 morte
1350 3845 1598 3898 moriatur
1623 3844 1824 3917 (Exod.
1849 3849 1941 3906 20.
1971 3851 2060 3906 12.

476 3928 523 3973 et
549 3919 641 3975 21.
668 3923 781 3993 17).
814 3924 869 3979 5.
910 3924 1011 3981 Vos
1047 3939 1212 3982 autent
1249 3932 1418 3987 dicitis
1460 3949 1479 3987 :
1520 3934 1834 4007 Quicumque
1878 3940 2065 3996 dixerit

475 4016 609 4083 patri
632 4016 717 4071 uel
740 4020 910 4088 matri,
942 4021 1129 4077 Munus
1153 4028 1500 4097 quodcumque
1527 4041 1599 4083 est
1625 4048 1689 4085 ea:
1714 4050 1794 4086 me
1821 4034 1908 4087 tibi
1939 4053 2061 4103 pro-

474 4107 625 4177 derit,
669 4112 722 4166 6.
762 4124 808 4166 et
852 4130 952 4168 non
990 4116 1258 4172 honorabit
1305 4130 1497 4189 patrem
1540 4140 1687 4177 suum
1724 4124 1803 4179 vel
1844 4138 2056 4183 matrem

471 4219 655 4267 suam;
685 4214 732 4259 et
768 4206 970 4261 irritum
1006 4209 1196 4278 fecistis
1234 4213 1531 4269 mandatum
1570 4216 1667 4272 Dei
1706 4229 1911 4291 propter
1956 4232 2061 4276 tra-

470 4295 711 4352 ditionem
751 4310 986 4355 vestram.

539 4388 595 4443 2.
638 4388 985 4447 Traditionem
1006 4394 1278 4450 Iudaicam
1305 4398 1562 4470 redarguit
1588 4401 1837 4458 Christus.
1854 4406 2056 4462 —-Non

469 4479 619 4549 dicit,
658 4482 942 4539 Seniorum
974 4488 1330 4555 traditionem,
1380 4492 1494 4558 sed,
1554 4493 1801 4564 Vestram,
1847 4508 1918 4565 et,
1956 4498 2056 4554 Vos

468 4571 675 4637 dicitis;
703 4588 808 4629 non
832 4575 989 4644 dixit,
1010 4577 1285 4649 Seniores,
1309 4593 1365 4636 ut
1390 4584 1567 4641 minus
1596 4588 1851 4644 molestus
1877 4606 2056 4645 sermo

469 4665 763 4722 videretur.
792 4667 925 4736 Quia
966 4671 1107 4726 enim
1154 4672 1447 4745 discipulos
1487 4687 1906 4750 transgressores
1932 4699 2053 4740 esse

467 4758 600 4829 legis
626 4762 999 4818 demonstrare
1029 4765 1297 4833 volebant,
1328 4770 1517 4838 probat
1546 4772 1691 4842 ipsos
1717 4790 1842 4830 vere
1869 4784 2051 4833 trans-

466 4850 618 4921 gredi
646 4851 839 4927 legem,
870 4851 1161 4924 discipulos
1203 4868 1381 4914 autem
1423 4863 1646 4919 crimine
1673 4864 1868 4933 liberos
1905 4883 2047 4925 esse.

464 4943 647 5015 Neque
672 4945 759 5001 lex
778 4956 861 5002 est
879 4946 931 5001 id
959 4949 1099 5018 quod
1125 4950 1194 5004 ab
1219 4950 1522 5009 hominibus
1542 4960 1877 5029 praecipitur:
1903 4961 2050 5019 ideo-

460 5051 570 5107 que
600 5036 940 5095 traditionem
968 5051 1142 5104 vocat,
1173 5059 1291 5113 tunc
1320 5054 1439 5101 erat
1468 5047 1918 5118 iniquissimorum
1946 5054 2046 5110 bo-

462 5127 685 5183 ntinum.
715 5128 912 5185 Verum
940 5132 1062 5201 quia
1088 5133 1261 5202 jussio
1306 5135 1516 5193 lavandi
1556 5155 1745 5197 manus
1786 5158 1892 5199 non
1931 5155 2047 5202 erat

462 5219 562 5290 legi
587 5224 853 5278 contraria
886 5242 901 5279 :
929 5225 1088 5279 aliam
1118 5226 1453 5284 traditionem
1480 5230 1529 5286 in
1558 5233 1791 5290 medium
1820 5239 2040 5307 profert,

460 5325 581 5379 qua:
611 5312 709 5382 legi
748 5316 1013 5369 contraria
1041 5327 1203 5372 esset.
1231 5318 1384 5387 Quod
1416 5336 1544 5377 vero
1571 5324 1718 5393 dicit,
1752 5327 1853 5384 hoc
1882 5331 2043 5400 signi-

463 5400 606 5455 ﬁcat.
655 5403 959 5461 Doeuerunt
997 5408 1225 5477 juvenes
1273 5421 1328 5465 ut
1376 5413 1591 5482 pietatis
1634 5420 1813 5489 specie
1859 5433 2038 5492 patres

462 5544 1175 5629 nigri-{notanducarent_Quare
1196 5561 1348 5629 igitur
1368 5564 1439 5618 sic
1460 5571 1847 5628 mandat-arant?
1866 5590 1959 5628 non
1980 5576 2040 5629 (te

462 5608 707 5676 industria
720 5610 783 5676 id
807 5617 1020 5676 agebant.

527 5673 543 5704 ⁸
569 5671 685 5735 Alii,
709 5673 797 5723 hoc
818 5671 947 5727 enim
970 5693 1050 5731 vos
1070 5688 1115 5732 et
1140 5682 1252 5737 illos
1273 5690 1509 5753 perdidit.

1254 247 1311 305 S.
1350 248 1629 308 JOANNIS
1663 248 2140 309 CHRYSOSTOMI
2184 249 2498 311 ARCHIEP.
2540 257 3071 326 CONSTANTINOP.

3674 279 3769 339 51-3

2213 363 2568 437 despicerent.
2593 375 2873 444 Quomodo
2897 394 2948 440 et
2978 403 3082 457 qua
3115 392 3356 452 ratione?
3380 398 3436 456 Si
3465 404 3585 474 quis
3612 422 3777 477 paren-

2214 469 2323 516 tnm
2350 462 2463 519 lilio
2485 465 2709 539 diceret,
2743 473 2814 528 Da
2847 476 2976 532 mihi
3012 479 3170 551 hanc,
3213 502 3369 558 quam
3396 462 3583 563 habes,
3614 462 3773 568 ovem,

2209 564 2300 610 aut
2343 558 2586 628 vitulum,
2636 576 2727 621 aut
2770 568 2911 626 aliud
2941 576 3065 644 quid
3110 579 3284 638 simile
3318 603 3332 639 :
3374 558 3777 663 respondebant,

2212 649 2265 704 ld
2293 654 2433 722 quod
2466 671 2497 711 a
2528 672 2615 714 me
2650 662 2731 717 vis
2768 668 3035 738 accipere,
3076 672 3274 731 donum
3313 690 3396 735 est
3560 649 3779 757 promis:

2208 756 2348 810 sum,
2379 760 2479 803 nec
2505 759 2655 818 potes
2685 754 2815 811 illud
2843 761 3108 831 accipere,
3138 781 3201 822 ac
3226 769 3419 840 duplex
3448 754 3579 832 hinc
3594 782 3779 838 malum

2207 838 2531 907 emergebat.
2560 842 2744 916 Neque
2768 853 2909 906 enim
2944 855 3052 910 Deo
3095 838 3410 928 oﬂ‘erebant.
3451 882 3515 923 ac
3542 883 3780 940 parentes

2205 926 2492 987 oblationis
2536 939 2753 995 nomine
2798 942 3223 1017 defraudabaut,
3274 965 3329 1010 et
3379 926 3780 1035 ipsos‘propter

2207 1019 2371 1076 Deum
2418 1024 2610 1095 injuria
2637 1028 2975 1103 afﬁciebant;
3022 1040 3293 1114 Deumque
3331 1019 3779 1123 propter'parx-en;

2204 1123 2304 1169 tes.
2341 1116 2538 1174 Verum
2568 1137 2671 1177 non
2703 1123 2804 1180 hoc
2831 1132 3009 1185 statim
3033 1133 3181 1202 dicit,
3211 1139 3304 1195 sed
3335 1116 3479 1210 prius
3506 1116 3677 1214 legem
3698 1167 3778 1206 rc-

2201 1206 2350 1273 citat,
2382 1225 2485 1279 qua
2511 1211 2747 1271 declarat
2787 1218 2948 1287 Deus,
2992 1224 3277 1283 admodum
3317 1206 3455 1290 velle
3491 1206 3652 1293 se—ut
3691 1256 3779 1309 pa-

2200 1307 2380 1353 rentes
2423 1300 2757 1362 honorentur
2793 1326 2806 1363 :
2840 1327 2961 1367 nam
3005 1317 3079 1371 ait
3113 1337 3126 1373 :
3163 1319 3375 1377 Honora
3404 1337 3603 1395 patrem
3646 1300 3778 1387 tuum

2198 1399 2245 1443 et
2271 1403 2502 1460 matrem,
2531 1408 2586 1451 ut
2604 1400 2673 1454 sis
2693 1401 2946 1474 tangamus
2964 1408 3015 1462 in
3037 1418 3204 1477 terra;
3224 1415 3373 1484 item,
3389 1417 3491 1483 Qui
3509 1424 3781 1480 maledixe-

2196 1483 2262 1537 rit
2281 1486 2415 1554 patri
2429 1489 2506 1542 vel
2517 1492 2685 1557 matri,
2704 1504 2863 1548 morte
2879 1500 3141 1555 moriatur.
3162 1502 3336 1562 Chris'.
3348 1483 3407 1564 us
3421 1522 3602 1568 autem
3622 1517 3778 1573 misso

2197 1578 2420 1645 prtemio
2444 1596 2552 1650 quo
2570 1583 2837 1641 donantur
2866 1589 2898 1642 ii
2925 1592 3014 1661 qui
3045 1607 3291 1663 parentes
3321 1599 3613 1671 honorant,
3641 1611 3777 1678 quod

2196 1668 2485 1726 terribilius
2531 1682 2616 1728 est
2665 1677 2886 1745 profert,
2931 1697 3125 1754 nempe
3161 1691 3480 1758 supplicium
3533 1668 3778 1766 parentes

2194 1756 2634 1833 inhonorantibus
2675 1767 3030 1839 inferendum,
3074 1785 3182 1831 tum
3315 1782 3459 1854 ipsos
3487 1756 3776 1860 deterreat,

2193 1856 2304 1903 tum
2332 1861 2387 1905 ut
2413 1853 2704 1921 prudentes
2724 1860 2975 1929 attrahat,
3007 1864 3235 1938 hincque
3258 1853 3493 1931 ostendit
3518 1879 3641 1936 illos

2180 1950 2365 1996 morte
2393 1942 2601 2014 dignos.
2630 1946 2762 2002 Nam
2794 1952 2837 2004 si
2865 1952 2909 2007 is
2940 1994 2956 2019 ,
2988 1957 3077 2026 qui
3102 1960 3280 2017 verbis
3309 1963 3612 2036 iuhonorat,
3662 1974 3775 2043 ple-

2190 2033 2368 2097 ctitur,
2392 2037 2559 2092 multo
2580 2041 2749 2111 magis
2774 2058 2869 2098 vos
2886 2046 2975 2115 qui
2996 2064 3161 2119 opere
3186 2052 3235 2107 id
3265 2054 3471 2115 facitis:
3496 2033 3605 2118 nec
3619 2033 3780 2121 modo

2190 2122 2543 2195 inhonoratis,
2584 2132 2677 2186 sed
2710 2134 2870 2190 etiam
2899 2138 3030 2195 alios
3086 2140 3141 2197 id
3183 2143 3363 2202 facere
3401 2149 3629 2208 docetis.
3676 2157 3780 2213 Vos

2186 2229 2314 2287 ergo
2339 2218 2428 2288 qui
2461 2234 2558 2275 nec
2596 2222 2646 2277 in
2696 2225 2830 2281 vivis
2871 2243 2990 2284 esse
3029 2232 3318 2304 deberetis,
3351 2255 3448 2296 cur
3488 2245 3778 2318 discipulos

2187 2305 2482 2366 incusatis?
2508 2311 2647 2378 Quid
2674 2317 2867 2372 mirum
2897 2331 3071 2377 autem
3102 2327 3147 2379 si
3179 2327 3229 2381 in
3259 2346 3365 2398 me,
3397 2349 3557 2404 quem
3589 2305 3775 2395 hacta;

2186 2414 2286 2454 nus
2326 2401 2627 2473 ignorastis,
2676 2416 2783 2464 tam
2825 2418 3198 2473 contumeliosi
3237 2401 3659 2496 estis,vquando
3702 2432 3779 2488 id-

2184 2489 2357 2561 ipsum
2405 2508 2530 2565 erga
2581 2508 2787 2568 patrem
2833 2501 3043 2561 facitis?
3099 2508 3305 2582 Ubique
3349 2489 3496 2573 enim
3547 2520 3686 2578 dicit
3726 2536 3779 2580 et

2183 2586 2416 2640 ostendit
2443 2586 2567 2643 hinc
2593 2601 2763 2648 ortam
2786 2600 3145 2668 arrogantiam
3176 2604 3319 2660 illam
3345 2623 3487 2665 esse.
3518 2612 3775 2673 Nonnulli

2182 2678 2339 2735 aliter
2368 2680 2788 2752 interpretantur
2816 2688 2968 2753 illud,
2995 2690 3204 2749 Donum
3231 2700 3583 2775 quodcumque
3607 2726 3673 2763 ex
3700 2728 3777 2765 nu

2181 2769 2270 2824 tibi
2297 2772 2519 2842 proderit
2545 2775 2658 2849 (a);
2692 2777 2742 2832 id
2773 2788 2875 2848 est,
2902 2781 3018 2837 Non
3056 2782 3228 2840 debeo
3251 2788 3343 2844 tibi
3367 2769 3652 2864 honorem,
3680 2801 3775 2855 sed

2178 2864 2223 2918 si
2254 2876 2304 2919 te
2333 2864 2611 2936 honorem,
2640 2870 2691 2925 id
2717 2874 2885 2941 gratis
2912 2873 3069 2932 facio.
3098 2879 3206 2937 Sed
3225 2879 3471 2942 Christus
3497 2905 3606 2944 non
3635 2891 3774 2949 hanc

2177 2958 2557 3014 contumeliam
2620 2966 2957 3021 memoravit.
3011 2968 3221 3028 Marcus
3277 2990 3408 3032 vero
3462 2980 3665 3037 clarius
3719 2986 3773 3041 id

2175 3049 2429 3119 exprimit
2473 3051 2556 3109 his
2596 3054 2773 3113 verbis
2814 3076 2828 3113 :
2860 3058 3059 3116 Corban
3086 3065 3435 3139 quodcumque
3474 3089 3539 3127 ea:
3574 3091 3658 3130 me
3685 3079 3774 3132 tibi

2176 3144 2400 3213 proderit
2426 3145 2617 3217 (Marc.
2653 3148 2704 3201 7.
2745 3151 2835 3221 Η)
2864 3169 2878 3205 :
2909 3152 2961 3208 id
2993 3156 3133 3225 quod
3168 3174 3274 3213 non
3314 3172 3397 3217 est
3441 3180 3642 3224 munus
3682 3182 3773 3226 aut

2175 3236 2399 3305 donum,
2428 3239 2523 3294 sed
2553 3240 2754 3297 oblatio
2784 3246 2999 3314 proprie
3038 3247 3253 3304 dicitur.
3289 3253 3424 3310 Cum
3469 3258 3632 3326 igitur
3672 3261 3769 3318 de-

2177 3341 2546 3400 monstrasset,
2580 3349 2686 3389 non
2722 3336 2844 3405 jure
2880 3338 3020 3404 illos,
3066 3342 3154 3412 qui
3200 3344 3369 3417 legem
3413 3349 3508 3405 Dei
3548 3356 3769 3408 concul-

2173 3434 2316 3489 cent,
2349 3426 2483 3481 alios
2523 3429 2940 3497 reprehendere,
2984 3434 3073 3501 qui
3116 3438 3386 3494 seniorum
3436 3456 3769 3515 pneceptum

2174 3519 2492 3587 transgressi
2519 3530 2718 3588 essent,
2752 3522 2978 3592 idipsum
3004 3530 3236 3584 ostendit
3275 3542 3329 3586 et
3362 3550 3427 3588 ex
3469 3538 3759 3607 propheta.

2172 3608 2305 3677 Quia
2326 3610 2469 3665 enim
2495 3612 2613 3667 illos
2641 3612 2988 3673 vehementer
3007 3620 3370 3692 redurguerat,
3394 3627 3621 3683 ulterius
3644 3646 3766 3699 pro-

2170 3701 2311 3757 cedit
2338 3702 2513 3771 :quod
2542 3705 2703 3758 etiam
2731 3705 2926 3777 ubique
2942 3708 3086 3774 facit,
3116 3712 3414 3784 Scripturas
3442 3719 3498 3772 in
3526 3722 3763 3778 medium

2170 3790 2476 3858 adducens,
2510 3805 2565 3848 ut
2595 3795 2718 3850 hinc
2757 3813 2815 3853 se
2855 3802 3105 3874 ostendat
3144 3804 3252 3859 Deo
3288 3823 3586 3865 consonum
3619 3829 3759 3869 esse.

2169 3881 2303 3948 Quid
2352 3884 2510 3955 igitur
2552 3887 2627 3941 ait
2670 3888 2968 3958 propheta?
2996 3893 3050 3948 8.
3085 3892 3321 3964 Papulas
3354 3898 3438 3952 hic
3484 3902 3636 3957 labiis
3686 3923 3763 3958 me

2169 3974 2402 4041 honorat,
2431 3992 2519 4030 cor
2538 3989 2703 4032 autem
2729 3996 2901 4033 eorum
2923 3982 3070 4054 longe
3089 3995 3161 4039 est
3186 4003 3217 4039 a
3243 4004 3322 4042 me
3346 3988 3495 4058 (Isai.
3524 3991 3620 4050 29.
3649 3996 3757 4065 15).

2168 4065 2222 4121 9.
2256 4065 2473 4122 Frustra
2496 4080 2662 4124 autem
2688 4074 2858 4127 colunt
2892 4091 2990 4142 me,
3026 4077 3261 4133 docentes
3289 4082 3570 4150 doctrinas,
3610 4104 3759 4140 man-

2169 4159 2291 4213 data
2336 4160 2615 4217 hominum.
2676 4164 2863 4221 V’iden‘
2908 4169 3239 4239 prephetiani
3290 4184 3541 4232 accurate
3601 4179 3763 4235 dictis

2164 4266 2478 4320 consonam,
2512 4272 2630 4326 qua:
2662 4256 2774 4328 jam
2813 4259 2940 4315 olim
2971 4277 3155 4317 eorum
3199 4266 3582 4337 malignitatem
3617 4288 3756 4341 pne-

2164 4348 2412 4401 nuntiat‘l
2434 4348 2585 4415 Quod
2616 4350 2862 4407 Christus
2887 4370 3027 4411 nunc
3050 4360 3353 4415 accusando
3379 4362 3608 4431 profert,
3655 4365 3759 4423 hoc

2158 4438 2270 4507 jam
2300 4441 2427 4495 olim
2457 4443 2590 4497 dixit
2631 4442 2814 4511 lsaias,
2857 4449 2999 4517 quod
3032 4454 3276 4507 mandata
3308 4454 3402 4509 Dei
3434 4471 3700 4527 spernant
3738 4480 3752 4516 :

2162 4532 2380 4589 Frustra
2404 4536 2546 4589 enim
2587 4537 2759 4592 colunt
2788 4556 2887 4606 me,
2937 4542 3138 4612 inquit;
3180 4545 3248 4600 de
3285 4548 3396 4603 suis
3434 4565 3566 4607 vero
3610 4569 3756 4623 prte-

2159 4626 2327 4695 ccptis
2370 4642 2614 4697 magnam
2665 4643 2847 4685 curam
2898 4631 3147 4701 habeant,
3192 4634 3441 4694 Docentes
3480 4645 3755 4709 mandata,

2159 4717 2414 4774 doctrinas
2440 4721 2721 4775 hominum.
2753 4722 2881 4779 .lnre
2924 4741 3053 4796 ergo
3085 4729 3180 4783 has
3209 4730 3457 4801 discipuli
3487 4749 3600 4791 non
3633 4753 3753 4793 ser-

2162 4820 2308 4865 vant.
2343 4811 2627 4883 Postquam
2658 4813 2819 4884 igitur
2855 4815 3068 4895 letalem
3100 4819 3235 4874 hanc
3272 4823 3482 4891 plagam
3514 4825 3627 4883 illis
3669 4829 3754 4883 in-

2159 4902 2499 4977 ilixit,atque
2552 4920 2620 4961 ex
2672 4907 2861 4977 factis,
2920 4920 2976 4965 et
3029 4927 3095 4966 ex
3119 4916 3329 4984 propria
3357 4917 3600 4987 ipsorum
3628 4936 3756 4977 sen-

2158 4994 2341 5061 tentia,
2369 5010 2541 5065 exque
2572 4996 2828 5067 propheta
2852 5003 3244 5059 accusationem
3275 5008 3443 5072 auxit,
3471 5010 3584 5065 illis
3625 5016 3753 5085 qui-

2151 5086 2274 5143 dem
2320 5088 2450 5141 nihil
2496 5088 2629 5142 ultra
2669 5088 2922 5159 loquitur,
2954 5101 3137 5163 utpote
3176 5096 3266 5167 qui
3307 5101 3589 5159 emendari
3641 5122 3750 5161 non

2154 5190 2419 5251 poterant,
2469 5197 2773 5238 sermonem
2816 5199 2947 5239 vero
2992 5190 3258 5245 convertit
3299 5191 3366 5247 ad
3417 5195 3641 5263 turbas,
3692 5210 3751 5255 ut

2151 5273 2341 5345 dogma
2370 5272 2582 5328 inducat
2614 5275 2864 5343 sublime,
2899 5294 3169 5350 magnum,
3199 5293 3253 5339 et
3282 5286 3445 5342 multa
3488 5290 3746 5363 philoso-

2208 5456 2465 5531 (a)_I-‘.orum
2489 5457 2570 5531 qui
2591 5458 2661 5508 sic
2684 5454 3128 5531 interpretabantur
3138 5482 3280 5521 mens
3300 5470 3404 5522 haec
3415 5474 3613 5526 videtur
3632 5479 3743 5531 fuit»

2143 5532 2238 5598 διὲξ
2259 5528 2457 5598 ponunt
2474 5520 2654 5598 offero,
2672 5520 3066 5598 quodetiamtibi
3087 5520 3269 5594 prosit,
3290 5520 3613 5598 siquid—uero
3633 5520 3743 5590 ’ἶὶῖὶ

2143 5581 2534 5664 (2.Μένὲῳὲ
2553 5584 2667 5664 ι-ῗῇ
2685 5585 3039 5664 έέῖίίτῗδηίφον
3075 5581 3187 5664 ἀέρι
3220 5581 3543 5664 oiuiiiiiﬁe;
3555 5581 3740 5664 ’ροίεππςητ

2258 5645 2430 5707 offerre
2442 5656 2461 5706 ;
2482 5645 2526 5695 si
2549 5645 2667 5707 quid
2688 5645 2739 5697 in
2763 5655 2808 5698 te
2831 5645 3094 5715 conferam,
3110 5652 3165 5705 id
3185 5669 3250 5707 ea:
3270 5645 3375 5710 mea
3390 5645 3738 5723 Magni-3;;
