3916 6302
76 384 206 437 ἀλλ’
232 383 613 451 ὑπερορῶντες
636 382 821 438 λοιπὸν
856 383 963 437 τῶν
998 386 1288 457 περιττῶν,
1315 386 1407 439 καὶ
1454 390 1565 450 τοῖς
1599 388 1769 453 ἀναγσ

75 472 272 534 καίοις
310 470 702 541 προσέχοντεςο
725 470 849 524 οὔτε
871 471 933 524 τὸ
956 472 1259 535 νίπτεοθαι,
1290 471 1411 526 οὔτε
1447 474 1507 525 τὸ
1540 475 1614 543 μὴ
1643 473 1766 525 νίπ-

74 558 280 611 τεσθαι
311 558 474 628 νόμον
500 558 737 627 ἔχοντες,
772 558 887 611 ἀλλ’
946 560 1020 622 ὠς
1051 557 1238 628 ἔτυχεν
1268 560 1527 631 ἑκάτερον
1553 560 1767 614 ποιοῦν-

71 662 195 707 τες.
233 647 301 697 OE
335 646 444 717 γάρ
483 648 579 699 καὶ
616 648 785 716 αὐτῆς
813 646 911 715 τῆς
954 648 1258 715 ἀναγκαίας
1292 648 1763 719 καταφρονοῦντες

71 734 318 804 τροφῆς,
352 733 470 797 πῶς
490 733 711 804 ἔμελλον
735 733 911 786 ταῦτα
934 734 1373 805 περισπούδαστα
1397 736 1538 807 ἔχειν
1560 755 1574 803 ;
1612 738 1765 791 Ἐπεὶ

71 818 174 874 οὗν
206 820 496 873 συνέϐαινε
521 820 781 883 πολλάκις
812 821 967 874 τοῦτο
992 822 1099 874 ἀπὸ
1119 823 1463 892 ταυτομάτου
1492 824 1761 892 γίνεσθαι,

70 903 194 960 οἷον
219 908 301 971 ὡς
334 908 424 961 ὅτε
454 909 513 960 ἐν
551 910 611 977 τῇ
644 910 835 979 ἐρήμῳ
869 908 1076 977 ήσθιον,
1106 908 1179 972 ώς
1206 911 1292 962 ὅτε
1332 911 1457 974 τοὺς
1488 912 1765 982 ἀστάχυας

71 996 296 1049 ἔτιλλον
322 996 437 1049 ἀντ’
477 995 824 1073 ἐγκλήματος
854 994 1005 1067 [521]
1038 998 1169 1050 αὐτὸ
1192 998 1581 1066 προϐάλλονται
1612 999 1679 1062 ⁸⁸,
1710 999 1759 1051 οί

72 1085 141 1137 τά
196 1085 418 1154 μεγάλα
464 1085 552 1137 ἀεὶ
598 1085 1034 1156 παρατρέχοντες
1065 1085 1132 1152 ⁸⁵,
1172 1080 1279 1140 ¹καί
1325 1088 1431 1140 τῶν
1490 1087 1761 1159 περιττῶν

74 1172 256 1224 πολὺν
308 1174 624 1242 ποιούμενοι
666 1173 842 1240 λόγον.
893 1173 957 1224 Τί
986 1168 1079 1227 οῦν
1107 1176 1135 1227 6
1186 1174 1453 1245 Χριστός;
1480 1176 1591 1227 Ούκ
1633 1176 1762 1246 ἔστη

71 1253 220 1323 πρὸς
262 1252 445 1318 τοῦτο,
475 1255 597 1307 ούδέ
624 1255 1024 1324 ἀπελογήσατο,
1055 1256 1169 1311 ἀλλ’
1197 1258 1398 1321 εὐθέως
1418 1258 1759 1326 ἀντεγκαλεῖ,

71 1341 385 1395 καταστοῶν
419 1341 601 1395 αὐτῶν
633 1343 727 1413 τὴν
777 1345 1104 1414 παρρησίαν,
1150 1345 1245 1398 καὶ
1276 1345 1510 1408 δεικνὺς,
1544 1347 1625 1399 ὅτι
1672 1347 1762 1400 τὸν

72 1427 303 1495 μεγάλα
333 1426 718 1499 ἁμαρτάνοντα
748 1430 888 1500 ὑπὲρ
922 1429 1136 1500 μικρῶν
1171 1432 1307 1502 πρὸς
1344 1434 1564 1503 ἐτέρους
1599 1434 1761 1503 ἀκρι-

71 1514 430 1582 ϐολογεῖσθαι
454 1518 517 1569 οὐ
548 1518 674 1588 χρή.
710 1517 838 1570 Δέον
876 1519 984 1589 γάρ
1019 1519 1160 1589 ὑμᾶς
1190 1514 1571 1587 ἐγκαλεῖσθαι,
1606 1522 1757 1591 φησὶ,

72 1602 173 1654 καὶ
205 1603 535 1671 ἐγκαλεῖτε;
574 1605 645 1657 Σὺ
669 1604 726 1657 δὲ
760 1606 1091 1675 παρατήρει,
1122 1606 1239 1669 πῶς
1272 1608 1401 1660 ὅταν
1421 1624 1471 1659 τι
1503 1606 1759 1677 βούληται

70 1688 243 1741 λῦσαι
286 1688 396 1742 τῶν
445 1691 716 1761 νομίμων,
771 1693 829 1743 ἐν
875 1691 1025 1758 τάξει
1060 1688 1355 1762 ἀπολογίας
1404 1694 1535 1747 αὐτὸ
1574 1697 1755 1747 ποιεῖ·

69 1778 212 1848 ὅπερ
250 1776 349 1829 καὶ
380 1777 501 1830 τότε
531 1779 809 1849 ἐποίησεν.
860 1778 995 1832 Ούδέ
1023 1782 1131 1850 γὰρ
1169 1780 1370 1843 εὐθέως
1399 1782 1494 1834 ἐπὶ
1520 1780 1617 1851 τὴν
1655 1799 1759 1835 πα-

71 1862 320 1932 ράϐασιν
371 1863 623 1934 ἔρχεται,
658 1864 779 1917 ούδέ
832 1864 1000 1933 λέγει,
1050 1866 1216 1919 Οὐδέν
1266 1869 1447 1920 ἐστιν·
1480 1863 1515 1939 ἦ
1551 1868 1659 1939 γάρ
1691 1868 1758 1921 ἂν

71 1950 459 2021 θρασυτέρους
490 1951 814 2022 εἰργάσατοο
838 1952 991 2007 γάλλά
1030 1954 1245 2024 πρῶτον
1291 1955 1547 2009 ἐκκόπτει
1579 1956 1758 2010 αὐτῶν

72 2037 169 2107 τὴν
226 2036 574 2108 θρασύτητα,
603 2039 664 2091 τὸ
712 2038 892 2111 πολλῷ
938 2040 1122 2111 μεῖζον
1170 2040 1420 2112 ἔγκλημα
1470 2044 1551 2107 είς
1595 2045 1758 2114 μέσον

71 2128 251 2195 ἄγων,
296 2129 389 2181 καὶ
435 2130 516 2192 είς
552 2128 652 2199 τήν
704 2130 927 2182 ἐκείνων
970 2129 1274 2201 περιέλκων
1331 2132 1592 2202 κεφαλήν.
1648 2132 1758 2186 Kal

70 2215 195 2268 οὔτε
222 2215 400 2285 λέγει,
433 2217 516 2269 ὅτι
546 2216 723 2280 καλῶς
748 2215 963 2269 ποιοῦσι
988 2218 1437 2289 παραϐαίνοντες,
1465 2219 1551 2273 ἵνα
1578 2218 1652 2290 μὴ
1683 2218 1756 2289 δῷ

70 2304 250 2374 λαϐὴν
290 2304 512 2367 αὐτοῖς·
547 2303 669 2357 οὔτε
724 2303 1019 2369 κακίζειτὸ
1061 2306 1363 2376 γινόμενον,
1420 2307 1507 2359 ἵνα
1550 2307 1624 2377 μὴ
1664 2306 1756 2376 βε-

67 2390 297 2460 ϐαιώσῃ
326 2391 419 2443 τὸν
453 2391 616 2460 νόμον
640 2409 652 2421 ·
701 2391 808 2444 οὐδ’
838 2388 903 2445 αὖ
952 2391 1113 2445 πάλιν
1147 2395 1442 2462 κατηγορεῖ
1477 2392 1584 2444 τῶν
1618 2409 1753 2462 πρε-

70 2475 383 2547 σϐυτέρων,
421 2478 495 2539 ώς
525 2478 855 2548 παρανόμων
883 2478 977 2531 καὶ
1003 2477 1215 2548 μιαρῶν
1236 2493 1249 2506 ⁸
1279 2474 1315 2549 ἦ
1336 2479 1443 2550 γάρ
1460 2480 1526 2532 ἂν
1551 2479 1626 2542 ῶς
1647 2479 1755 2531 λοί-

69 2564 231 2634 δορον
278 2566 372 2617 καὶ
404 2565 665 2635 ὑϐριστὴν
696 2566 1128 2637 ἀπεστράφησαν
1150 2582 1163 2596 ο
1214 2566 1350 2620 άλλά
1378 2568 1551 2621 πάντα
1584 2566 1757 2621 ταῦτα

69 2651 261 2720 ἀφεὶς,
286 2653 483 2722 ἑτέραν
521 2652 638 2705 όδδν
671 2653 915 2723 ἔρχεται.
963 2654 1072 2705 Καὶ
1101 2653 1249 2706 δοκεῖ
1280 2654 1379 2723 μὲν
1409 2655 1592 2717 αὐτοῖς
1632 2656 1753 2707 ἐπι-

69 2741 246 2811 τιμᾷν
280 2740 401 2803 τοῖς
430 2740 918 2810 παραγενομένοις,
959 2741 1298 2795 καθάπτεται
1339 2741 1393 2793 δέ
1439 2740 1546 2793 τῶν
1584 2742 1754 2794 ταῦτα

69 2825 564 2898 νομοθετησάντων
589 2843 603 2855 °
643 2828 751 2881 τῶν
801 2828 897 2898 μὲν
925 2828 1310 2899 πρεσϐυτέρων
1342 2828 1578 2898 οὐδαμοῦ
1614 2847 1749 2900 μνη-

74 2917 347 2985 μονεύων,
389 2918 445 2968 ἐν
476 2917 534 2969 δέ
572 2918 636 2987 τῇ
675 2917 811 2987 πρὸς
859 2916 1081 2981 τούτους
1129 2918 1431 2989 κατηγορίᾳ
1467 2918 1751 2982 κάκείνους

69 3000 464 3061 καταϐάλλων,
500 3002 596 3054 καὶ¹
626 3002 839 3064 δεικνὺς
864 3002 946 3054 ὅτι
979 3002 1199 3054 διπλοῦν
1227 3002 1285 3054 τὸ
1312 3003 1633 3074 ἁμάρτημα,
1669 3004 1750 3056 ὅτι

68 3090 166 3141 καὶ
181 3089 267 3159 τῷ
290 3088 413 3158 Θεῷ
430 3089 489 3141 ού
510 3088 809 3151 πείθονται,
843 3090 935 3142 καὶ⁵
956 3090 1023 3142 δι’
1040 3089 1362 3160 ἀνθρώπους
1393 3090 1551 3142 τοῦτο
1571 3090 1753 3143 ποιοῦ-
1783 3154 1799 3165 .

71 3192 186 3228 σιν·
217 3177 430 3230 ὡσανεὶ
455 3177 605 3244 ἔλεγε
623 3194 637 3209 ο
670 3176 841 3230 Τοῦτο
868 3177 975 3248 γάρ
1003 3178 1148 3247 ὑμᾶς
1168 3219 1182 3240 ,
1220 3177 1377 3230 τοῦτο
1404 3178 1650 3231 ἀπώλεσε
1680 3179 1749 3241 ⁸ο,

68 3266 131 3319 τὸ
165 3266 360 3319 πάντα
390 3266 675 3321 πείθεσθαι
710 3269 825 3329 τοῖς
870 3266 1287 3337 πρεσϐυτέροις.
1323 3267 1464 3319 Ἀλλ’
1511 3268 1570 3319 ού
1607 3267 1752 3335 λέγει

68 3354 237 3418 οῦτω,
259 3351 423 3407 τοῦτο
440 3355 496 3407 δὲ
523 3354 656 3408 αὐτὸ
682 3355 996 3415 αἰνίττεται,
1018 3354 1189 3416 οὕτως
1203 3356 1385 3417 αὐτοῖς
1400 3356 1719 3425 ἀποκριθείς
1735 3374 1747 3385 ³

70 3443 240 3495 Διατί
282 3440 387 3494 καί
421 3441 590 3510 ὑμεῖς
613 3443 1011 3512 παραϐαίνετε
1039 3442 1153 3508 τὴν
1174 3443 1435 3509 ἐντολὴν
1466 3443 1572 3496 τοῦ
1605 3442 1752 3495 Θεοῦ

69 3528 168 3581 διὰ
214 3528 342 3596 τὴν
368 3528 708 3595 παράδοσιν
736 3528 941 3599 ὑμῶν;
970 3530 1023 3581 '0
1054 3530 1164 3599 γὰρ
1204 3530 1347 3595 Θεὸς
1378 3531 1714 3584 ἐνετείλατο
1736 3549 1748 3560 ·

74 3614 226 3685 Τίμα
252 3616 367 3668 τὸν
391 3615 616 3684 πατέρα
644 3617 739 3669 καί
763 3616 877 3683 τὴν
897 3616 1123 3685 μητέρα
1146 3635 1158 3647 ·
1184 3618 1295 3680 καὶ,
1332 3618 1386 3668 '0
1408 3616 1753 3686 κακολογῶν

70 3704 308 3773 πατέρα
360 3704 396 3771 ἢ
433 3703 658 3772 μητέρα
683 3743 697 3767 ,
753 3703 986 3772 θανάτῳ
1036 3704 1381 3759 τελευτάτω.
1436 3703 1630 3774 ’Υμεῖς
1686 3704 1752 3757 δὲ

68 3794 285 3860 λέγετε
316 3808 333 3821 ·
372 3793 469 3857 ’ος
497 3790 573 3844 ἂν
593 3792 736 3863 εἴπῃ
764 3790 841 3856 τῷ
866 3793 1038 3860 πατρὶ
1066 3792 1102 3860 ἢ
1128 3793 1170 3823 ⁸⁸
1204 3791 1278 3859 τῇ
1301 3792 1502 3860 μητρί,
1534 3790 1749 3859 Δῶρον,

72 3879 101 3932 ὅ
132 3880 245 3932 ἐὰν
287 3878 361 3943 ἐξ
390 3878 537 3947 ἐμοῦ
570 3878 910 3948 ὠφεληθῇς,
951 3880 1048 3933 καὶ
1080 3882 1150 3932 οὐ
1176 3879 1262 3948 μὴ
1299 3879 1523 3948 τιμήσῃ
1554 3881 1599 3910 ⁸¹
1647 3881 1754 3932 τὸν

72 3966 308 4035 πατέρα
350 3968 449 4019 καὶ
492 3966 605 4034 τὴν
631 3966 859 4037 μητέρα
887 3986 899 3999 ·
930 3968 1028 4021 καὶ
1066 3967 1415 4035 ἠκυρώσατε
1465 3967 1578 4036 τὴν
1598 3967 1753 4021 ἐντο-

70 4054 196 4124 λὴν
228 4056 281 4087 ⁸³
324 4054 432 4108 τοῦ
467 4055 614 4109 Θεοῦ
635 4054 732 4108 διὰ
764 4054 879 4123 τὴν
905 4053 1244 4123 παράδοσιν
1266 4055 1451 4125 ὑμῶν.

141 4214 213 4285 β’.
255 4214 375 4267 Kal
412 4216 511 4268 οὐκ
543 4210 695 4280 εἷπε,
720 4215 841 4267 Τῶν
882 4214 1300 4286 πρεσϐυτέρων,
1346 4214 1483 4280 ἀλλ’,
1528 4215 1747 4283 Ὕμῶνο

71 4303 190 4367 καὶ,
238 4302 446 4371 ’Υμεῖς
484 4303 709 4373 λέγετε.
766 4303 860 4356 καὶ
900 4303 1000 4355 ούκ
1044 4297 1218 4367 εἶπεν,
1268 4304 1331 4354 Ol
1368 4302 1748 4373 πρεσϐύτεροι,

70 4389 214 4443 ὥστε
258 4388 737 4461 ἀνεπαχθέστερον
787 4390 1009 4460 ποιῆσαι
1044 4388 1136 4442 τὸν
1169 4388 1347 4457 λόγον.
1395 4390 1610 4461 Ἐπειδὴ
1643 4390 1751 4461 γάρ

72 4478 441 4550 παρανόμους
468 4477 741 4548 ἠθέλησαν
788 4477 959 4543 δεῖξαι
987 4479 1114 4540 τοὺς
1156 4476 1426 4548 μαθητὰς,
1478 4478 1752 4531 δείκνυσιν

68 4567 276 4628 αὐτοὺς
331 4563 489 4618 τοῦτο
534 4564 844 4630 ποιοῦντας,
898 4564 1122 4629 τούτους
1191 4565 1249 4619 δέ
1301 4564 1752 4636 ἀπηλλαγμένους

70 4654 448 4722 ἐγκλήματος.
485 4652 560 4707 ού
605 4652 714 4724 γάρ
744 4652 808 4723 δὴ
854 4652 1018 4724 νόμος
1055 4654 1115 4707 τὸ
1152 4653 1258 4708 ὑπὸ
1300 4654 1409 4707 τῶν
1451 4654 1751 4725 ἀνθρώπων

71 4738 377 4809 ἐπιταχθὲν
412 4739 515 4805 (διὸ
545 4740 641 4793 καὶ
671 4740 967 4811 παράδοσιν
996 4740 1355 4811 αὑτὺ’καλεῖ).
1400 4742 1495 4795 καὶ
1542 4741 1751 4815 ἀνθρώ-

72 4845 190 4881 πων
217 4826 460 4898 μάλιστα
476 4828 828 4898 παρανόμων.
852 4828 963 4881 Kal
983 4828 1169 4899 ἐπειδὴ
1196 4829 1355 4882 τοῦτο
1381 4829 1481 4882 ούκ
1504 4824 1572 4900 ἦν
1590 4830 1752 4883 ὑπεν-

68 4917 257 4971 αντίον
284 4915 367 4985 τῷ
399 4915 567 4986 νόμῳ,
600 4917 662 4969 τὸ
694 4916 937 4970 κελεύειν
961 4917 1065 4979 τὰς
1086 4920 1272 4989 χεῖρας
1300 4919 1527 4984 νίπτειν,
1558 4917 1751 4989 ἑτέραν

69 5006 382 5076 παράδοσιν
409 5005 487 5065 είς
523 5004 686 5073 μέσον
720 5004 865 5073 ἀγει,
902 5006 1316 5077 ἐναντιουμένην
1361 5005 1439 5076 τῷ
1470 5006 1637 5077 νόμῳ.
1685 5008 1750 5060 Ὃ

67 5090 124 5144 δέ
170 5092 352 5160 λέγει,
381 5091 617 5144 τοιοῦτόν
651 5092 816 5144 ἐστιν·
860 5091 1216 5145 Ἐπαίδευσαν
1251 5093 1376 5155 τοὺς
1408 5092 1560 5156 νέους
1591 5094 1750 5147 εύσεο

69 5178 226 5243 ϐείας
276 5180 515 5249 σχήματι
550 5181 911 5251 καταφρονεῖν
958 5179 1067 5233 τῶν
1101 5182 1353 5250 πατέρων
1382 5183 1448 5236 ⁸⁸.
1481 5182 1605 5247 Πῶς
1654 5184 1750 5237 καὶ

69 5268 173 5321 τίνι
202 5268 428 5337 τρόπῳς
462 5266 526 5319 Εἰ
557 5285 638 5329 τις
669 5268 775 5320 τών
804 5267 1008 5337 γονέων
1049 5266 1173 5323 εἷπε
1213 5269 1289 5340 τῷ
1320 5271 1491 5334 παιδὶ,
1528 5273 1628 5335 Δός
1660 5290 1749 5341 μοι

69 5356 130 5407 τὸ
158 5355 443 5427 πρόϐατον
460 5355 615 5408 τοῦτο
635 5356 663 5409 ὃ
688 5357 854 5426 ἔχεις,
880 5358 1023 5429 ἢτὸν
1051 5359 1270 5428 μόσχον,
1299 5360 1330 5430 ἦ
1359 5360 1485 5414 ἀλλο
1508 5361 1749 5416 τιτοιοῦ-

70 5460 181 5510 τον,
213 5443 408 5510 ελεγον
432 5461 443 5474 ι
483 5444 665 5515 Δῶρόν
696 5446 814 5498 ἐστι
841 5446 919 5517 τῷ
952 5447 1069 5518 Θεῷ
1114 5448 1292 5512 τοῦτο,
1323 5448 1351 5501 ὃ
1382 5448 1553 5512 θέλεις
1596 5448 1745 5522 [522]

1261 272 1326 327 IN
1363 271 1781 329 ΜΑΤΤΗᾸΞΗΜ
1813 270 2046 329 HOMIL.
2088 273 2172 329 LI.
2206 275 2276 331 al.
2316 275 2428 333 LII.

3430 279 3531 335 5H

1865 384 1926 449 ἐξ
1948 385 2084 456 ἐμοῦ
2111 387 2477 459 ὠφεληθῆναι,
2502 387 2598 442 καὶ
2614 389 2676 443 οὐ
2705 388 2929 443 δύνασαι
2952 388 3285 448 λαϐεῖν.Καὶ
3310 388 3531 444 διπλοῦν

1866 473 2115 526 ἐντεῦθεν
2144 474 2353 543 ἐγίνετο
2385 476 2447 528 τὸ
2477 475 2664 531 κακόν.
2689 474 2829 529 Οὔτε
2861 476 2968 546 γάρ
2987 475 3064 545 τῷ
3091 474 3209 545 Θεῷ
3231 476 3527 547 προσῆγον,

1867 558 1962 610 xal
2014 560 2141 622 τοὺς
2184 562 2376 629 γονέας
2425 562 2649 631 ὀνόματι
2686 562 2785 632 τῆς
2826 563 3145 632 προσφορᾶς
3174 561 3531 631 ἀπεστέρουν,

1864 643 1988 703 τούς
2022 662 2079 698 τε
2111 649 2505 717 γεγεννηκότας
2534 648 2621 700 διά
2662 648 2753 701 τὸν
2793 647 2926 700 Θεὸν
2953 646 3283 719 ὑϐρίζοντες,
3314 647 3407 698 καὶ
3440 646 3531 699 τὸν

1866 731 1997 784 Θεὸν
2029 731 2118 785 διὰ
2143 735 2269 795 τοὺς
2303 734 2720 804 γεγεννηκότας.
2771 734 2914 787 Ἀλλ’
2951 734 3012 787 ού
3042 733 3191 800 λέγει
3246 729 3405 783 τοῦτο
3445 734 3533 785 εὑ-

1866 816 2023 883 θέως,
2055 819 2190 872 ἀλλά
2227 820 2490 890 πρότερον
2515 821 2605 873 τὸν
2638 821 2801 891 νόμον
2821 820 3207 890 ἀναγινώσκει,
3240 820 3311 871 δι’
3333 814 3394 874 οῦ
3423 819 3532 873 δεί-

1866 921 2022 957 κνυσι
2060 907 2266 977 σφόδρα
2296 906 2614 977 βουλόμενον
2643 907 2805 961 αὐτὸν
2842 908 3105 978 τιμᾶσθαι
3141 909 3355 975 γονέας.
3390 908 3533 976 Τίμα

1864 990 1993 1062 γάρ,
2027 994 2183 1063 φησὶ,
2218 994 2327 1046 τὸν
2360 994 2582 1061 πατέρα
2606 1009 2724 1048 σου
2756 995 2855 1048 καὶ
2890 995 3004 1062 τὴν
3024 996 3267 1062 μητέρα,
3296 995 3397 1047 ἵνα
3418 995 3533 1063 ἔσῃ

1859 1080 2291 1147 μακροχρόνιος
2317 1080 2412 1133 ἐπὶ
2440 1079 2550 1147 τῆς
2578 1078 2688 1149 γῆς
2707 1096 2721 1113 ·
2745 1082 2838 1133 καὶ
2871 1080 3053 1145 πάλιν,
3094 1080 3157 1133 '0
3181 1078 3531 1150 κακολογῶν

1864 1164 2088 1231 πατέρα
2126 1164 2163 1231 ἢ
2211 1166 2456 1234 μητέρα,
2494 1166 2727 1233 θανάτῳ
2764 1167 3113 1223 τελευτάτω.
3183 1168 3325 1223 Ἀλλ’
3372 1168 3534 1231 αὐτὸς

1863 1251 2039 1303 ἐκεῖνο
2070 1251 2250 1319 ἀφεὶς,
2281 1252 2342 1305 τὺ
2366 1254 2615 1324 κείμενον
2653 1253 2886 1308 ἑπαθλον
2916 1257 3029 1316 τοῖς
3053 1253 3257 1323 τιμῶσι
3280 1255 3407 1318 τοὺς
3430 1270 3529 1323 γο-

1862 1336 2024 1400 νέας,
2066 1336 2128 1390 τὸ
2172 1338 2545 1410 φοϐερώτερον
2583 1341 2784 1412 τίθησι,
2835 1342 2935 1413 τὴν
2984 1341 3205 1395 κόλασιν
3238 1341 3386 1411 λέγω
3433 1343 3534 1413 τὴν

1861 1425 1974 1485 τοῖς
2021 1424 2377 1493 ἀτιμάζουσιν
2412 1427 2808 1499 ήπειλημένην,
2848 1428 2944 1482 καὶ
2972 1429 3167 1492 αὐτοὺς
3188 1428 3530 1499 καταπλῆξαι

1868 1508 2212 1580 βουλόμενος,
2246 1513 2339 1565 καὶ
2371 1515 2499 1577 τοὺς
2539 1514 2665 1568 νοῦν
2712 1515 2935 1585 ἔχοντας
2966 1514 3407 1570 ἐπισπάσασθαιο
3440 1516 3532 1570 καὶ

1863 1597 2138 1650 δείκνυσιν
2170 1599 2418 1653 ἐντεῦθεν
2448 1599 2680 1654 θανάτου
2712 1601 2895 1666 ἀξίους
2925 1602 3104 1665 ὄντας.
3144 1602 3207 1654 Et
3240 1602 3349 1673 γάρ
3376 1603 3405 1655 6
3432 1605 3529 1675 ρή-

1866 1701 1996 1755 ματι
2027 1686 2308 1754 ἀτιμάζων
2336 1687 2644 1753 κολάζεται,
2672 1688 2853 1758 πολλῷ
2887 1689 3083 1759 μᾶλλον
3109 1690 3263 1760 ὑμεῖς
3283 1687 3333 1741 οί
3350 1688 3495 1759 ἔργῳ
3512 1707 3526 1720 ο

1862 1773 1955 1823 καὶ
1977 1772 2039 1824 οὐ
2068 1773 2226 1842 μόνον
2251 1774 2629 1843 ἀτιμάζοντες,
2671 1775 2805 1828 ἀλλά
2835 1776 2930 1829 καὶ
2962 1776 3180 1847 ἐτέρους
3200 1775 3355 1829 τοῦτο
3386 1776 3524 1831 διδάο
3561 1760 3579 1773 ’

1862 1875 2102 1922 σκοντες.
2136 1861 2198 1913 Οἱ
2225 1861 2403 1913 τοίνυν
2442 1863 2577 1932 μηδέ
2608 1863 2706 1933 ζῇν
2737 1863 3058 1932 ὀφείλοντες,
3101 1864 3214 1927 πῶς
3248 1864 3527 1933 ἐγκαλεῖτε

1858 1949 1973 2010 τοῖς
2011 1947 2319 2018 μαθηταϊς;
2364 1947 2428 2001 Τί
2471 1949 2528 2002 δὲ
2571 1950 2904 2020 θαυμαστὸν,
2940 1953 2988 2004 εί
3016 1954 3095 2015 είς
3128 1951 3226 2021 ἐμὲ
3275 1952 3366 2005 τὸν
3390 1952 3525 2015 τέως

1859 2035 2220 2104 ἀγνοούμενον
2244 2034 2470 2088 τοιαῦτα
2500 2036 2772 2107 ὑϐρίζετε.
2798 2039 2926 2092 ὅταν
2962 2040 3055 2092 καὶ
3087 2039 3167 2102 είς
3197 2037 3288 2091 τὸν
3316 2040 3528 2108 πατέρα

1860 2121 2122 2191 φαίνησθε
2168 2121 2393 2175 τοιαῦτα
2431 2121 2741 2188 ποιοῦντες;
2781 2124 3062 2197 Πανταχοῦ
3095 2125 3205 2198 γάρ
3257 2126 3350 2179 καὶ
3379 2122 3527 2193 λέγει

1858 2210 1954 2264 καὶ
1972 2210 2261 2273 δείκνυσιν,
2288 2212 2370 2264 ὅτι
2403 2212 2611 2265 ἐκεῖθεν
2639 2212 2740 2283 τῆς
2768 2213 3024 2277 ἀπονοίας
3049 2214 3286 2286 ήρξαντο
3301 2214 3525 2290 ταύτης.

1857 2299 2014 2362 Τινὲς
2050 2298 2107 2351 δὲ
2136 2300 2183 2331 ⁸⁵
2217 2299 2310 2353 καὶ
2337 2299 2540 2370 ἑτέρως
2577 2300 2941 2371 ἐρμηνεύουσι
2983 2302 3064 2365 τὸ,
3094 2300 3311 2371 Δῶρον,
3345 2303 3375 2357 6
3422 2304 3530 2358 ἐὰν

1855 2386 1924 2449 ἐξ
1954 2384 2102 2454 ἐμοῦ
2127 2385 2473 2454 ῶφεληθῇςο
2514 2386 2811 2447 τουτέστιν,
2844 2388 2957 2441 Οὐκ
2985 2389 3185 2457 ὀφείλω
3224 2407 3304 2443 σοι
3341 2392 3527 2463 τιμὴν,

1857 2475 1993 2529 ἀλλά
2024 2474 2318 2547 χαρίζομαι
2350 2493 2454 2539 σοι,
2503 2476 2570 2529 ἃν
2609 2476 2717 2545 ἄρα
2764 2494 2821 2528 σε
2863 2478 3099 2547 τιμήσω.
3139 2478 3277 2531 Ἀλλ’
3318 2479 3416 2532 οὐκ
3462 2479 3529 2534 ἂν

1855 2565 1884 2615 ό
1905 2562 2140 2634 Χριστὸς
2171 2562 2427 2630 τοιαύτης
2471 2564 2877 2633 ἐμνημόνευσεν
2911 2562 3142 2634 ὕϐρεως.
3171 2565 3281 2616 Kal
3305 2566 3334 2617 6
3366 2565 3527 2636 Μάρ-

1854 2666 1949 2712 κος
1975 2649 2032 2702 δέ
2068 2650 2397 2720 σαφέστερον
2431 2650 2588 2703 τοῦτο
2626 2653 2771 2703 ποιεῖ
2803 2650 3003 2718 λέγων’
3046 2649 3302 2717 Κορϐάν,
3339 2650 3370 2705 ὃ
3408 2652 3518 2705 ἐὰν

1854 2738 1923 2801 ἐξ
1947 2736 2094 2806 ἐμοῦ
2124 2736 2464 2806 ὠφεληθῇς·
2497 2739 2633 2809 ὅπερ
2672 2738 2771 2790 οὐκ
2804 2738 2917 2790 ἐστι
2940 2738 3117 2807 δωρεά
3156 2739 3248 2790 καὶ
3276 2738 3433 2808 προὶξ
3456 2738 3525 2806 ⁵⁸,

1857 2825 1990 2879 ἀλλά
2028 2825 2316 2895 προσφορά
2342 2826 2546 2894 κυρίως
2581 2825 2817 2893 λέγεται.
2863 2824 3053 2889 Δείξας
3080 2825 3280 2889 τοίνυν,
3313 2826 3396 2879 δτι
3428 2827 3528 2879 οὐκ

1856 2914 1921 2968 ἂν
1948 2910 2057 2967 εἷεν
2079 2914 2275 2967 δίκαιοι
2307 2914 2554 2981 ἐγκαλεῖν
2589 2913 3013 2983 παραϐαίνουσιν
3042 2913 3261 2983 ἐντολὴν
3298 2916 3527 2983 πρεσϐυ-

1852 3002 2025 3071 τέρων
2062 3002 2111 3053 οί
2145 3001 2237 3053 τὸν
2266 3001 2429 3071 νόμον
2459 3000 2917 3063 καταπατοῦντες,
2945 3000 3182 3055 δείκνυσι
3208 2999 3365 3052 τοῦτο
3394 3000 3528 3054 αὐτὸ

1853 3092 1948 3144 καὶ
1989 3091 2097 3143 ἀπὸ
2127 3090 2222 3143 τοῦ
2262 3090 2563 3159 προφήτου.
2600 3089 2817 3157 Ἐπειδὴ
2863 3087 2970 3158 γὰρ
3018 3088 3214 3151 αὐτοὺς
3254 3082 3361 3140 εἷλε
3397 3105 3528 3156 σφο-

1852 3176 2015 3246 δρῶς,
2049 3176 2358 3247 περαιτέρω
2398 3176 2672 3247 πρόεισιν·
2706 3175 2734 3228 ὃ
2781 3175 2844 3244 δὴ
2885 3174 3162 3245 πανταχοῦ
3211 3176 3385 3236 ποιεῖ,
3424 3174 3526 3238 τάς

1854 3264 2075 3334 Γραφάς
2107 3265 2187 3326 είς
2218 3264 2379 3333 μέσον
2410 3263 2578 3330 ἄγων,
2607 3266 2700 3315 καὶ
2732 3262 2905 3335 ταύτῃ
2933 3262 3145 3326 δεικνὺς
3169 3262 3360 3315 ἐαυτὸν
3393 3279 3528 3333 συμ-

1854 3352 2106 3405 ϐαίνοντα
2144 3351 2220 3420 τῷ
2265 3350 2403 3420 Θεῷ.
2436 3351 2499 3403 Τί
2550 3351 2605 3403 δέ
2650 3352 2678 3403 ό
2718 3351 3005 3420 προφήτης
3045 3350 3238 3420 φησίν;
3275 3350 3337 3401 '0
3374 3349 3527 3414 λαὸς

1852 3434 2028 3502 οὗτος
2084 3438 2208 3501 τοῖς
2256 3438 2491 3504 χείλεσι
2539 3453 2609 3501 με
2655 3435 2823 3504 τιμᾷ,
2863 3437 2899 3503 ἡ
2948 3431 3016 3487 δὲ
3060 3435 3273 3502 καρδία
3325 3432 3528 3488 αὐτῶν

1852 3527 2050 3592 πόρρω
2088 3523 2297 3593 ἀπέχει
2336 3526 2436 3578 ἀπ’
2461 3523 2627 3591 ἐμοῦ.
2662 3523 2870 3587 Μάτην
2896 3521 2964 3573 δὲ
2998 3520 3279 3574 σέϐονταί
3299 3537 3397 3589 με,
3437 3519 3526 3574 δι-

1853 3611 2183 3674 δάσκοντες
2198 3609 2616 3675 διδασκαλίας,
2636 3607 2972 3677 ἐντάλματα
3004 3605 3349 3674 ἀνθρώπων.
3370 3602 3527 3668 Εἶδες

1855 3698 2188 3769 προφητείαν
2220 3696 2611 3767 συμφωνοῦσαν
2632 3698 2675 3728 ⁸⁷
2703 3698 2819 3759 τοῖς
2849 3693 3156 3765 εἰρημένοις
3199 3692 3335 3763 μετά
3367 3693 3526 3763 ἀκρι-

1854 3786 2033 3848 ϐείας,
2081 3785 2175 3837 καὶ
2208 3785 2409 3838 ἄνωθεν
2448 3783 2627 3838 αὐτῶν
2662 3782 3228 3855 προαναφωνουμένην
3271 3781 3371 3853 τὴν
3416 3797 3523 3835 κα-

1854 3873 2005 3936 κίαν;
2032 3873 2206 3943 Ὅπερ
2246 3872 2399 3942 γάρὸ
2437 3872 2670 3942 Χριστὸς
2710 3870 2997 3925 ἐνεκάλεσε
3030 3869 3145 3934 νῦν,
3174 3867 3331 3922 τοῦτο
3365 3869 3460 3921 καὶ
3494 3870 3524 3922 6

1864 3960 2088 4023 Ἡσαΐας
2122 3959 2328 4013 ἀνωθεν
2360 3958 2528 4021 εἶπεν,
2560 3960 2640 4011 ὅτι
2669 3959 2776 4011 τῶν
2809 3959 2906 4028 μὲν
2933 3956 3027 4010 τοῦ
3069 3958 3203 4009 Θεοῦ
3237 3973 3517 4028 καταφρο-

1850 4049 2029 4101 νοῦσι·
2069 4048 2279 4115 Μάτην
2316 4047 2426 4118 γάρ
2468 4047 2746 4101 σέϐονταί
2774 4063 2870 4115 με,
2905 4046 3101 4115 φησίνσ
3130 4045 3238 4097 τῶν
3276 4044 3333 4098 δέ
3377 4044 3525 4099 ίδίων

1851 4138 2019 4190 πολὺν
2060 4136 2340 4189 ποιοῦνται
2370 4136 2553 4203 λόγον·
2588 4134 2986 4197 Διδάσκοντες
3015 4132 3122 4201 γάρ
3158 4129 3521 4199 ἐντάλματα,

1853 4223 2247 4287 διδασκαλίας
2302 4223 2644 4290 ἀνθρώπων.
2698 4221 2908 4275 Οὐκοῦν
2970 4221 3193 4283 εἰκότως
3244 4218 3414 4282 αὐτάς
3460 4219 3523 4271 οὗ

1851 4310 2100 4382 τηροῦσι.
2124 4312 2255 4374 Δοὺς
2294 4310 2470 4363 τοίνυν
2498 4311 2681 4373 αὐτοῖς
2709 4310 2929 4379 καιρίαν
2950 4311 3046 4380 τὴν
3070 4309 3114 4340 ³⁸
3152 4307 3380 4377 πληγὴν,
3428 4306 3523 4359 καὶ

1852 4399 1960 4450 ἀπὸ
2002 4397 2111 4450 τῶν
2146 4397 2484 4467 πραγμάτων
2515 4397 2584 4456 ⁵⁸⁸,
2628 4398 2724 4449 καὶ
2768 4397 2875 4450 ἀπὸ
2918 4398 3015 4466 τῆς
3058 4396 3265 4457 οἰκείας
3312 4394 3518 4463 ψήφου,

1852 4485 1946 4538 καὶ
1992 4484 2100 4538 ἀπὸ
2126 4482 2221 4536 τοῦ
2258 4484 2538 4554 προφήτου
2573 4484 2672 4555 τὴν
2705 4484 3039 4554 κατηγορίαν
3068 4482 3330 4551 αὐξήσας,
3372 4480 3520 4533 ἐκεί-

1850 4590 1962 4636 νοις
1995 4572 2091 4643 μὲν
2133 4570 2285 4624 οὐδὲν
2331 4569 2669 4637 διαλέγεται,
2705 4570 3046 4641 ἀδιορθώτως
3079 4569 3262 4623 λοιπὸν
3302 4568 3517 4639 ἔχουσι,

1849 4661 1941 4715 τὸν
1964 4661 2021 4714 δέ
2048 4659 2203 4727 λόγον
2238 4658 2431 4728 τρέπει
2461 4658 2597 4729 πρὸς
2628 4660 2752 4722 τοὺς
2784 4658 2995 4729 ὄχλους,
3023 4658 3162 4711 ὣστε
3192 4656 3251 4709 τὸ
3270 4656 3315 4687 ⁸⁸
3342 4656 3520 4724 δόγμα

1850 4749 2181 4815 εἰσενεγκεῖν
2210 4744 2413 4815 ὑψηλὸν
2441 4746 2537 4797 καὶ
2567 4745 2710 4815 μέγα
2735 4744 2816 4806 ὃν,
2843 4746 2936 4797 καὶ
2968 4744 3167 4812 πολλῆς
3202 4740 3521 4811 φιλοσοφίας

1850 4835 2020 4906 γέμον
2038 4851 2052 4865 ⁸
2081 4833 2176 4888 καὶ
2203 4832 2383 4886 λαϐὼν
2406 4832 2657 4903 ἀφορμὴν
2682 4832 2777 4885 ἀπ’
2806 4831 2958 4902 [525]
2988 4831 3217 4895 ἐκείνου,
3239 4828 3302 4882 τὸ
3333 4827 3522 4899 μεῖζον

1849 4920 2123 4991 ἐνυφαίνει
2146 4920 2188 4952 ⁸⁸
2220 4918 2426 4982 λοιπὸν,
2475 4917 2571 4972 καὶ
2616 4919 2716 4989 τὴν
2748 4919 2856 4972 τῶν
2899 4918 3202 4989 βρωμάτων
3268 4914 3520 4986 παρατή-

1854 5027 2010 5081 ρησιν
2062 5008 2359 5063 ἐκϐάλλων.
2399 5007 2537 5060 Ἀλλ’
2578 5007 2681 5078 δρα
2730 5006 2882 5060 πότε.
2929 5007 3057 5058 ὐτε
3100 5005 3193 5058 τὸν
3238 5002 3436 5073 λεπρὸν
3472 5001 3520 5033 ⁸⁸

1851 5098 2141 5168 ἐκάθηρεν,
2169 5097 2257 5149 ὅτε
2288 5095 2350 5148 τὸ
2387 5094 2655 5149 σάϐϐατον
2690 5094 2899 5156 ἔλυσεν,
2936 5092 3024 5145 ὅτε
3058 5091 3162 5162 γῆς
3192 5090 3287 5143 καὶ
3321 5088 3519 5143 θαλάτ-

1849 5204 1947 5259 της
1980 5185 2203 5257 βασιλέα
2235 5185 2428 5239 ἐαυτὺν
2460 5184 2757 5254 ἀπέφηνεν,
2790 5183 2878 5235 ὅτε
2905 5181 2950 5214 ⁸³
2986 5178 3397 5250 ἐνομοθέτησεν,
3426 5179 3515 5231 ὅτε

1849 5274 2222 5345 ἁμαρτήματα
2262 5273 2492 5344 ἀφῆκεν,
2538 5273 2627 5325 ὅτε
2673 5270 2901 5340 νεκροὺς
2929 5269 3169 5339 ήγειρεν,
3214 5267 3306 5320 ὅτε
3348 5265 3521 5321 πολλὰ

1848 5362 1949 5432 τῆς
1988 5362 2238 5432 θεότητος
2286 5358 2451 5413 αὐτοῦ
2493 5359 2759 5429 δείγματα
2809 5356 3084 5428 παρέσχεν
3135 5354 3355 5423 αὐτοῖς,
3397 5356 3521 5409 τότε

1850 5450 1976 5522 περὶ
2017 5450 2321 5520 βρωμάτων
2357 5448 2681 5515 διαλέγεται.

141 5538 190 5613 ξ’
221 5536 399 5590 ταῦτα
568 5540 686 5606 ἐγκ.
717 5538 865 5613 αύτῷ
894 5558 989 5609 πρ.
1016 5539 1085 5594 Μ.
1116 5612 1123 5613 7
1165 5540 1209 5571 δ’
1239 5542 1679 5612 παραϐλέποντες
1698 5542 1764 5597 G.
1838 5544 1882 5575 '°
1900 5544 2054 5613 τοῦτο
2083 5543 2191 5613 γὰρ
2208 5543 2337 5613 αὐτὸ
2364 5542 2507 5611 ὑμᾶς
2534 5541 2939 5613 κάκείνους-ἀπ.
2968 5539 3127 5613 τοῦτο
3153 5540 3232 5613 κϐ.
3253 5539 3383 5613 Illud
3419 5538 3519 5613 κά-

72 5607 745 5698 ξείνοῌς-Ῐετξίι-ίξεξᾋξιοξι
780 5610 906 5698 ἰιςηι
930 5607 1076 5698 Ᾱςηι.
1112 5607 1411 5698 ρείηάοξτὸ
1442 5613 1509 5698 τὰ
1530 5616 1696 5698 πάντα

2048 5607 2142 5698 δῖέίλ
2160 5607 2243 5698 Ἰξξ
2383 5607 2433 5698 ’τῖ
2458 5614 2682 5698 τιεήσεε
2701 5610 2766 5698 ῙῘ·
2810 5610 2966 5698 Κιδίε
2990 5610 3233 5698 “VM
3264 5610 3413 5698 ἢΞὴΥ
3447 5609 3515 5698 G:

42 5725 53 5736 ,
73 5676 142 5730 Π.
214 5677 265 5708 ⁸³
296 5677 394 5801 τὲν
418 5676 658 5750 ἐντολὴν]
680 5680 951 5761 τὸνηνόμον
982 5682 1042 5735 ι..
1117 5682 1165 5714 ⁸⁸
1204 5684 1453 5753 πατέρων

72 5751 283 5801 προῖκα
366 5786 380 5800 .
407 5747 467 5801 1..
507 5748 576 5801 Μ.
610 5748 667 5801 In
718 5751 824 5801 allo
866 5750 1106 5801 lBamcc.
1138 5752 1282 5801 189-1
1312 5753 1449 5801 δωοε

72 5760 283 5814 προῖκα

70 5817 116 5892 ξι
145 5816 524 5895 πραϊμάεςῳνι
542 5818 631 5895 εἰς
654 5818 800 5895 H.__L.
819 5816 1026 5895 _M._Gq.
1053 5824 1199 5877 Arm.
1228 5816 1646 5895 νίιιεο’γραμμά

72 5884 123 5938 λε
137 5884 419 5956 πρὸνῖίκαὶ
447 5884 677 5955 λεπροὺς
706 5890 769 5947 H.
804 5890 1074 5949 Articulus
1098 5909 1205 5949 om.
1244 5884 1462 5949 LVDI."
1493 5884 1538 5925 ⁸⁵
1571 5884 1684 5966 ὅτε]

775 5652 1076 5761 ξᾷξξλὸῖὶῗ
1113 5652 1696 5807 ἴτ’ἆὲἷιέέρὦνῐέέἷὲᾦῖ

775 5766 824 5805 l0
866 5750 1106 5807 IBarocc.
1138 5752 1282 5807 189.1
1312 5753 1449 5807 δωρε
1490 5772 1519 5806 ν
1563 5754 1655 5806 καὶ

2018 5652 2143 5740 ,ιὲἱῖὶξ
2180 5652 2243 5715 ’δεῖ
2263 5652 2350 5754 έέί
2376 5682 2446 5750 γά
2470 5652 2684 5735 "EI";
2810 5652 3295 5750 ’ἐέῖὲυῖεῖεὶὶὲὅέτῗ
3310 5652 3519 5735 ἑλίκΞὶ

2018 5756 2184 5807 uitur.
2262 5701 2731 5807 ’τσυμὲαίνουσαν
2779 5699 2915 5807 ἕόιι.
2990 5751 3035 5783 ⁸⁸
3054 5751 3151 5807 τὴν
3198 5767 3307 5806 om.
3344 5751 3405 5805 ϐ.
3447 5750 3515 5805 ll.

366 5786 380 5800 .
407 5747 467 5803 L.
507 5747 667 5830 Μ..Ἰὴ
718 5751 824 5805 alio
1138 5752 1282 5823 189.]
1312 5747 1532 5824 δωρεάν
1563 5754 1655 5806 καὶ

366 5816 524 5891 ὶτωνῖ
542 5818 631 5891 Su;
654 5818 721 5891 Η.
742 5820 800 5874 L.
827 5821 855 5874 Il
883 5861 895 5873 .
930 5820 1026 5876 Ge.
1053 5824 1199 5877 Arm.
1228 5823 1385 5891 vulgo
1415 5824 1696 5891 γραμμάτι

2018 5756 2184 5824 Igitur.
2262 5747 2731 5837 ’τσυμϐαίνουσαν
2779 5747 2915 5807 Edd.

2018 5840 2054 5877 τι
2087 5822 2150 5876 K.
2208 5823 2247 5855 ⁸¹
2280 5823 2493 5889 ὑφαινει
2518 5822 2581 5877 G.
2608 5822 2670 5877 K.
2696 5838 2748 5891 p.
2782 5824 2915 5891 p.62:

2990 5751 3035 5822 ξ’
3054 5751 3173 5822 τὴν⁸
3198 5767 3307 5822 om.
3344 5751 3405 5822 ρ.
3447 5750 3515 5822 |_l.

2782 5838 2837 5892 p.
2856 5819 3117 5876 ἐκϐάλλει
3137 5820 3271 5875 Edd.
3333 5819 3391 5892 _“
3417 5819 3512 5892 τὸν

2018 5898 2197 5949 .Arm.
2238 5893 2408 5951 Verba
2442 5893 2529 5948 ὅτε
2561 5889 2947 5964 ἐνομοθέτησεν
2987 5908 3093 5948 nou
3126 5889 3371 5961 agnoscit
3407 5889 3506 5946 Cc.
