3908 6198
142 292 259 351 513

141 410 274 481 plna
307 410 553 478 plenum;
585 410 904 471 sumptaque
930 412 996 452 cx
1024 397 1114 453 illo
1143 393 1445 455 occasione,
1474 383 1648 456 majus
1676 383 1741 441 ilv

148 477 247 565 iud
287 477 579 563 contexuit,
624 505 679 551 et
724 494 967 550 ciborum
1010 485 1436 545 observationem
1481 477 1736 537 eliminat.

139 592 261 651 Sed
289 592 412 647 vide
436 587 669 661 quando.
692 585 825 641 Cum
853 584 1124 653 leprosum
1148 575 1441 639 mandavit,
1471 587 1593 630 cum
1618 569 1741 626 sab-

138 687 333 743 batum
363 683 554 747 solvit;
586 678 799 750 quando
839 685 995 729 terra:
1040 671 1306 738 marisque
1335 680 1512 735 regem
1549 678 1610 721 se
1646 661 1741 719 dce

141 777 395 839 claravit,
425 771 638 845 quando
663 770 810 839 luges
838 766 1004 831 dedit,
1029 762 1241 833 quando
1274 768 1488 830 peccata
1514 755 1732 820 dimisit,

137 868 366 938 quando
393 873 632 919 mortuos
670 859 939 923 cxcimvit,
971 854 1184 926 quando
1222 859 1533 923 argumenta
1574 847 1737 907 multa

139 957 447 1013 divinitatis
488 969 598 1008 sua:
643 952 773 1023 ipsis
815 948 1060 1020 praebuit,
1108 954 1233 1000 tunc
1274 943 1342 998 de
1385 941 1520 996 cibis
1562 938 1738 1008 loqui-

139 1062 258 1106 tur.

219 1145 275 1198 3.
324 1139 644 1213 Abrogandat
696 1132 1090 1189 circumcisianis
1142 1127 1427 1200 difﬁcultas.
1463 1155 1534 1167 --
1572 1122 1737 1178 Totus

140 1234 294 1288 enim
330 1231 636 1288 Judaismus
675 1228 776 1281 hac
805 1227 855 1280 in
887 1240 944 1279 re.
971 1223 1275 1277 continetur
1302 1236 1316 1271 :
1346 1219 1390 1273 si
1431 1219 1531 1272 hoc
1557 1217 1737 1270 abstu-

143 1326 314 1393 leris,
361 1332 531 1379 totum
592 1319 874 1375 abstulisti.
945 1316 1076 1371 Nam
1139 1313 1261 1368 inde
1311 1317 1734 1375 commonstrat,

143 1421 310 1475 etiam
358 1415 818 1473 circumcisionem
863 1409 1107 1479 abrogari
1154 1414 1443 1478 oportere:
1474 1402 1569 1458 sed
1609 1399 1738 1455 illud

146 1526 259 1567 non
315 1509 581 1580 prmcipuc
648 1504 884 1566 induxit,
937 1500 1187 1571 quoniam
1252 1496 1353 1551 hoc
1416 1501 1737 1564 praeceptum

145 1602 274 1656 aliis
323 1608 440 1655 erat
488 1594 790 1665 antiquius,
837 1602 894 1646 et
941 1591 1143 1658 majore
1186 1586 1571 1642 observabatur
1612 1581 1738 1635 reli-

144 1694 341 1759 gione;
369 1683 466 1745 sed
508 1703 603 1758 per
622 1684 914 1754 discipulos
945 1681 1072 1735 illud
1098 1680 1298 1733 statuit.
1332 1678 1402 1731 Ita
1432 1689 1621 1745 magna
1652 1686 1739 1728 res

145 1792 304 1850 erat,
335 1793 393 1839 ut
439 1797 558 1837 cum
600 1777 842 1847 discipuli
895 1784 1014 1845 post
1054 1782 1256 1827 tantum
1288 1781 1499 1839 tempus
1540 1767 1741 1822 vellent

145 1879 299 1934 illam
351 1877 640 1946 abrogare,
700 1874 870 1941 primo
916 1869 1059 1924 illam
1112 1865 1486 1930 adhibuerint,
1545 1860 1740 1917 deinde

147 1971 482 2039 abrogarint.
536 1966 669 2021 Vide
722 1971 897 2019 autem
949 1960 1218 2033 quomodo
1272 1959 1440 2026 legem
1501 1955 1737 2013 inducat.

148 2065 242 2121 10.
284 2062 412 2118 Cum
468 2061 757 2113 advocassel
803 2055 934 2107 enim
979 2051 1184 2115 turbas,
1228 2048 1430 2117 inquit,
1463 2047 1590 2099 dixit
1626 2046 1734 2109 eis,

148 2155 339 2211 Audite
364 2161 409 2207 et
436 2150 716 2219 iutclligite.
749 2146 934 2215 Neque
964 2144 1105 2198 enim
1132 2139 1443 2209 simpliciter
1483 2138 1612 2205 ipsis
1638 2136 1738 2189 hoe

147 2245 464 2308 antmutiat,
517 2239 609 2297 sed
655 2238 803 2309 prius
834 2237 1036 2289 honore
1074 2242 1233 2300 atque
1273 2227 1529 2297 obsequio
1564 2234 1739 2280 atten-

148 2339 354 2395 tionem
397 2332 634 2390 sermoni
671 2345 771 2385 suo
814 2326 1060 2382 conciliat
1104 2324 1230 2393 (hoc
1254 2321 1395 2377 enim
1422 2318 1740 2387 signiﬁcavit

146 2429 478 2500 evangelista
508 2440 628 2481 cum
657 2423 827 2486 dixit,
859 2418 989 2475 Cum
1012 2418 1303 2472 advocaret
1328 2412 1568 2481 deinde),
1611 2425 1739 2465 nec-

146 2537 257 2577 non
285 2499 353 2573 ex
385 2516 640 2587 temporis
663 2509 1081 2581 eppot-tunitate.
1126 2506 1413 2574 Postquam
1450 2501 1591 2557 enim
1618 2499 1738 2554 illos

143 2615 519 2671 confulaverat
556 2619 609 2664 et
653 2608 885 2666 vicerat,
923 2609 1199 2671 postquam
1226 2613 1293 2652 ex
1312 2589 1578 2665 propheta
1620 2590 1740 2645 red-

144 2711 433 2777 argueret,
479 2709 604 2755 tunc
652 2697 821 2766 legem
870 2693 1012 2749 ferre
1074 2689 1295 2759 incipit,
1359 2700 1481 2740 cum
1532 2681 1739 2739 facilius

145 2776 399 2871 poterant
440 2794 580 2849 dicta
627 2790 911 2857 excipere;
970 2799 1071 2840 nec
1114 2782 1275 2845 modo
1323 2781 1583 2844 advocat,
1641 2776 1735 2831 sed

141 2891 465 2947 attentiores
510 2885 702 2941 reddit.
744 2882 1045 2953 lutelligite,
1088 2876 1292 2947 inquit;
1336 2874 1440 2929 hoc
1475 2882 1589 2937 est,
1633 2870 1736 2924 Co-

142 2988 313 3057 gitate
332 3026 346 3047 ,
370 2983 605 3037 animum
634 2978 826 3048 erigite
844 3016 859 3042 ,
882 2972 1175 3027 attentione
1210 2968 1367 3037 digna
1389 2973 1472 3021 est
1493 2966 1577 3019 lex
1611 2978 1736 3018 mox

141 3074 454 3132 scribenda.
500 3070 631 3126 Nam
663 3070 705 3123 si
747 3067 823 3124 illi
863 3074 1103 3133 tempore
1138 3075 1244 3113 non
1276 3065 1635 3112 consentanea
1660 3054 1737 3108 le-

141 3182 268 3239 gem
321 3165 597 3219 solverunt
653 3168 870 3229 propter
913 3152 1250 3208 traditionem
1302 3163 1486 3211 stmm,
1534 3156 1589 3200 et
1640 3158 1736 3200 vos

141 3237 374 3313 audistis
410 3255 529 3309 illos
566 3269 580 3306 :
624 3249 793 3305 multo
821 3247 989 3317 magis
1029 3259 1117 3299 me
1154 3242 1336 3296 audire
1362 3247 1607 3310 oportet,
1642 3237 1735 3306 qui

142 3361 394 3420 tempore
438 3352 739 3415 opportuno
785 3339 851 3394 ad
890 3336 1147 3408 majorem
1199 3348 1293 3388 vos
1340 3328 1732 3403 philosophiam

142 3419 370 3498 induco.
426 3437 535 3493 Nec
571 3436 743 3497 dixit,
792 3429 934 3486 Nihil
979 3437 1063 3484 est
1108 3427 1348 3487 ciborum
1393 3419 1731 3485 observatio,

140 3533 264 3597 vel,
292 3530 503 3601 Moyses
529 3525 579 3585 id
606 3524 747 3579 male
773 3519 1028 3592 prmcepit
1047 3559 1061 3580 ,
1089 3516 1171 3571 vel
1207 3530 1327 3570 sese
1350 3513 1503 3568 vobis
1539 3519 1734 3565 attem-

138 3622 389 3698 peravit;
433 3617 525 3674 sed
564 3616 715 3686 quasi
755 3609 1094 3667 admonendo
1134 3618 1189 3662 et
1223 3602 1581 3667 consulendo,
1622 3609 1673 3655 et
1701 3615 1732 3654 a

138 3690 331 3773 rerum
375 3717 560 3765 natura
591 3703 953 3762 testimonium
993 3699 1260 3769 accipiens
1287 3694 1417 3755 dicit
1445 3711 1459 3749 :
1492 3694 1578 3748 ll.
1610 3690 1731 3746 Non

136 3823 260 3878 qua
286 3806 479 3858 intrant
514 3801 568 3853 in
602 3815 687 3861 os,
718 3795 1044 3866 coinquinant
1084 3790 1372 3853 hominem,
1403 3786 1491 3841 sed
1524 3799 1638 3854 qua:
1672 3798 1735 3839 ea:

138 3877 234 3954 ore
262 3895 539 3967 procedunt
565 3907 587 3947 :
616 3888 909 3947 secundum
944 3886 1114 3955 ipsam
1159 3890 1401 3936 naturam
1421 3920 1439 3945 ,
1476 3887 1531 3934 et
1560 3877 1731 3948 legem

139 3989 355 4060 profert
399 3994 455 4040 et
496 3982 815 4041 sententiam
842 3978 992 4034 dicit.
1042 3975 1166 4031 llmc
1195 3973 1267 4029 illi
1306 3970 1585 4029 audientes
1625 3983 1732 4025 non

136 4077 619 4137 contradixerunt.
664 4087 840 4143 neque
884 4070 1172 4135 dixerunt,
1199 4064 1335 4132 Quid
1380 4072 1436 4119 tu
1462 4062 1574 4119 ais?
1610 4076 1731 4117 cum

136 4178 289 4232 Deus
332 4173 402 4228 de
442 4171 685 4227 ciborum
724 4165 1098 4222 observatione
1137 4162 1417 4219 innumera
1461 4170 1733 4226 praecepe-

134 4270 247 4331 rit,
279 4275 336 4319 tu
370 4259 671 4332 huiusmodi
704 4258 848 4327 leges
878 4252 1080 4310 tradis?
1106 4251 1199 4306 sed
1235 4250 1358 4320 quia
1384 4246 1730 4305 vehementer

135 4364 269 4417 illos
294 4362 655 4427 represserat,
684 4367 790 4405 non
833 4346 1157 4405 confutando
1194 4344 1366 4399 solum
1384 4383 1398 4406 ,
1430 4340 1524 4397 sed
1552 4338 1731 4396 dolum

135 4456 387 4525 ipsorum
447 4449 498 4502 in
554 4445 789 4500 medium
834 4439 1142 4505 aﬂ‘erendo,
1198 4452 1264 4492 ac
1318 4449 1434 4505 quae
1470 4433 1605 4489 clam
1660 4429 1730 4485 illi

136 4555 490 4608 struxerant,
555 4556 853 4609 arcanaque
914 4535 1107 4593 mentis
1158 4548 1340 4588 eorum
1405 4526 1731 4590 revelando,

138 4656 269 4698 enim
311 4636 527 4694 silentio
569 4641 924 4689 recessurum.
966 4628 1046 4682 Tu
1088 4642 1216 4680 vero
1255 4622 1382 4678 mihi
1418 4617 1690 4691 perpende
1714 4658 1729 4683 ,

136 4728 419 4804 quomodo
471 4742 569 4781 nec
617 4723 897 4778 nianileste
943 4733 1043 4773 nec
1104 4716 1277 4786 palam
1315 4714 1385 4770 de
1418 4711 1551 4767 cibis
1592 4708 1735 4766 edis-

132 4833 314 4883 serat.
345 4820 574 4889 Ideoque
604 4832 708 4870 non
735 4814 900 4878 dixit,
940 4810 1082 4873 Cibi,
1112 4809 1205 4863 sed
1230 4849 1245 4875 ,
1282 4807 1389 4871 Ea,
1431 4821 1542 4872 qm:
1561 4805 1731 4873 ingre-

135 4919 392 4979 diuntur,
426 4928 528 4965 non
569 4907 897 4977 coinquinant
939 4903 1225 4963 boutinem;
1267 4897 1407 4970 quod
1438 4897 1597 4953 etiam
1640 4909 1735 4963 po-

136 5012 330 5063 terant
380 5003 450 5058 de
484 5000 645 5056 illatis
702 4996 948 5052 manibus
983 4992 1263 5062 suspicari.
1324 4990 1443 5059 Ipse
1502 4999 1733 5055 namque

134 5102 207 5153 de
270 5095 412 5151 cibis
447 5091 800 5163 loquebatur;
841 5094 1155 5158 poteratque
1194 5094 1368 5138 tamen
1409 5078 1627 5147 intelligi
1666 5077 1736 5134 de

135 5183 607 5245 illatis-manibus.
647 5181 817 5235 Tanta
859 5178 999 5233 enim
1034 5184 1151 5231 erat
1194 5174 1433 5229 ciborum
1477 5171 1735 5226 observa-

135 5283 215 5332 tin
238 5321 255 5343 ,
301 5285 360 5329 nt
400 5276 560 5331 etiam
600 5280 720 5341 post
759 5266 1207 5324 resurrectionem
1250 5263 1438 5319 Petrus
1475 5260 1679 5316 diceret
1715 5272 1731 5311 :

140 5371 312 5434 Non,
363 5366 610 5431 Domine,
650 5364 768 5434 quia
826 5376 1099 5431 numquam
1145 5371 1441 5421 commune,
1496 5362 1583 5407 aut
1636 5352 1735 5405 im-

138 5460 397 5516 mundum
442 5459 562 5528 quid
601 5455 795 5511 comedi
850 5452 987 5521 (Act.
1034 5449 1122 5505 10.
1166 5449 1279 5519 16).
1325 5445 1545 5503 Etiamsi
1592 5444 1733 5501 enim

138 5556 383 5610 aliorum
419 5563 579 5605 causa
623 5549 737 5602 haec
766 5546 1000 5611 diceret,
1036 5552 1093 5597 ut
1130 5540 1229 5596 sibi
1276 5538 1535 5595 adversus
1574 5550 1737 5593 accu-

142 5655 361 5703 satores
398 5640 766 5698 defensionem
814 5643 1057 5708 pararet,
1107 5629 1519 5700 ostenderetque
1562 5641 1622 5683 se
1646 5640 1736 5682 re-

143 5740 391 5804 stitisse,
421 5747 591 5805 neque
611 5731 689 5789 sic
725 5730 775 5786 id
803 5729 901 5785 sibi
930 5738 1246 5786 concessum
1272 5721 1437 5778 fuisse
1454 5728 1735 5794 ,attamen

1194 277 1256 332 IN
1295 264 1705 330 MA'I‘THEUM
1742 264 1973 329 HOMIL.
2014 267 2099 326 LI.
2140 270 2211 326 al.
2252 270 2360 328 Lll.

3322 270 3431 329 5M

1846 383 2338 455 ostenditmagnam
2367 384 2525 455 hujus
2554 386 2630 442 rei
2654 398 2837 441 curam
2866 394 2921 443 et
2951 386 3277 456 opinionem.
3304 385 3429 445 Ideo

1842 472 2085 534 Christus
2105 476 2157 533 in
2180 477 2441 547 principio
2476 492 2583 532 non
2616 477 2685 532 ita
2715 486 2898 547 aperte
2922 478 2990 535 de
3015 478 3149 536 cibis
3174 478 3427 550 loquutus

1841 574 1952 631 est,
1980 566 2073 623 sed
2111 566 2274 631 dixit,
2306 567 2431 633 Quae
2470 583 2560 638 per
2582 584 2637 622 os
2670 568 3022 639 ingrediuntur
3058 585 3079 623 :
3113 583 3176 627 ac
3204 584 3388 625 rursus
3410 610 3429 637 ,

1842 672 1962 713 cum
2004 659 2334 714 manifestius
2363 659 2462 714 hac
2496 659 2563 715 de
2607 675 2666 715 re
2710 670 2894 729 postea
2935 660 3188 729 loquutus
3215 660 3427 717 videre-

1844 758 1931 806 tur
1954 792 1968 817 ,
2001 767 2030 808 a
2063 752 2169 811 ﬁne
2197 753 2283 815 illa
2307 752 2643 813 obumbravit
2669 752 2854 809 dicens
2882 770 2895 806 :
2928 752 3096 809 Illolis
3120 764 3287 807 autem
3321 770 3433 809 ma-

1842 843 1987 898 nibus
2030 844 2337 899 manducare
2379 861 2480 901 non
2523 846 2812 914 coinquinat
2856 844 3149 899 hominem:
3192 852 3252 901 ut
3309 844 3433 901 hinc

1841 935 2113 993 t‘ideretur
2143 937 2346 997 initium
2388 930 2617 1002 ducere,
2660 938 2978 1008 interimque
3018 938 3106 994 illa
3136 938 3203 996 de
3236 953 3296 995 re
3323 938 3435 995 dis-

1843 1029 2096 1088 seruisse.
2137 1029 2342 1089 Idcirco
2367 1046 2475 1088 non
2517 1030 2678 1097 dixit,
2710 1029 2961 1085 Ciborum
2984 1044 3110 1088 esus
3141 1045 3247 1085 non
3277 1032 3433 1086 coin-

1841 1121 2024 1190 quinat
2045 1120 2344 1188 hominem;
2378 1122 2472 1179 sed
2497 1123 2645 1193 quasi
2681 1122 2750 1178 de
2782 1122 2887 1177 alia
2927 1138 2985 1177 re
3026 1122 3303 1191 dieputans
3325 1163 3340 1191 ,
3373 1130 3434 1176 ut

1845 1212 1977 1267 nihil
2020 1222 2239 1282 possent
2278 1214 2350 1268 illi
2378 1213 2633 1284 obiicere.
2675 1214 2799 1270 Haec
2838 1229 2957 1269 cum
2997 1214 3309 1280 audissent,
3345 1213 3430 1268 in-

1842 1306 1985 1375 quit,
2015 1307 2357 1363 sandalizati
2387 1316 2545 1373 sunt,
2581 1307 2831 1362 Phariszei
2859 1322 3073 1375 nempe,
3107 1322 3213 1364 non
3237 1308 3426 1362 turbae.

1844 1396 1932 1455 12.
1976 1396 2281 1455 Arcedentes
2326 1399 2497 1463 enim,
2551 1398 2743 1467 inquit,
2777 1397 3017 1467 discipuli
3060 1400 3167 1466 ejus
3195 1399 3429 1453 dixerunt

1844 1488 1932 1543 ei:
1963 1487 2079 1543 Scis
2119 1488 2237 1557 quia
2283 1487 2569 1551 Pharisaei,
2599 1489 2772 1545 audito
2807 1489 2901 1542 hoc
2946 1489 3094 1544 verbo
3116 1529 3131 1555 ,
3170 1489 3429 1544 scandali-

1842 1582 1944 1633 zati
1971 1581 2131 1634 sunt?
2164 1581 2225 1637 Et
2255 1591 2427 1637 tamen
2460 1580 2862 1637 nihiladversus
2888 1595 2982 1637 eos
3010 1580 3208 1635 dictum
3236 1580 3427 1637 fuerat.

1844 1671 1979 1739 Quid
2013 1672 2169 1741 igitur
2204 1669 2480 1727 Christus?
2515 1672 2629 1726 Non
2662 1672 2817 1727 solvit
2864 1671 3171 1727 scandalum
3200 1686 3385 1727 eorum
3409 1712 3425 1736 ,

1844 1763 1937 1823 sed
1967 1764 2294 1833 increpavit,
2338 1765 2523 1821 dicens
2553 1782 2569 1820 :
2600 1765 2688 1821 15.
2723 1764 2899 1821 Omnis
2949 1764 3230 1836 plantatio,
3273 1780 3427 1834 quam

1843 1870 1945 1909 non
1973 1856 2216 1923 plantavit
2257 1855 2407 1910 Pater
2449 1872 2589 1910 utens
2622 1856 2869 1921 etc/estis,
2915 1856 3271 1917 eradicabitur.
3313 1855 3426 1911 No-

1844 1956 1993 2003 verat
2038 1949 2180 2003 enim
2222 1948 2557 2017 quandonam
2611 1948 2859 2003 scandala
2900 1948 3326 2014 contemnenda,
3374 1956 3428 2005 et

1842 2041 2054 2110 quando
2105 2056 2210 2095 non
2262 2041 2600 2110 dCSpicienda
2647 2051 2818 2097 erant.
2861 2042 2997 2097 Alibi
3049 2042 3242 2111 quippe
3286 2041 3361 2096 ait
3410 2058 3423 2093 :

1846 2132 1930 2187 Ne
1953 2133 2351 2187 scandalizemus
2375 2149 2487 2197 eos,
2532 2133 2671 2186 mitte
2712 2132 2917 2189 [tantum
2944 2132 2995 2184 in
3034 2148 3173 2187 mare
3212 2131 3425 2202 (Matth.

1848 2226 1935 2280 l7.
1963 2225 2095 2295 26);
2132 2226 2217 2280 hic
2257 2240 2385 2280 vero
2412 2225 2541 2280 dicit
2574 2242 2585 2276 :
2622 2226 2707 2280 M.
2751 2224 2915 2279 Sinite
2943 2224 3091 2289 illos,
3120 2224 3238 2280 caci
3274 2233 3424 2286 sunt,

1843 2326 1889 2370 et
1932 2317 2082 2370 duces
2130 2332 2396 2371 caecorum.
2460 2314 2633 2371 Ctecus
2681 2326 2847 2369 autem
2907 2316 2950 2368 si
2997 2330 3127 2369 ια’εο
3188 2314 3427 2369 ducatum

1843 2418 2073 2477 prwstet,
2101 2409 2247 2464 ambo
2282 2410 2334 2464 in
2362 2412 2558 2478 foveam
2586 2406 2785 2461 cadent.
2816 2405 2943 2461 Hice
2970 2415 3149 2462 autem
3177 2405 3426 2463 dicebant

1843 2500 2122 2569 discipuli,
2170 2514 2274 2557 non
2304 2508 2410 2555 tant
2436 2497 2577 2569 quod
2620 2496 2687 2552 de
2717 2496 2820 2553 illis
2845 2496 3118 2560 dolerent,
3147 2496 3240 2555 sed
3282 2495 3424 2567 quod

1845 2606 1895 2650 et
1926 2596 2024 2666 ipsi
2070 2596 2397 2665 aliquantum
2446 2593 2802 2648 turbarentur.
2836 2590 2968 2658 Quia
3000 2606 3125 2647 vero
3170 2606 3277 2646 non
3321 2605 3422 2645 au-

1844 2688 2042 2743 debant
2088 2686 2217 2741 illud
2258 2703 2323 2740 ex
2356 2685 2566 2755 propria
2601 2698 2825 2753 persona
2869 2682 3079 2743 dicere.
3126 2682 3177 2737 in
3227 2696 3413 2737 narra-

1846 2784 1987 2837 tione
2019 2780 2089 2837 de
2138 2780 2257 2834 aliis
2290 2778 2526 2833 instituta
2579 2776 2631 2831 id
2679 2775 2920 2830 ediscere
2964 2774 3232 2833 volebant.
3288 2773 3420 2833 Nam

1841 2875 1983 2947 quod
2011 2887 2101 2931 res
2131 2868 2203 2928 ita
2236 2885 2296 2928 se
2320 2870 2513 2926 habeat
2530 2910 2547 2933 ,
2572 2853 2695 2922 audi
2730 2865 2997 2937 quomodo
3024 2875 3205 2936 postea
3232 2865 3423 2923 Petrus

1842 2969 2062 3026 fervens
2086 2967 2207 3031 ille,
2234 2965 2323 3036 qui
2366 2978 2580 3033 semper
2608 2962 2753 3031 prior
2780 2959 3017 3025 accedit,
3046 2958 3189 3013 dicat
3220 2976 3233 3011 :
3268 2955 3422 3013 Edis-

1839 3076 1944 3116 sere
1971 3059 2111 3114 nobis
2152 3057 2444 3129 porabolmn
2464 3055 2593 3107 Italic
2625 3051 2835 3121 (Matth.
2870 3051 2954 3107 l5.
2987 3049 3109 3121 15);
3150 3049 3312 3107 animi
3337 3050 3419 3104 sui

1839 3152 2289 3224 perturbationem
2348 3146 2657 3208 declarans,
2704 3158 2805 3198 nec
2850 3141 3053 3197 audens
3099 3141 3270 3210 palam
3334 3139 3420 3198 di-

1838 3258 1995 3309 cere,
2048 3242 2148 3296 hoc
2194 3239 2293 3294 sibi
2351 3236 2669 3292 ott‘endieulo
2733 3248 2886 3296 esse.
2939 3232 3037 3289 sed
3080 3246 3305 3302 rogans,
3360 3246 3421 3289 se

1838 3341 2198 3398 emotum,
2290 3326 2726 3397 interpretatione
2812 3323 3018 3389 sedari;
3098 3333 3420 3393 quapropter

1838 3425 1999 3481 etiam
2058 3426 2360 3490 increpatus
2410 3417 2528 3473 fuit.
2593 3414 2729 3483 Quid
2780 3415 2938 3485 igitur
2997 3415 3073 3470 ait
3132 3413 3418 3469 Christus?

1840 3516 2019 3573 Omnis
2061 3513 2306 3583 plantatio
2330 3553 2345 3577 ,
2400 3525 2555 3581 quam
2603 3524 2704 3562 non
2766 3505 3009 3576 plantavit
3059 3504 3218 3560 Pater
3276 3520 3420 3560 meus

1837 3609 2047 3665 (celestis
2071 3648 2087 3671 ,
2134 3603 2490 3660 eradicabitur.
2543 3600 2657 3655 lloc
2685 3599 2752 3654 de
2799 3595 2913 3668 lege
2946 3598 3144 3655 dictum
3190 3597 3419 3653 all'erunt

1841 3703 1875 3758 ii
1902 3703 1991 3773 qui
2040 3699 2457 3759 Manichzeorum
2503 3694 2693 3751 morbo
2732 3692 2977 3749 laborant
3002 3691 3113 3762 (a);
3156 3690 3250 3748 sed
3297 3706 3416 3760 qua:

1840 3797 1984 3867 prius
2009 3796 2153 3850 dicta
2195 3799 2352 3855 sunt,
2385 3805 2479 3844 ora
2508 3788 2717 3845 illorum
2753 3785 3055 3841 obstruunt.
3102 3782 3234 3841 Nam
3278 3782 3419 3840 side

1839 3889 1954 3959 lege
1989 3886 2241 3949 dixisset,
2273 3880 2542 3953 quomodo
2571 3893 2728 3945 supra
2760 3876 2934 3946 legem
2953 3873 3313 3940 defendisset,
3352 3888 3418 3931 ac

1836 3996 1935 4052 pro
1980 3995 2040 4035 ea
2082 3984 2365 4048 pugnasset
2396 3970 2791 4029 dicendo:Cur
2834 3968 3241 4040 transgredimini
3267 3984 3418 4025 man.

1838 4076 2012 4128 datum
2053 4071 2143 4123 Dei
2184 4084 2273 4138 per
2300 4065 2621 4120 traditionem
2648 4060 2904 4117 vestram?
2947 4058 3214 4129 quomodo
3237 4066 3415 4115 autem

1840 4166 2152 4238 prophetam
2198 4162 2252 4215 in
2296 4158 2528 4215 medium
2574 4155 2778 4211 inducit
2819 4152 3087 4209 dicentem
3137 4170 3149 4205 :
3185 4150 3419 4220 Populus

1839 4262 1920 4315 hic
1969 4258 2115 4312 labiis
2166 4271 2246 4307 me
2301 4255 2553 4316 honorat,
2603 4258 2709 4304 etc.
2771 4245 2877 4303 Sed
2929 4245 2997 4301 de
3044 4245 3148 4301 illis
3192 4244 3321 4314 ipsis
3361 4252 3419 4301 et

1836 4353 1905 4409 de
1936 4346 2306 4406 traditionibus
2334 4357 2519 4399 eorum
2552 4340 2667 4395 hare
2708 4338 2958 4407 loquitur.
3003 4335 3133 4391 Nam
3179 4336 3225 4392 si
3277 4335 3419 4390 Deus

1836 4443 2004 4509 dixit,
2074 4438 2287 4493 Honora
2345 4443 2539 4505 putrem
2601 4440 2740 4483 tuum
2764 4470 2781 4495 ,
2846 4437 2892 4482 et
2950 4437 3159 4483 matrem
3221 4436 3357 4481 luant
3396 4441 3418 4481 :

1837 4533 2105 4607 quomodo
2127 4530 2177 4587 id
2206 4527 2349 4601 quod
2370 4542 2399 4580 a
2424 4526 2534 4580 Deo
2560 4524 2756 4589 dictum
2785 4529 2886 4587 est,
2917 4536 3019 4576 non
3051 4527 3135 4576 est
3162 4519 3422 4590 plantatio

1839 4629 1975 4685 Dei?

1909 4721 1963 4776 4.
1997 4717 2051 4773 Id
2090 4715 2253 4776 etiam
2304 4711 2448 4782 quod
2494 4708 2735 4778 sequitur
2772 4705 2994 4775 probat,
3023 4703 3090 4761 de
3120 4704 3225 4761 illis
3249 4711 3305 4759 et
3351 4703 3421 4759 de

1842 4807 2216 4866 traditionibus
2266 4802 2478 4859 illorum
2537 4798 2653 4853 bare
2696 4797 2834 4852 dicta
2866 4795 3029 4850 fuisse
3081 4817 3096 4850 :
3142 4809 3263 4850 nam
3290 4794 3423 4850 sub-

1836 4904 2014 4977 junxit
2041 4918 2056 4954 :
2082 4898 2216 4956 Caci
2240 4905 2359 4953 sunt
2398 4896 2549 4949 duces
2584 4907 2849 4946 ramorum.
2885 4890 2937 4946 Si
2964 4888 3032 4945 de
3077 4890 3194 4959 lege
3242 4887 3295 4942 id
3338 4888 3422 4942 loc

1841 5003 2039 5066 quutus
2066 4992 2250 5048 fuisset
2270 5032 2285 5059 ,
2314 4989 2559 5044 diettu-us
2589 4994 2704 5040 erat
2724 5026 2738 5049 ,
2784 4984 2896 5040 Dux
2924 4993 3001 5038 est
3050 4997 3222 5037 carens
3248 4995 3423 5035 careo-

1839 5104 1993 5154 rum;
2040 5100 2223 5142 verum
2268 5098 2373 5138 non
2422 5082 2493 5135 ita
2542 5079 2709 5143 dixit,
2756 5077 2883 5139 sed,
2937 5074 3103 5128 Duces
3151 5083 3267 5128 sunt
3303 5074 3423 5127 (εωεὶ

1840 5195 2120 5240 creverunt,
2168 5177 2336 5243 legem
2380 5174 2447 5227 ab
2475 5169 2811 5225 accusatiOne
2840 5166 3147 5228 vindicans,
3180 5164 3233 5219 in
3277 5164 3425 5219 illos-

1841 5288 1943 5341 que
1982 5279 2150 5325 totum
2180 5266 2491 5323 refundens.
2539 5260 2738 5316 Deinde
2779 5267 2833 5311 nt
2863 5257 3069 5311 turlmm
3117 5255 3184 5309 ah
3212 5255 3314 5309 illis
3338 5256 3425 5308 di-

1840 5363 2061 5419 velleret
2085 5402 2100 5426 ,
2135 5375 2203 5412 ne
2244 5358 2296 5411 in
2329 5353 2633 5409 barathrum
2669 5351 2735 5402 ab
2765 5348 2892 5416 ipsis
2919 5346 3274 5416 dejiceretur,
3301 5346 3376 5399 ait
3407 5362 3423 5401 :

1843 5455 1905 5511 Si
1934 5469 2098 5508 caecus
2125 5464 2312 5504 caecum
2355 5446 2538 5508 ducat,
2583 5441 2728 5495 ambo
2752 5441 2806 5493 in
2849 5439 3041 5509 foueam
3082 5435 3284 5491 cadent.
3313 5437 3425 5491 Ma.

1844 5560 2004 5617 gnum
2028 5541 2241 5614 quidem
2268 5537 2467 5593 malum
2496 5533 2709 5589 caecitas
2733 5540 2817 5587 cst
2863 5550 2877 5585 :
2920 5530 3011 5585 sed
3038 5544 3159 5587 esse
3189 5544 3389 5585 circum
3408 5567 3425 5598 ,

1912 5720 1986 5781 (α)
2019 5686 2454 5775 θειὶιὶὼτβῖιθεθω
2476 5719 2574 5759 non
2595 5719 2625 5755 a
2641 5702 2754 5757 Deo
2777 5707 2915 5755 Patre
2939 5714 3049 5754 esse
3066 5698 3318 5753 dicebant.
3342 5742 3343 5745 η
