3908 6198
517 275 622 335 815

516 408 617 450 nec
646 393 842 449 habere
863 390 1051 447 ducem
1072 433 1087 459 ,
1125 398 1181 446 et
1204 404 1263 445 se
1286 389 1477 445 ducem
1506 387 1773 459 praebere,
1805 384 1858 439 id
1902 383 2099 453 duplex

515 483 819 556 triplexque
863 481 1070 537 crimen
1125 488 1228 536 est.
1273 479 1409 535 Nam
1461 479 1506 534 si
1548 477 1905 547 periculosum
1955 487 2100 529 caeco

469 627 478 635 .
515 584 602 632 est
624 616 641 642 ,
674 590 779 629 non
828 573 1027 629 habere
1056 573 1279 637 ducem,
1313 572 1481 626 multo
1522 569 1874 641 periculosius
1915 566 2018 622 erit
2055 565 2099 621 si

514 681 576 723 se
619 664 774 720 alteri
816 664 1006 720 ducem
1037 663 1293 733 praebeat.
1325 660 1460 729 Quid
1505 662 1664 731 igitur
1711 659 1934 714 Petrus?
1982 657 2097 712 Non

515 756 687 823 dixit,
716 756 822 811 Cur
879 754 994 810 haec
1038 752 1259 809 dixisti?
1305 752 1399 807 sed
1444 752 1594 823 quasi
1644 751 1723 806 rei
1774 750 2100 806 obscuritate

515 860 738 917 pressus
762 844 1075 915 interrogat.
1106 843 1217 899 Nec
1249 842 1378 898 dicit
1406 855 1421 892 :
1446 843 1554 897 Cur
1578 852 1761 897 contra
1805 841 1975 912 legem
2016 842 2099 896 lo-

515 946 712 1009 quutus
741 936 841 992 es?
869 936 1089 991 timebat
1117 935 1257 990 enim
1297 949 1365 989 ne
1393 933 1781 989 scandalizatus
1824 933 1990 988 fuisse
2013 932 2095 987 vi-

516 1028 766 1093 deretur;
796 1026 889 1082 sed
936 1027 1083 1096 quasi
1114 1025 1338 1080 obscura
1365 1039 1453 1080 res
1479 1032 1628 1080 esset
1664 1025 1918 1094 loquitur.
1945 1022 2098 1091 Quod

515 1136 649 1176 vero
688 1136 794 1176 non
826 1119 1167 1173 obscuritatis
1192 1132 1387 1183 eausa,
1433 1115 1530 1171 sed
1580 1116 1721 1186 quod
1772 1115 2100 1171 scandaliza-

514 1222 694 1276 rctur,
742 1212 858 1266 hsce
879 1210 1110 1274 dixerit,
1143 1210 1317 1279 palam
1362 1218 1486 1263 est:
1519 1208 1648 1263 nihil
1691 1208 1833 1263 enim
1878 1208 1949 1264 ibi
1998 1207 2099 1262 oh—

514 1302 784 1359 scuritatis
836 1302 1023 1357 inerat.
1078 1299 1336 1366 Quocirca
1388 1299 1631 1354 Christus
1678 1299 1918 1369 increpat
1974 1298 2098 1354 illos

511 1395 745 1450 dicens:
792 1392 880 1448 16.
936 1392 1117 1446 Adhuc
1155 1407 1242 1446 vos
1289 1390 1438 1444 etiam
1481 1390 1591 1444 sine
1635 1390 1888 1444 inteliectu
1933 1390 2099 1445 estis?

481 1525 484 1529 -
514 1488 646 1544 Nam
678 1488 846 1541 turba:
867 1485 1086 1540 forsitan
1108 1484 1247 1540 dicta
1272 1499 1379 1539 non
1405 1483 1778 1539 intellexerunt
1803 1501 1816 1537 :
1844 1484 1944 1553 ipsi
1966 1498 2096 1539 vero

513 1577 853 1635 scandalizati
892 1576 1122 1631 fuerant.
1169 1575 1345 1643 Quare
1388 1575 1568 1641 initio,
1613 1574 1762 1645 quasi
1803 1573 1870 1630 de
1910 1574 2098 1629 Phari-

513 1671 635 1725 saeis
683 1671 1104 1738 interrogantes,
1164 1665 1404 1721 ediscere
1449 1664 1728 1732 volebant;
1775 1665 1862 1720 ubi
1914 1673 2095 1720 autem

510 1761 796 1817 audierunt
834 1774 955 1813 eum
980 1758 1213 1829 graviter
1235 1756 1651 1812 comminantem
1694 1771 1756 1811 ae
1782 1756 2049 1811 dicentem
2075 1798 2090 1824 ,

516 1852 695 1907 Omnis
736 1850 1019 1921 plantatio,
1068 1865 1220 1919 quant
1281 1864 1382 1901 non
1433 1848 1678 1917 plantavit
1743 1846 1902 1902 Pater
1952 1864 2094 1903 meus

508 1944 752 2011 ctelestis,
794 1940 1158 2006 eradicabitur,
1187 1948 1276 2004 et,
1308 1938 1440 1993 σιεσί
1463 1948 1579 1993 sunt
1620 1938 1772 1992 duces
1809 1954 2053 1993 ctccorum
2073 1981 2088 2005 ,

511 2036 744 2102 repressi
786 2044 929 2090 sunt.
980 2033 1086 2089 Sed
1143 2032 1332 2088 Petrus
1374 2046 1585 2100 semper
1628 2030 1856 2096 ardens,
1902 2046 1970 2085 ne
2015 2032 2093 2086 sic

509 2128 724 2198 quidem
755 2134 936 2181 tacere
976 2124 1181 2194 potuit,
1220 2121 1317 2178 sed
1347 2122 1473 2177 dicit
1502 2138 1516 2174 :
1550 2121 1637 2176 15.
1686 2119 1925 2175 Edissere
1951 2122 2092 2175 nobis

511 2217 808 2289 parabolam
858 2218 1008 2270 hanc.
1040 2214 1175 2283 Quid
1222 2228 1351 2283 ergo
1398 2212 1681 2269 Christus?
1716 2212 2091 2269 Vehementius

510 2307 797 2379 respondet
847 2324 860 2360 :
908 2307 1089 2360 Adhuc
1137 2305 1288 2358 etiam
1338 2320 1425 2359 vos
1479 2304 1588 2358 sine
1638 2304 1891 2358 intellectu
1932 2305 2091 2359 estis?

511 2405 598 2461 I7.
629 2403 872 2458 Nondum
914 2400 1214 2470 intelligitis.
1245 2397 1370 2453 Haec
1412 2397 1546 2452 dixit
1575 2398 1885 2468 increpans,
1933 2407 1989 2452 ut
2022 2398 2090 2452 il-

509 2497 679 2551 lorum
720 2491 1115 2565 praejudicatam
1157 2488 1462 2559 opinionem
1497 2488 1747 2557 ejiceret,
1780 2503 1879 2544 nec.
1930 2489 2088 2544 finem

505 2587 716 2643 dicendi
758 2587 911 2650 fecit,
940 2583 1034 2640 sed
1064 2584 1181 2638 haec
1221 2582 1455 2652 adjecit:
1488 2580 1650 2635 Omne
1693 2582 1828 2653 quod
1855 2584 2007 2636 intrat
2035 2584 2088 2637 in

507 2696 597 2745 os,
663 2679 717 2732 in
772 2685 990 2731 ventrem
1044 2672 1216 2739 vadit,
1274 2682 1321 2727 et
1379 2673 1435 2727 in
1502 2689 1750 2727 secessum
1813 2675 2089 2739 emittitur;

508 2770 594 2826 18.
625 2784 738 2840 quae
771 2776 937 2821 autem
976 2766 1251 2838 procedunt
1299 2780 1362 2818 ea:
1411 2780 1530 2829 ore,
1581 2764 1644 2817 de
1691 2763 1841 2818 corde
1867 2774 2086 2831 exeunt,

506 2872 552 2923 rt
572 2861 662 2916 illa
686 2859 1013 2929 coinquinant
1041 2857 1311 2911 hominem.
1355 2854 1439 2910 l9.
1473 2853 1552 2909 De
1572 2855 1725 2908 corde
1747 2856 1881 2910 enim
1904 2865 2087 2910 exeant

504 2954 829 3025 cogitationes
878 2950 1064 3014 male,
1106 2948 1411 3011 homicidia,
1457 2948 1742 3014 adulteria,
1792 2950 2087 3020 fornicatio-

504 3063 628 3112 nes,
683 3046 855 3117 furta,
900 3043 1265 3113 blasphemia,
1313 3042 1446 3111 falsa
1495 3043 1800 3097 testimonia.
1857 3041 1949 3100 ΞΟ.
2017 3041 2088 3097 Et

501 3138 612 3193 haec
638 3146 753 3192 sunt
794 3150 908 3206 qut:
944 3134 1271 3204 coinquinant
1311 3133 1579 3188 hominem.
1609 3132 1734 3188 Non
1766 3132 1882 3188 lotis
1918 3143 2087 3188 autem

504 3230 734 3287 manibus
761 3228 1101 3292 manducare,
1136 3242 1239 3281 non
1272 3226 1562 3296 coinquinat
1597 3226 1866 3280 hominem.
1898 3225 2086 3282 Viden’

498 3340 663 3396 quam
694 3321 1045 3377 vehementer
1069 3320 1189 3375 illos
1216 3317 1493 3388 increpet?
1532 3318 1734 3374 Deinde
1754 3333 1784 3372 a
1812 3318 2085 3373 communi

501 3424 693 3472 natura
741 3413 1167 3475 sermocinatur,
1210 3419 1269 3466 ut
1322 3410 1443 3466 illos
1492 3409 1560 3464 ad
1607 3410 1799 3465 bonam
1848 3417 2084 3466 mentem

500 3508 681 3567 ducat.
725 3505 859 3562 Cum
887 3505 1031 3562 enim
1075 3503 1235 3571 dicit,
1268 3502 1334 3558 In
1372 3512 1593 3558 ventrem
1633 3504 1803 3569 vadit,
1831 3512 1878 3557 et
1911 3503 1967 3558 in
2006 3519 2087 3558 se-

500 3615 697 3656 cessum
737 3598 1007 3662 emittitur,
1047 3595 1223 3652 adhuc
1268 3596 1560 3651 secundum
1610 3594 1889 3651 Judaieum
1932 3594 2085 3666 abie-

502 3700 647 3747 ctum
673 3704 890 3745 sensum
914 3688 1168 3759 loquitur.
1197 3686 1334 3741 Dicit
1355 3687 1533 3753 enim,
1562 3685 1657 3741 illa
1684 3702 1792 3742 non
1821 3702 2044 3743 manete
2064 3727 2081 3753 ,

499 3784 597 3842 sed
640 3780 843 3854 egredi.
876 3780 1207 3851 Quamquam
1236 3780 1446 3836 etiamsi
1488 3788 1797 3848 manerent,
1828 3796 1938 3836 non
1981 3782 2084 3837 im-

501 3873 759 3932 mundum
804 3862 1110 3928 redderent.
1159 3869 1265 3927 Sed
1294 3870 1526 3926 nondum
1574 3879 1821 3942 poterant
1848 3872 1963 3928 [me
1990 3888 2083 3928 au-

502 3966 640 4021 dire.
671 3964 795 4020 Ideo
820 3963 1095 4034 legislator
1136 3970 1286 4017 tanto
1313 3961 1533 4017 dimittit
1575 3970 1851 4033 tempore,
1882 3972 2084 4035 quanto

502 4058 647 4114 intus
686 4066 899 4110 maneat
942 4072 956 4110 :
998 4070 1119 4110 eum
1167 4063 1343 4109 autem
1398 4069 1672 4126 egressum
1738 4054 1924 4121 fuerit,
1974 4072 2080 4113 non

502 4150 662 4205 ultra.
692 4147 929 4217 Vespere
966 4147 1125 4218 igitur
1150 4146 1315 4201 lavari
1333 4145 1519 4217 jubet,
1542 4161 1606 4203 ac
1637 4147 1898 4203 mundum
1924 4163 2078 4215 esse,

500 4239 813 4311 digestionis
836 4247 895 4293 et
920 4238 1247 4308 expulsionis
1270 4246 1481 4308 tempus
1497 4248 1751 4295 accurate
1774 4238 2078 4295 dimetiens.

499 4333 629 4401 Quae
666 4340 844 4386 autem
872 4329 1051 4385 cordis
1103 4338 1262 4395 sunt,
1305 4329 1509 4399 inquit,
1558 4329 1700 4385 intus
1748 4341 1999 4398 manent,
2027 4342 2083 4387 et

497 4439 618 4479 eum
660 4423 1032 4494 egrediuntur,
1057 4422 1443 4493 coinquinant,
1482 4437 1583 4478 nec
1611 4422 1772 4478 modo
1801 4438 1923 4478 cum
1966 4438 2080 4478 ma-

499 4525 660 4582 nent,
710 4516 764 4570 id
800 4515 1017 4571 faciunt.
1068 4514 1246 4569 Primo
1291 4513 1442 4585 ponit
1484 4513 1652 4569 malas
1687 4514 2075 4584 cogitationes,

499 4607 643 4678 quod
661 4605 966 4662 Iudaeorum
991 4614 1104 4661 erat
1157 4621 1170 4658 :
1221 4618 1320 4660 nec
1346 4603 1521 4659 adhuc
1563 4619 1594 4659 a
1642 4612 1869 4672 natura,
1911 4604 2002 4661 sed
2045 4620 2075 4659 a

499 4706 654 4767 pat‘ltt
678 4696 879 4751 ventris
902 4705 961 4752 et
988 4695 1165 4751 cordis
1201 4693 1505 4765 redarguit,
1534 4705 1589 4751 et
1609 4710 1677 4751 ex
1698 4711 1769 4751 eo
1808 4695 1950 4766 quod
1975 4696 2077 4751 alia

499 4789 782 4844 maneant,
820 4782 926 4837 alia
953 4797 1062 4838 non
1089 4784 1237 4837 item.
1279 4785 1399 4839 Alia
1426 4787 1680 4854 enim,de
1714 4789 1848 4845 foris
1873 4790 2077 4861 ingres-

499 4885 597 4937 sa,
644 4870 793 4928 foras
838 4890 1032 4931 rursus
1073 4885 1275 4931 exeunt
1307 4896 1320 4932 :
1353 4879 1461 4935 alia
1500 4895 1649 4946 vero,
1693 4882 1840 4938 intus
1873 4884 2073 4952 genita,

500 4978 628 5019 eum
680 4973 917 5029 exeunt,
969 4968 1373 5039 coinquinant,
1426 4980 1482 5027 et
1535 4979 1665 5027 tunc
1703 4972 1916 5044 magis,
1950 4990 2075 5030 cum

495 5056 862 5125 egrediuntur.
909 5055 1151 5110 Nondum
1183 5056 1326 5110 enim
1372 5065 1654 5126 poterant,
1687 5065 1743 5111 ut
1788 5057 1931 5122 dixi,
1961 5059 2077 5115 haec

491 5160 610 5200 cum
649 5147 964 5217 congruenti
997 5147 1331 5218 philosophia
1374 5146 1578 5203 audire.
1610 5147 1817 5205 Marcus
1843 5149 1992 5220 (Cap.
2018 5152 2070 5205 7.

496 5238 583 5307 19)
607 5249 784 5295 autem
808 5239 968 5303 dicit,
1001 5240 1174 5310 ipsum
1202 5239 1267 5294 ad
1297 5238 1595 5310 purgandos
1620 5239 1769 5296 cibos
1785 5242 1900 5298 bace
1915 5242 2076 5299 dixis-

493 5345 586 5396 se;
618 5348 721 5386 non
774 5342 951 5389 tamen
1008 5333 1061 5389 id
1111 5333 1402 5404 expressit,
1432 5333 1571 5403 quod
1619 5333 1743 5387 talia
1789 5334 2072 5391 comedere

495 5436 601 5474 non
632 5422 944 5491 coinquinet
987 5423 1255 5478 hominem
1306 5438 1320 5475 :
1372 5438 1479 5477 non
1510 5422 1653 5479 enim
1684 5422 1976 5478 voluissent
2004 5424 2069 5477 il-

495 5511 606 5566 lum
632 5521 740 5567 tam
769 5514 915 5569 clare
952 5517 1250 5586 loquentem
1291 5514 1497 5571 audire.
1531 5514 1653 5571 ideo
1680 5514 1797 5571 haec
1822 5515 2023 5571 addidit
2054 5535 2067 5572 :

489 5601 619 5663 Non
657 5601 773 5656 lotis
816 5603 1044 5659 manibus
1090 5604 1393 5659 manducare
1415 5647 1430 5670 ,
1458 5622 1559 5662 non
1587 5607 1878 5670 coinquinat
1903 5606 2069 5661 homi-

492 5708 634 5748 nem.
654 5691 942 5749 vincamus
968 5707 1091 5764 ergo
1111 5710 1355 5764 qutcnam
1376 5696 1726 5769 .eoinquinent
1751 5699 2018 5757 hominem
2049 5718 2064 5752 :

1226 271 1280 331 s
1318 270 1595 330 JOANNlS
1629 226 2085 326 cunvsos'rou‘

2196 262 2458 320 RCHIEP.
2500 264 3035 328 CONSTANTINOP.

3692 278 3791 336 διε

2207 380 2471 438 discamus
2497 382 2614 440 haec
2632 424 2647 451 ,
2674 392 2730 440 et
2755 385 3040 457 fugiamus.
3064 386 3195 443 Nam
3225 389 3279 445 in
3304 390 3529 447 ecclesia
3555 392 3795 450 videmus

2207 472 2350 530 hunc
2391 490 2595 531 morem
2643 477 2783 548 apud
2829 479 3024 534 multos
3046 480 3256 551 vigere,
3289 482 3381 553 qui
3433 483 3651 540 mundis
3699 500 3790 541 ve-

2207 564 2378 619 stibus
2424 565 2623 622 intrare
2670 568 2913 635 student,
2973 571 3209 642 itemque
3255 573 3393 629 lotis
3417 575 3698 642 manibus;
3740 590 3792 633 ut

2207 670 2336 711 vero
2372 656 2604 711 animam
2648 673 2837 728 puram
2867 660 2979 717 Deo
3004 663 3230 730 sistant,
3274 664 3406 721 nihil
3432 677 3647 722 curant.
3677 667 3794 724 Haec

2208 761 2371 817 porro
2392 747 2545 816 dico,
2580 765 2688 805 non
2736 753 2879 821 quod
2929 753 3240 823 prohibeam
3270 773 3463 813 manus
3502 760 3590 815 vel
3620 775 3683 815 os
3720 763 3793 815 la-

2205 852 2331 893 vare
2350 880 2367 906 ,
2398 839 2492 895 sed
2522 841 2664 910 quod
2692 842 2849 898 velim
2872 844 2942 900 ita
2972 845 3135 901 lavari
3162 855 3221 901 ut
3246 863 3342 917 par
3365 860 3449 904 est
3471 892 3487 911 ,
3520 865 3633 905 non
3663 866 3793 921 aqua

2205 928 2377 983 solum
2398 968 2413 993 ,
2454 929 2548 984 sed
2593 931 2896 988 virtutibus.
2927 934 3061 990 Nam
3088 938 3278 994 sordes
3319 941 3431 997 oris
3458 951 3591 997 sunt
3631 944 3797 997 male-

2205 1017 2376 1085 dicta,
2435 1019 2801 1092 blasphemia,
2869 1027 3205 1092 convicium,
3267 1031 3432 1086 verba
3506 1033 3797 1089 iracundia:

2205 1109 2381 1177 plena,
2408 1113 2494 1166 vel
2518 1112 2769 1170 obscaena
2790 1157 2804 1180 ,
2833 1116 3055 1172 ridicula
3075 1159 3091 1186 ,
3124 1121 3387 1176 scurrilia.
3418 1122 3478 1178 Si
3519 1138 3657 1195 ergo
3708 1126 3794 1181 tibi

2203 1200 2451 1256 conscius
2489 1202 2565 1257 sis
2595 1203 2723 1258 nihil
2751 1204 2858 1261 tale
2880 1206 3081 1263 dixisse
3124 1218 3207 1275 te,
3236 1226 3410 1282 neque
3434 1212 3519 1268 his
3549 1214 3797 1271 sordibus

2204 1291 2505 1360 inquinari.
2535 1310 2655 1350 cum
2697 1296 2889 1353 fiducia
2934 1300 3164 1367 accede;
3195 1303 3277 1358 sin
3326 1305 3518 1362 millies
3550 1306 3653 1365 has
3702 1312 3795 1364 δά-

2203 1383 2393 1439 misisti
2437 1389 2708 1455 maculas,
2736 1405 2835 1445 cur
2884 1391 3080 1449 frustra
3131 1395 3362 1467 linguam
3409 1401 3626 1469 abiuis,
3673 1404 3793 1460 dum

2205 1476 2534 1544 perniciosas
2555 1490 2609 1535 et
2640 1483 2826 1537 noxias
2844 1485 3033 1542 sordes
3063 1486 3117 1542 in
3142 1487 3230 1542 illa
3248 1490 3565 1548 circumfers
3578 1496 3605 1548 9

2273 1566 2328 1621 5.
2364 1567 2477 1634 Qua
2504 1572 2700 1626 ratione
2722 1574 2974 1628 orandum
2997 1578 3320 1635 sit.--Nam
3354 1582 3439 1638 die
3465 1586 3600 1639 mihi
3626 1627 3641 1651 ,
3665 1588 3710 1642 si
3739 1588 3793 1642 ﬁ-

2202 1671 2346 1711 mum
2390 1668 2445 1715 et
2489 1661 2654 1717 lutum
2695 1679 2805 1734 pra:
2849 1668 3093 1724 manibus
3143 1670 3395 1742 haberes,
3445 1691 3515 1732 an
3563 1680 3796 1736 auderes

2200 1752 2399 1805 orare?
2428 1751 2790 1826 Nequaquam.
2823 1759 3073 1817 Attamen
3107 1764 3236 1819 nihil
3263 1765 3389 1823 hinc
3411 1768 3599 1826 damni
3626 1790 3640 1836 ;
3669 1773 3795 1830 illud

2199 1852 2376 1898 autem
2403 1846 2761 1915 perniciosum
2786 1860 2884 1904 est.
2916 1852 3027 1907 Cur
3054 1869 3181 1925 ergo
3210 1856 3262 1911 in
3302 1858 3461 1915 rebus
3487 1862 3797 1921 indifferen-

2200 1934 2342 1991 tibus
2379 1940 2515 2006 pius,
2549 1939 2601 1993 in
2628 1940 2911 2009 prohibitis
2934 1945 3001 1999 ita
3025 1948 3300 2019 negligens
3328 1966 3387 2007 es
3412 1953 3435 2007 ?
3463 1953 3607 2022 Quid
3631 1962 3795 2029 ergo!

2200 2028 2441 2099 inquies;
2474 2047 2578 2086 non
2608 2036 2831 2103 .precuri
2874 2041 3127 2107 oportet?
3157 2041 3383 2111 Oportet
3421 2049 3668 2118 quidem,

2198 2138 2304 2176 non
2339 2125 2586 2180 sordibus
2632 2129 2977 2200 maculatum,
3015 2150 3122 2187 non
3149 2144 3296 2191 tanto
3323 2154 3479 2195 caeno
3513 2154 3792 2200 onustum.

2197 2214 2333 2281 Quid
2362 2216 2405 2271 si
2426 2231 2553 2272 casu
2579 2218 2759 2289 lapsus
2783 2221 2975 2277 fuero?
3001 2224 3172 2296 Purga
3200 2228 3446 2298 teipsum.
3468 2231 3795 2300 Quomodo?

2196 2305 2363 2377 Luge,
2391 2322 2565 2377 geme,
2593 2310 2986 2385 eleemosynam
3016 2332 3195 2387 eroga,
3226 2335 3385 2392 purga
3416 2332 3471 2379 te
3494 2326 3641 2395 apud
3670 2344 3793 2385 eum

2195 2411 2353 2467 quem
2380 2400 2702 2456 contumelia
2732 2402 2979 2473 afl‘eeisti,
3005 2409 3287 2465 reconcilia
3328 2422 3380 2467 te
3408 2413 3508 2480 illi,
3542 2417 3795 2491 absterge

2197 2487 2452 2558 linguam,
2483 2506 2551 2546 ne
2578 2493 2791 2562 gravius
2820 2494 2983 2550 Deum
3013 2498 3206 2557 irrites.
3236 2501 3369 2576 Nam
3396 2507 3441 2559 si
3472 2512 3599 2576 quis
3618 2487 3795 2566 sordi-

2195 2576 2334 2634 datis
2363 2588 2599 2637 stercore
2636 2585 2882 2642 manibus
2913 2588 3077 2657 pedes
3108 2600 3227 2647 tuos
3249 2574 3562 2665 supplicans
3608 2610 3793 2673 tange.

2195 2677 2295 2736 ret,
2315 2685 2420 2725 non
2448 2672 2610 2728 modo
2636 2675 2779 2730 illum
2804 2692 2908 2733 non
2931 2680 3165 2750 audires,
3185 2685 3279 2740 sed
3312 2688 3444 2755 pede
3468 2689 3789 2760 impeteres:

2194 2763 2461 2830 quomodo
2484 2765 2649 2822 audes
2677 2768 2756 2823 sic
2784 2768 2952 2825 Deum
2982 2772 3169 2829 adire?
3193 2775 3324 2832 Nam
3354 2779 3528 2852 lingua
3563 2799 3791 2852 precan-

2196 2854 2324 2909 tium
2360 2864 2442 2911 est
2469 2873 2679 2924 manus,
2711 2876 2773 2916 ac
2809 2877 2908 2933 per
2931 2879 3050 2920 eam
3093 2867 3183 2923 Dei
3214 2884 3385 2940 genua
3429 2877 3792 2944 apprehendi-

2194 2961 2334 3003 mus.
2356 2946 2434 3003 Ne
2474 2949 2652 3021 itaque
2678 2951 2824 3007 illam
2851 2958 3229 3027 commacules,
3251 2977 3321 3016 ne
3348 2963 3440 3018 tibi
3478 2966 3624 3022 dicat
3648 2968 3747 3025 ille
3770 2988 3787 3024 :

2196 3040 2257 3093 Si
2276 3041 2731 3111 multiplicatam-itis
2750 3045 3173 3117 deprecationem,
3205 3068 3305 3106 non
3331 3057 3606 3111 exaudiam
3632 3058 3787 3131 (Isai.

2193 3130 2247 3184 1.
2268 3132 2377 3203 15).
2401 3132 2535 3188 Nam
2560 3133 2630 3189 In
2654 3152 2808 3190 manu
2833 3138 3020 3209 lingua:
3042 3141 3144 3194 vita
3172 3153 3217 3196 et
3233 3160 3366 3200 mors
3386 3158 3458 3200 est
3479 3148 3669 3219 (Prov.
3702 3153 3787 3209 18.

2192 3220 2253 3278 21
2282 3222 2339 3295 );
2370 3234 2425 3280 et
2450 3225 2535 3280 Ea:
2559 3228 2873 3285 sermonibus
2894 3231 2995 3284 tuis
3014 3232 3393 3302 justiﬁcaberis,
3414 3248 3658 3309 atqueea:
3679 3262 3787 3299 ser-

2191 3313 2420 3369 monibus
2463 3315 2562 3371 tuis
2598 3316 3007 3375 condemnaberis
3036 3326 3060 3393 (
3087 3320 3270 3377 Matth.
3316 3326 3405 3380 12.
3446 3328 3519 3384 37
3543 3331 3587 3400 ).
3624 3332 3786 3406 Magis

2193 3406 2352 3474 igitur
2375 3421 2535 3478 quam
2574 3409 2829 3481 pupillam
2864 3411 3003 3466 oculi
3036 3412 3267 3485 linguam
3302 3426 3444 3473 tuam
3485 3426 3787 3481 custodias.

2191 3498 2391 3570 Regius
2414 3500 2630 3571 quidam
2668 3517 2837 3573 equus
2865 3513 2950 3560 est
2991 3505 3193 3578 lingua.
3220 3509 3278 3565 Si
3308 3526 3435 3583 ergo
3462 3514 3540 3569 illi
3574 3515 3786 3573 frenum

2192 3592 2498 3659 immiseris,
2520 3606 2581 3650 et
2604 3597 2867 3652 concinne
2896 3598 2974 3654 ire
3003 3599 3282 3671 docueris,
3300 3620 3398 3660 rex
3424 3606 3479 3661 in
3508 3608 3605 3663 illa
3636 3613 3790 3667 sede-

2192 3684 2269 3738 bit
2294 3692 2350 3740 et
2373 3685 2645 3755 quiescet;
2678 3688 2762 3743 sin
2791 3688 3053 3746 infrenem
3086 3690 3200 3748 fieri
3232 3704 3285 3750 et
3299 3695 3490 3765 jactari
3524 3703 3790 3770 permiseo

2191 3775 2286 3840 ris,
2326 3775 2522 3832 diaboli
2564 3786 2619 3834 et
2659 3778 2964 3836 daemonum
3008 3782 3311 3841 vehiculum
3356 3789 3480 3845 erit.
3524 3790 3612 3846 Tu
3660 3809 3787 3850 vero

2189 3869 2403 3939 quando
2423 3887 2546 3926 eum
2576 3887 2741 3929 uxore
2760 3875 3113 3944 concubuisti,
3142 3878 3284 3949 quod
3310 3895 3438 3938 sane
3464 3884 3627 3955 culpa
3660 3887 3787 3944 libe-

2190 3979 2306 4018 rum
2331 3971 2433 4031 est,
2463 3966 2669 4034 precari
2697 3982 2803 4021 non
2826 3966 3026 4034 audes;
3056 3979 3174 4038 post
3201 3971 3499 4028 convicium
3521 3985 3709 4033 autem
3734 3990 3786 4036 et

2188 4056 2563 4111 contumeliam
2587 4098 2603 4123 ,
2633 4072 2753 4128 quae
2773 4058 3069 4129 gehennam
3094 4070 3390 4130 merentur,
3410 4075 3705 4138 antequam
3732 4081 3785 4127 te

2190 4148 2356 4217 probe
2378 4152 2707 4221 purgaveris,
2730 4152 2973 4208 extendis
2997 4155 3227 4209 manus?
3250 4165 3306 4211 et
3329 4160 3625 4228 quomodo,
3641 4178 3785 4233 (με.

2188 4253 2268 4305 so,
2299 4256 2405 4295 non
2454 4240 2858 4310 perhorrescis?
2883 4242 3000 4299 Non
3025 4244 3220 4301 audisti
3246 4245 3465 4303 Paulum
3487 4249 3778 4317 dicentem,

2192 4332 2503 4389 Honorabite
2515 4336 2829 4407 conjugium,
2859 4346 2905 4391 et
2933 4345 3073 4392 torus
3090 4337 3445 4395 inmaculatus
3472 4344 3492 4412 (
3512 4342 3780 4403 HeerS.

2187 4427 2221 4481 4
2244 4425 2309 4497 )?
2342 4426 2396 4482 Si
2424 4436 2599 4482 autem
2627 4443 2694 4483 ex
2716 4429 3057 4484 immaculato
3088 4438 3209 4485 toro
3227 4444 3453 4503 surgens
3472 4449 3585 4488 non
3614 4438 3783 4493 audes

2186 4518 2253 4574 ad
2300 4520 2595 4575 orationem
2639 4520 2919 4588 accedere,
2947 4536 3071 4577 cum
3115 4538 3183 4578 ex
3209 4532 3326 4579 toro
3366 4525 3642 4584 diabolica
3684 4533 3779 4595 sis,

2184 4628 2282 4667 cur
2347 4612 2605 4669 horribile
2674 4613 2801 4669 illud
2866 4614 3209 4686 terribileque
3271 4631 3466 4673 nomen
3528 4620 3780 4680 invocare

2186 4705 2388 4761 audes?
2431 4704 2632 4760 Diaboli
2663 4705 2858 4775 quippe
2886 4704 3055 4761 lectus
3089 4715 3173 4761 est
3212 4708 3266 4762 in
3306 4710 3566 4767 conviciis
3594 4723 3653 4768 et
3680 4730 3778 4783 op-

2185 4797 2413 4867 probriis
2438 4795 2602 4852 lavari
2629 4795 2723 4867 (a).
2755 4797 2833 4851 Ac
2863 4797 3008 4852 velut
3030 4798 3357 4867 perniciosus
3379 4801 3597 4871 quidam
3631 4806 3777 4860 adul-

2188 4897 2270 4943 ter
2310 4887 2583 4942 iracundia
2640 4904 2739 4943 nos
2784 4902 2906 4942 cum
2959 4904 3150 4959 magna
3194 4890 3464 4963 voluptate
3528 4893 3775 4962 invadit,

2187 4981 2483 5050 perniciosa
2522 4982 2578 5035 in
2628 4981 2783 5036 nobis
2828 4981 3033 5050 jaciens
3086 4982 3327 5050 semina,
3374 4993 3431 5039 et
3478 4985 3775 5043 'diabolims

2182 5072 2405 5143 gignens
2436 5072 2759 5135 inimicitias,
2783 5088 2844 5127 ac
2868 5081 3052 5128 contra
3077 5073 3603 5133 connubiumomnia
3629 5078 3770 5135 facit.

2181 5165 2313 5220 Nam
2342 5165 2645 5234 conjugium
2694 5164 2743 5218 id
2788 5164 2914 5219 facit
2956 5172 3018 5219 ut
3061 5165 3169 5219 duo
3195 5166 3301 5220 sint
3340 5181 3468 5222 caro
3505 5183 3652 5234 una;
3698 5170 3769 5223 ira

2180 5274 2310 5314 vero
2334 5272 2429 5314 eos
2449 5259 2539 5328 qui
2577 5257 2745 5326 juncti
2786 5267 2909 5311 sunt
2936 5257 2989 5310 in
3028 5267 3205 5327 partes
3238 5257 3463 5323 dividit,
3491 5258 3770 5329 ipsamque

2181 5351 2413 5405 animam
2456 5348 2651 5403 scindit
2696 5356 2752 5403 et
2806 5347 3024 5403 lacerat.
3067 5346 3137 5403 Ut
3179 5348 3354 5418 itaque
3390 5364 3519 5404 cum
3577 5350 3768 5407 ﬁducia

2181 5441 2349 5496 Deum
2384 5440 2565 5504 adeas,
2609 5439 2741 5493 iram
2773 5447 2827 5493 te
2864 5438 3200 5496 invadentem
3231 5454 3298 5493 ne
3343 5440 3594 5496 admittas
3618 5482 3635 5507 ,
3676 5441 3764 5496 sed

2178 5531 2328 5601 quasi
2356 5529 2597 5586 rabidum
2624 5544 2809 5584 canem
2840 5528 3068 5599 depelle.
3102 5528 3231 5584 Illud
3258 5529 3401 5585 enim
3422 5529 3621 5585 Paulus
3652 5530 3765 5598 jus-

2247 5654 2453 5726 (a)_Non
2477 5656 2620 5726 video
2642 5657 2816 5707 borum
2842 5661 3225 5711 consonantiam.
3249 5685 3309 5697 -ο
3333 5658 3470 5713 Vidit
3492 5663 3657 5726 ﬁeld,
3678 5674 3757 5713 (I-

2168 5712 2264 5781 jsts'
2284 5712 2353 5781 cf.
2379 5714 2550 5768 Adnot.
2577 5717 2713 5768 Εωτ.
