3908 6198
176 275 285 330 517

173 392 285 446 sit:
316 390 558 447 Leucates
586 399 788 445 sanctas
812 405 995 445 manus
1026 390 1213 462 absque
1243 390 1321 444 ira
1343 399 1391 444 et
1411 388 1771 460 disceptatione

173 483 269 553 (1.
304 482 438 537 Tim.
483 482 539 537 2.
572 481 665 555 8).
696 481 774 537 Ne
822 483 1056 552 linguam
1113 496 1245 553 ergo
1289 481 1541 552 deturpes
1580 498 1593 535 :
1647 494 1769 534 nam

171 575 448 645 quomodo
474 590 573 645 pro
604 584 655 631 te
682 574 983 646 precabitur
1002 616 1017 640 ,
1044 588 1165 629 cum
1197 574 1443 629 fiduciam
1488 572 1771 628 amiseris?

170 669 270 723 sed
302 683 433 723 orna
456 668 598 723 illam
627 668 905 733 modestia,
930 667 1259 722 humilitate:
1291 666 1374 722 fac
1395 666 1607 738 dignam
1636 665 1765 731 Deo,

169 761 268 831 qui
311 777 406 830 per
452 761 593 816 illam
639 768 895 831 rogatur;
929 760 1070 814 illam
1114 759 1261 830 reple
1305 758 1673 815 benedictione
1715 766 1771 812 et

169 854 540 924 elecmosyna.
595 851 727 907 Nam
776 852 956 906 verbis
1006 852 1166 907 etiam
1213 859 1386 920 potest
1428 851 1767 919 eleemosyna

169 949 387 1018 erogari
410 966 423 1001 :
458 946 641 1002 Melior
666 957 739 1001 est
767 946 908 1002 enim
932 962 1115 1011 sermo,
1145 962 1295 1015 quam
1317 945 1506 998 donum
1529 950 1608 1009 ;et
1626 944 1642 996 τ
1663 940 1765 996 Re-

164 1041 369 1109 sponde
396 1038 607 1109 pauperi
631 1040 847 1111 paciﬁca
876 1039 927 1092 in
957 1036 1338 1091 mansuetudine
1355 1034 1544 1109 (Eccli.
1567 1035 1652 1091 18.
1676 1034 1763 1089 16.

163 1140 218 1185 et
246 1132 297 1186 4.
316 1130 393 1203 8).
418 1131 607 1186 Totum
633 1146 759 1186 vero
784 1132 1042 1202 reliquum
1067 1139 1275 1201 tempus
1296 1129 1591 1184 divinarum
1614 1142 1766 1182 enar-

165 1224 381 1279 ratione
412 1224 584 1293 legum
621 1239 843 1279 exorna.
874 1224 1050 1277 Omnis
1078 1224 1332 1277 enarratio
1354 1232 1439 1275 tua
1479 1221 1542 1275 sit
1570 1220 1622 1274 in
1662 1220 1767 1290 lege

165 1312 420 1371 Altissimi
444 1315 618 1388 (Ibid.
645 1316 697 1372 9.
729 1316 799 1370 25
819 1314 861 1387 ).
896 1315 967 1371 Ita
1024 1331 1123 1370 nos
1153 1314 1437 1369 adorantes
1467 1314 1532 1367 ad
1567 1312 1764 1382 Regem

162 1408 492 1463 accedamus
515 1449 531 1473 ,
562 1416 615 1463 et
660 1408 726 1462 ad
769 1422 940 1479 genua
967 1408 1081 1477 ejus
1110 1406 1481 1478 procidamus,
1512 1422 1618 1461 non
1648 1421 1767 1461 cor-

165 1514 305 1570 pore
354 1508 599 1564 tantum,
644 1499 738 1556 sed
786 1500 945 1554 etiam
1000 1509 1199 1555 mente.
1253 1498 1561 1569 Cogitemus
1605 1514 1764 1569 quem

162 1594 445 1657 adeamus,
493 1601 547 1648 et
593 1607 688 1662 pro
735 1592 946 1662 quibus,
986 1603 1039 1646 et
1075 1591 1202 1662 quid
1246 1593 1486 1647 volentes
1528 1590 1762 1645 efficere.

163 1684 339 1739 Deum
373 1684 602 1751 adimus,
626 1698 784 1755 quem
812 1684 1090 1754 Seraphim
1123 1682 1384 1749 videntes,
1407 1683 1583 1737 vultus
1608 1697 1763 1738 aver-

163 1787 311 1843 tunt,
343 1793 448 1834 non
480 1778 713 1833 ferentes
744 1776 1005 1847 fulgorem
1034 1794 1047 1843 ;
1071 1792 1230 1846 quem
1256 1776 1440 1831 videns
1468 1785 1607 1832 terra
1636 1790 1765 1830 con-

165 1873 457 1927 tremiscit.
487 1872 652 1926 Deum
684 1870 914 1935 adimus,
946 1869 1036 1940 qui
1074 1870 1244 1925 lucem
1286 1868 1488 1923 habitat
1524 1868 1764 1924 inacces-

159 1964 401 2021 sibilem.
432 1964 676 2032 Adimus,
720 1973 778 2019 ut
806 1979 835 2019 a
861 1962 1106 2035 gehenna
1138 1964 1444 2031 liberemur,
1474 1971 1533 2018 ut
1575 1961 1766 2017 remis-

162 2060 378 2115 sionem
403 2069 742 2130 peccatorum
764 2058 1128 2128 impetremus,
1150 2067 1206 2113 ut
1232 2057 1298 2113 ab
1322 2056 1415 2112 illo
1443 2055 1763 2112 intolerabili

159 2150 431 2220 supplicio
457 2150 765 2215 liberemur,
796 2158 853 2204 ut
892 2149 1082 2204 cadum
1128 2157 1183 2204 et
1234 2147 1305 2203 ibi
1347 2148 1575 2219 reposita
1624 2146 1763 2203 bona

155 2258 577 2313 consequamur.

237 2334 292 2388 6.
326 2333 663 2388 Mansuetudo
690 2334 744 2387 in
763 2334 990 2388 oratione
1010 2333 1313 2388 adhibenda.
1344 2333 1511 2389 Nemo
1540 2333 1761 2401 (ceditur,

155 2426 265 2479 nisi
302 2443 334 2478 a
374 2426 561 2496 seipse.
603 2424 789 2479 Contra
823 2442 905 2480 eos
934 2425 1020 2496 qui
1043 2426 1259 2480 aliorum
1285 2426 1413 2481 bona
1442 2427 1666 2498 rapiunt.
1695 2456 1766 2468 —

158 2517 516 2572 Procidamus
542 2516 699 2587 igitur
720 2526 777 2572 et
811 2532 1040 2587 corpore
1070 2526 1122 2572 et
1146 2526 1346 2585 mente,
1378 2526 1436 2573 ut
1464 2518 1553 2573 ille
1575 2518 1763 2588 jacen-

158 2620 249 2665 t=es
292 2611 463 2680 erigat
512 2627 526 2663 :
580 2626 701 2665 cum
748 2609 1008 2665 modestia
1058 2612 1310 2681 omnique
1359 2612 1765 2669 mansuetudine

162 2701 348 2771 ipsum
375 2701 729 2772 alloquamur.
763 2701 831 2757 Et
855 2704 974 2773 quis
999 2710 1101 2769 est,
1138 2702 1366 2773 inquies,
1402 2703 1472 2758 ita
1504 2704 1667 2760 miser
1712 2714 1765 2759 ct

162 2792 382 2860 infelix,
410 2801 466 2848 ut
490 2795 544 2849 in
574 2795 815 2850 oratione
842 2810 947 2851 non
976 2796 1046 2851 sit
1071 2796 1418 2853 moderatus?
1440 2798 1534 2852 Ille
1560 2798 1649 2870 qui
1680 2798 1764 2853 \el

157 2887 437 2957 precando
464 2888 744 2945 maledicta
788 2888 1012 2960 profert,
1048 2888 1334 2961 furoreque
1366 2892 1553 2961 plenus
1580 2900 1682 2959 est,
1711 2901 1765 2947 ct

158 2989 357 3034 contra
402 2980 646 3036 inimicos
688 2982 967 3037 acclamat.
1008 2982 1061 3038 Si
1096 2983 1172 3038 vis
1213 2998 1464 3040 accusare
1488 3025 1502 3049 ,
1535 2983 1762 3054 teipsum

159 3084 386 3128 accusa.
423 3074 477 3129 Si
524 3072 603 3129 vis
647 3073 880 3145 linguam
923 3090 1135 3141 acuere,
1171 3085 1358 3131 contra
1407 3089 1621 3147 peccata
1676 3087 1764 3133 tua

158 3182 322 3221 acue.
342 3166 450 3222 Nec
478 3168 623 3223 dicas
652 3168 777 3239 quid
808 3169 943 3224 alius
972 3169 1061 3225 tibi
1089 3171 1212 3225 mali
1241 3170 1496 3235 intulerit,
1520 3171 1613 3227 sed
1638 3170 1764 3243 quid

159 3266 226 3312 tu
265 3258 360 3312 tibi
393 3259 516 3313 mali
546 3258 774 3315 feceris:
806 3260 932 3314 illud
980 3261 1123 3315 enim
1153 3262 1382 3316 maxime
1423 3262 1617 3317 malum
1660 3272 1761 3318 est.

157 3348 354 3420 Neque
383 3351 524 3405 enim
552 3352 670 3421 quis
703 3363 753 3407 te
782 3352 976 3408 laadere
1020 3354 1251 3423 poterit,
1290 3353 1389 3409 nisi
1437 3354 1626 3425 teipse
1670 3356 1765 3411 la:-

158 3441 269 3497 das
296 3441 395 3515 (a).
430 3442 613 3514 Itaque
656 3445 700 3500 si
732 3446 811 3501 vis
856 3455 1043 3501 contra
1084 3446 1337 3503 laedentes
1378 3456 1427 3503 te
1466 3449 1761 3519 insurgere,

165 3535 404 3603 teipsum
435 3536 661 3604 primum
696 3535 937 3605 impetus.
971 3536 1139 3593 Nemo
1176 3539 1226 3593 id
1257 3540 1515 3609 impedit;
1567 3557 1688 3595 nam
1718 3542 1763 3596 si

161 3624 334 3679 alium
362 3625 709 3697 aggredieris,
742 3629 910 3700 magis
932 3630 1087 3685 laesus
1108 3630 1298 3686 abibis.
1329 3632 1497 3700 Quam
1525 3648 1652 3688 vero
1671 3634 1763 3689 tibi

164 3717 377 3773 illatam
422 3718 668 3788 injuriam
709 3719 950 3789 proferre
984 3732 1133 3791 potes
1157 3722 1187 3775 ?‘
1210 3722 1303 3779 Ille
1341 3724 1473 3779 mihi
1516 3724 1765 3795 injuriam

166 3810 375 3877 intulit,
417 3810 553 3866 bona
581 3813 779 3881 rapuit,
812 3829 897 3869 me
929 3813 979 3868 in
1008 3814 1241 3884 pericula
1270 3816 1491 3887 injecit?
1516 3817 1623 3874 Sed
1664 3818 1766 3875 hoc

166 3916 283 3955 non
313 3910 393 3955 est
436 3901 578 3970 lardi,
610 3903 726 3968 sed,
757 3902 802 3957 si
848 3904 1033 3975 vigiles
1056 3906 1256 3972 simus,
1290 3907 1405 3963 haec
1432 3909 1587 3966 nobis
1624 3911 1765 3966 mul-

164 4004 285 4049 tum
331 3994 587 4065 prodesse
624 4005 895 4066 poterunt.
930 3996 1063 4053 Nam
1102 3999 1264 4055 laesus
1289 4009 1371 4056 est
1410 4002 1498 4058 ille
1535 4004 1623 4073 qui
1652 4004 1766 4060 hmc

164 4088 313 4143 mala
345 4090 543 4157 intulit,
573 4107 679 4145 non
708 4092 797 4162 qui
826 4107 1014 4162 passus
1040 4103 1139 4149 est.
1174 4094 1239 4149 Et
1270 4095 1373 4152 hoc
1399 4098 1627 4153 maxime
1656 4114 1768 4154 ma-

164 4180 347 4237 lorum
363 4182 600 4237 omnium
618 4199 776 4238 causa
798 4192 898 4251 est,
916 4185 1058 4255 quod
1088 4187 1385 4244 nesciamus
1405 4189 1523 4259 quis
1545 4190 1763 4258 Itedens,

164 4271 297 4341 quis
342 4271 499 4327 lzesus
528 4274 618 4329 sit.
664 4273 720 4329 Si
750 4274 881 4330 illud
922 4276 1088 4346 probe
1131 4278 1430 4349 sciremus,
1475 4288 1764 4353 numquam

166 4378 275 4418 nos
328 4364 741 4435 ulcisceremur,
787 4382 893 4423 non
939 4383 1279 4439 precaremur
1322 4381 1507 4428 contra
1556 4376 1718 4430 alium
1748 4415 1765 4445 ,

234 4536 313 4599 (a)
350 4537 405 4587 lu
444 4537 567 4588 hanc
591 4537 965 4603 pulcherrimam
988 4542 1280 4593 sententiam
1316 4548 1585 4598 orationem
1619 4551 1770 4603 edidit

161 4598 550 4668 Cbrysostomus
579 4598 741 4668 exsul,
766 4603 858 4653 hoc
876 4603 1035 4663 titulo,
1060 4606 1194 4665 Quod
1217 4620 1355 4657 nemo
1394 4608 1591 4661 laeditur
1623 4598 1718 4664 nisi
1734 4598 1769 4663 ‘d

164 4664 350 4724 seipse,
374 4675 521 4725 quam
538 4664 691 4713 habes
708 4676 854 4727 supra
876 4673 1022 4715 Tomo
1044 4664 1094 4728 3,
1116 4668 1212 4717 col.
1237 4670 1472 4721 $9460.

163 4787 2760 4816 W—

1175 268 1245 328 IN
1280 262 1687 328 MATTHEUM
1727 265 1960 327 HOMIL.
2003 270 2111 327 Lll.
2154 275 2227 329 al.
2268 272 2402 331 LIII.

3368 283 3473 342 5I8

1880 390 2029 459 gnari
2065 406 2169 446 non
2216 405 2374 461 posse
2403 406 2502 448 nos
2528 394 2669 448 malo
2697 393 2835 450 afﬁci
2865 396 2932 451 ab
2961 396 3084 452 alio.
3119 398 3301 470 Neque
3326 404 3477 460 enim

1879 483 2117 553 rapinam
2149 484 2277 553 pati,
2310 484 2403 539 sed
2424 482 2620 549 facere.
2651 486 2871 541 malum.
2895 487 2950 543 Si
2980 490 3221 560 rapuiSti,
3243 494 3469 564 teipsum

1877 583 2165 643 accusato;
2195 576 2276 631 sin
2306 591 2438 632 vero
2466 585 2552 631 tua
2593 577 2728 632 alius
2767 581 2961 648 rapuit,
2986 595 3203 650 precare
3246 600 3345 655 pro
3379 600 3471 640 ra-

1878 677 2048 737 ptore,
2082 667 2205 739 quia
2256 668 2347 723 tibi
2394 668 2624 724 maxime
2665 669 2884 740 profuit.
2918 670 3137 728 Etiamsi
3168 675 3311 730 enim
3360 694 3466 731 non

1877 761 1995 817 talis
2021 762 2088 815 sit
2114 776 2265 816 mens
2296 761 2457 827 illius,
2489 769 2634 817 certe
2665 772 2718 816 tu
2740 778 2983 833 magnam
3013 765 3290 822 utilitatem
3322 775 3473 825 acce-

1875 853 1996 923 pisti
2025 894 2039 918 ,
2074 853 2119 907 si
2150 851 2358 908 fortiter
2403 853 2608 908 tuleris.
2640 852 2791 908 Illum
2821 856 2961 910 enim
2992 865 3047 911 et
3073 857 3263 913 divinte
3291 868 3343 914 et
3369 861 3471 914 hu-

1874 957 2045 998 mana:
2063 943 2207 1013 leges
2239 944 2491 999 miserum
2525 945 2848 1014 praedicant;
2874 955 2926 1002 te
2951 961 3080 1002 vero
3104 948 3288 1004 laesum
3316 965 3473 1005 coro-

1874 1044 2003 1089 nant
2027 1042 2083 1089 ct
2110 1035 2404 1090 celebrant.
2445 1034 2628 1106 Neque
2655 1037 2796 1090 enim
2827 1037 2871 1091 si
2902 1038 3022 1107 quis
3047 1038 3355 1097 febricitans
3377 1056 3471 1097 vas

1872 1144 2006 1199 aqua
2037 1131 2251 1200 plenum
2282 1132 2519 1200 rapuerit
2546 1130 2612 1184 ab
2640 1132 2764 1199 alio,
2800 1139 2852 1186 et
2880 1134 3098 1188 noxiam
3131 1134 3344 1191 bibendi
3372 1144 3471 1192 ‘cu-

1874 1224 2152 1294 piditatem
2177 1225 2506 1297 expleverit,
2536 1227 2777 1283 dicemus
2821 1228 3005 1283 lassum
3042 1230 3191 1284 illum
3238 1232 3399 1286 fuisse
3434 1246 3467 1286 a

1872 1330 1977 1385 quo
2015 1325 2224 1385 raptum
2268 1332 2364 1372 vas
2391 1326 2494 1383 est,
2535 1317 2629 1372 sed
2672 1319 2849 1389 potius
2895 1320 3235 1389 rapientem:
3279 1321 3466 1377 febrim

1871 1408 2014 1463 enim
2061 1409 2233 1476 auxit,
2262 1409 2616 1479 morbumque
2644 1412 2903 1465 acriorem
2932 1412 3129 1468 effecit.
3154 1412 3264 1468 Iloc
3294 1413 3466 1484 ipsum

1870 1499 1938 1555 de
1964 1501 2305 1569 pecuniarum
2335 1510 2388 1556 et
2411 1516 2569 1572 opum
2596 1511 2809 1557 amante
2828 1514 3036 1573 reputa.
3059 1504 3191 1560 Nam
3235 1506 3320 1562 hic
3348 1507 3468 1576 plus

1870 1607 2027 1662 quam
2072 1593 2160 1648 ille
2184 1594 2318 1649 alius
2347 1593 2672 1659 febricitans,
2702 1610 2797 1665 per
2836 1596 2972 1651 hanc
3009 1600 3249 1667 rapinam
3271 1641 3284 1664 ,
3315 1614 3467 1654 suam

1870 1684 2105 1740 incendit
2136 1684 2426 1740 ﬂammam.
2472 1686 2538 1740 Et
2563 1686 2606 1741 si
2637 1688 2756 1756 quis
2795 1686 2980 1743 furens
3005 1690 3227 1760 abrepto
3266 1704 3299 1745 a
3329 1706 3467 1763 quo-

1870 1777 2009 1845 piam
2039 1776 2215 1847 gladio
2250 1793 2309 1833 se
2350 1778 2682 1845 confoderit,
2714 1780 2832 1849 quis
2863 1780 3021 1836 laesus
3060 1783 3175 1837 est?
3203 1783 3247 1837 is
3286 1786 3319 1838 a
3361 1799 3466 1855 quo

1869 1869 2123 1938 abreptus
2148 1869 2387 1939 gladius,
2419 1884 2485 1923 an
2515 1871 2604 1941 qui
2644 1870 2864 1940 rapuit?
2891 1871 2985 1926 llic
3024 1873 3225 1943 utique.
3259 1870 3334 1930 De
3370 1890 3461 1945 pe-

1868 1961 2146 2015 cuniarum
2174 1961 2332 2031 igitur
2358 1961 2540 2031 rapina
2572 1962 2798 2032 idipsum
2830 1962 3294 2033 cogitemus.Nam
3322 1967 3466 2035 quod

1870 2050 2065 2107 furenti
2096 2052 2300 2123 gladius
2342 2061 2453 2120 est,
2483 2052 2536 2108 id
2566 2064 2729 2108 avaro
2758 2053 2955 2109 divitia:
2999 2065 3161 2121 sunt;
3200 2056 3311 2110 imo
3348 2074 3467 2128 per-

1870 2145 2202 2201 niciosiores.
2231 2145 2363 2200 Nam
2393 2147 2481 2216 qui
2514 2144 2637 2201 furit
2662 2188 2677 2213 ,
2708 2155 2762 2201 et
2790 2161 2910 2202 sese
2958 2146 3137 2218 gladio
3190 2148 3465 2216 confodit,

1865 2240 1975 2313 jam
2010 2257 2038 2296 a
2068 2242 2244 2298 furore
2281 2240 2539 2297 liberatus
2582 2249 2664 2296 est
2687 2284 2702 2309 ,
2734 2252 2907 2311 neque
2950 2242 3243 2297 secundum
3274 2244 3466 2314 accipit

1871 2337 2068 2390 vulnus
2097 2349 2329 2390 :avarus
2364 2349 2491 2389 vero
2530 2334 2806 2388 innumera
2852 2332 3090 2403 quotidie
3129 2341 3184 2388 et
3220 2335 3464 2405 graviora

1867 2428 2064 2498 accipit
2089 2427 2328 2490 vulnera,
2367 2440 2475 2480 non
2503 2439 2624 2481 sese
2645 2424 2712 2479 ab
2742 2422 2843 2479 bac
2868 2424 3071 2479 insania
3100 2424 3352 2491 educens,
3370 2426 3465 2483 sed

1869 2521 2039 2592 magis
2064 2534 2265 2590 augens
2292 2520 2342 2573 in
2370 2519 2485 2574 dies
2512 2536 2527 2575 :
2559 2528 2613 2573 et
2638 2527 2835 2588 quanto
2864 2514 3013 2588 plura
3044 2519 3311 2588 acceperit
3342 2520 3465 2574 vul-

1870 2627 1997 2669 nera
2024 2654 2040 2680 ,
2074 2621 2221 2667 tanto
2250 2611 2418 2681 magis
2454 2612 2787 2666 occasionem
2818 2611 3024 2681 przebet
3049 2611 3217 2680 plagis
3242 2610 3464 2683 majori-

1869 2704 1989 2759 bus.
2019 2702 2146 2758 lIacc
2182 2717 2312 2773 ergo
2339 2703 2630 2773 cogitantes
2650 2744 2664 2769 ,
2695 2700 2961 2773 fugiamus
3008 2703 3149 2758 hunc
3189 2703 3420 2772 gladium
3446 2746 3461 2769 ,

1868 2793 2009 2850 hanc
2046 2795 2326 2859 insaniam,
2352 2802 2406 2849 et
2440 2808 2561 2849 sero
2590 2793 2800 2849 tandem
2834 2792 3132 2864 vigilemus.
3163 2793 3296 2849 Nam
3326 2794 3465 2852 hanc

1867 2895 2015 2942 certe
2043 2886 2289 2941 virtutem
2329 2886 2708 2942 continentiam
2735 2896 2880 2942 recte
2906 2901 3159 2942 vocemus
3181 2928 3196 2949 .
3228 2902 3332 2943 non
3358 2888 3464 2943 mi-

1869 2995 1972 3036 nus
2011 2995 2169 3051 quam
2216 2978 2357 3035 illam
2406 2995 2526 3051 quas
2570 2979 2648 3034 sic
2695 2980 2894 3050 passim
2928 2986 3167 3035 vocatur.
3214 2980 3285 3036 Ibi
3317 2982 3462 3036 enim

1868 3082 2054 3129 contra
2096 3087 2253 3128 unam
2297 3071 2743 3141 concupiscentia:
2787 3071 3123 3143 tyrannidem
3156 3081 3461 3143 pugnatur,

1869 3162 1956 3219 hic
1978 3177 2108 3219 vero
2121 3164 2315 3218 multas
2333 3177 2397 3217 ac
2421 3163 2659 3218 diversas
2683 3162 3003 3232 cupiditates
3027 3178 3282 3233 superare
3305 3178 3465 3235 opor~

1868 3260 1964 3313 tet.
1989 3257 2157 3313 Nemo
2182 3257 2345 3322 enim,
2370 3269 2529 3311 nemo
2554 3255 2769 3312 stultior
2796 3268 2863 3312 co
2893 3256 2981 3326 qui
3006 3255 3315 3311 divitiarum
3345 3270 3476 3311 εον-υ

1869 3364 1966 3405 vus
1993 3357 2095 3405 est.
2134 3348 2403 3417 Imperare
2444 3346 2545 3403 sibi
2591 3347 2841 3412 videtur,
2888 3348 3016 3402 dum
3055 3347 3300 3403 subditus
3334 3358 3460 3413 est;

1868 3442 2132 3498 dominari
2160 3440 2373 3496 videtur
2395 3481 2411 3507 ,
2443 3454 2564 3495 cum
2612 3440 2682 3495 sit
2726 3454 2949 3505 servus;
2982 3438 3109 3494 dum
3137 3453 3197 3495 se
3237 3440 3462 3497 vinculis

1868 3533 2212 3604 constringit,
2261 3530 2489 3603 gaudet;
2517 3546 2639 3587 cum
2681 3531 2944 3586 acriorem
2994 3530 3161 3585 feram
3200 3530 3458 3597 reddidit,

1870 3628 2118 3689 laetatur;
2148 3638 2270 3679 cum
2299 3623 2545 3693 captivus
2570 3621 2802 3687 ducitur,
2833 3620 3099 3686 exsultat;
3121 3636 3185 3677 ac
3213 3621 3341 3677 dum
3386 3624 3463 3677 vi-

1869 3717 1959 3773 det
2006 3728 2193 3772 canem
2242 3714 2487 3769 rabidum
2535 3714 2588 3768 in
2634 3712 2865 3766 animam
2909 3726 3058 3766 suam
3103 3712 3455 3776 insilientem.

1867 3826 1992 3868 cum
2021 3816 2293 3879 oporteret
2314 3806 2461 3863 illum
2489 3807 2652 3878 ligare
2665 3816 2721 3862 et
2741 3804 2881 3862 fame
2903 3807 3163 3876 cruciare,
3190 3807 3289 3877 ipsi
3317 3807 3464 3878 large

1869 3902 2045 3959 cibum
2070 3898 2395 3971 suppeditat,
2426 3906 2484 3954 ut
2510 3897 2880 3953 vehementius
2920 3896 3121 3953 insiliat
3158 3907 3211 3952 et
3234 3897 3464 3953 ferocior

1870 3997 1961 4052 sit.
1987 3995 2113 4050 Hrec
2140 3994 2320 4063 itaque
2360 3990 2539 4047 omnia
2568 3990 2887 4061 cogitantes,
2916 3988 3127 4045 vincula
3166 3990 3463 4057 solvamus,

1870 4087 2039 4144 feram
2069 4083 2397 4149 occidamus,
2420 4081 2665 4137 morbum
2698 4080 2960 4151 pellamus
2984 4121 2998 4145 ,
3034 4080 3276 4136 furorem
3320 4079 3463 4136 hunc

1872 4179 2169 4251 ejiciamus,
2202 4185 2261 4231 ut
2304 4173 2681 4245 tranquillitate
2719 4181 2774 4228 et
2817 4187 2946 4243 pura
2986 4172 3292 4228 valetudine
3317 4173 3461 4228 frua-

1874 4288 2012 4339 mur,
2040 4278 2246 4326 etcum
2289 4267 2455 4322 multa
2496 4265 2766 4335 voluptate
2804 4264 2872 4317 ad
2911 4263 3249 4333 tranquillum
3276 4264 3464 4333 appel-

1874 4364 2046 4420 lentes
2073 4370 2306 4433 portum,
2325 4368 2523 4414 aeterna
2548 4358 2683 4412 bona
2709 4357 3067 4427 adipiscamur
3085 4374 3100 4410 :
3121 4372 3240 4426 quae
3261 4357 3465 4413 utinam

1873 4469 2060 4512 omnes
2085 4467 2453 4524 assequamur,
2482 4450 2651 4521 gratia
2681 4458 2733 4503 et
2767 4448 3090 4518 benignitate
3123 4448 3330 4503 Domini
3371 4465 3463 4505 no-

1873 4547 2107 4605 striJesu
2129 4544 2344 4609 Christi,
2368 4542 2453 4597 cui
2484 4540 2646 4612 gloria
2672 4550 2729 4595 et
2754 4539 3215 4610 imperium,nunc
3238 4549 3292 4596 et
3320 4555 3462 4597 sem-

1878 4657 1991 4713 per,
2014 4649 2067 4696 et
2088 4639 2141 4693 in
2165 4636 2357 4692 saacula
2380 4634 2718 4690 scecnlornm.
2741 4634 2932 4687 Amen.

3233 4790 3455 4803 ψ

1398 4866 1742 4938 HOMILIA
1789 4879 1918 4940 LII.
1976 4875 2063 4938 al.
2104 4871 2264 4933 Llll.

158 5013 303 5070 Cur.
330 5014 417 5070 15.
440 5029 493 5070 v.
514 5002 605 5069 21.
630 5013 695 5068 Et
720 5022 947 5087 egressus
979 5011 1097 5073 inde
1114 5018 1288 5089 Jesus,
1309 5024 1508 5078 secessit
1529 5026 1581 5079 in
1604 5035 1771 5095 partes
1863 5014 2034 5087 aperit
2060 5030 2072 5067 :
2099 5006 2549 5083 quemadmodum
2579 5016 2635 5061 et
2672 5003 2892 5095 Petrus,
2931 5015 3053 5054 cum
3079 4995 3449 5095 primumut.”

240 5103 373 5175 Tyri
398 5116 443 5159 et
465 5108 692 5164 Sidonis.
719 5109 808 5163 22.
834 5110 903 5163 Et
927 5128 1037 5166 ecce
1057 5114 1236 5168 mulier
1256 5114 1545 5172 Citananwa
1570 5135 1769 5190 egressa

242 5214 310 5251 ea:
339 5197 523 5265 ﬁnibus
556 5202 681 5265 suis,
723 5202 957 5257 clamavit
996 5206 1167 5260 dicens
1205 5209 1251 5261 ei
1293 5223 1312 5261 :
1355 5208 1593 5265 Miserere
1632 5212 1763 5278 mei,

242 5287 463 5343 Domine
483 5290 559 5357 [ili
581 5290 781 5356 David;
803 5294 911 5360 [ilia
931 5310 1041 5348 mea
1062 5297 1192 5350 male
1212 5314 1242 5349 a
1263 5298 1512 5354 darmonio
1534 5311 1763 5358 vexatur.

243 5381 298 5434 1.
327 5379 433 5434 Cur
453 5380 682 5439 Christus
717 5395 887 5455 gentes
920 5386 1066 5441 adiit.
1093 5416 1163 5427 --
1196 5388 1404 5446 Marcus
1448 5403 1626 5447 antem
1669 5394 1763 5459 ait,

163 5486 347 5543 ipsum
379 5470 546 5530 latere
574 5492 680 5533 non
711 5478 981 5548 potuisse;
1014 5495 1135 5535 cum
1172 5480 1223 5535 in
1270 5482 1486 5538 domum
1532 5484 1765 5540 venisset

160 5563 376 5636 (Marc.
409 5568 463 5623 7.
502 5567 627 5638 24).
665 5568 773 5625 Cur
801 5582 976 5626 autem
1018 5572 1070 5627 in
1109 5582 1288 5643 partes
1332 5575 1447 5630 illas
1492 5576 1763 5647 prolectus

162 5664 291 5719 esti
325 5660 551 5731 Quando
581 5662 825 5718 liberavit
852 5678 948 5719 eos
973 5664 1040 5719 ab
1069 5666 1441 5723 observatione
1478 5668 1716 5723 ciborum
1739 5709 1755 5733 .

167 5765 305 5811 tunc
328 5752 516 5811 eadem
544 5753 629 5807 via
659 5768 987 5826 progressus,
1020 5756 1267 5825 gentibus
1295 5773 1505 5830 quoque
1543 5758 1758 5831 ianuam

503 5859 775 5920 Ρηιιοι..
823 5858 941 5920 Gn.
996 5859 1208 5921 LVIII.

1866 5109 2025 5165 betur
2076 5104 2216 5160 hanc
2259 5102 2430 5172 legem
2474 5098 2705 5160 solvere,
2758 5093 2985 5149 mittitur
3030 5089 3096 5144 ad
3139 5087 3449 5163 Cornelium

1867 5200 2009 5271 (Act.
2042 5198 2153 5266 10).
2187 5194 2242 5251 Si
2279 5194 2399 5264 quis
2430 5204 2561 5246 vero
2607 5188 2823 5251 dixerit,
2849 5184 2959 5238 Cur
3002 5196 3131 5252 ergo
3170 5179 3261 5250 qui

1866 5270 2013 5362 pulis
2037 5289 2187 5353 dicit,
2210 5287 2273 5340 In
2296 5286 2427 5338 viam
2448 5281 2669 5354 gentium
2688 5294 2751 5332 ne
2777 5275 2999 5330 abieritis
3016 5271 3233 5343 (Matth.
3257 5270 3345 5326 10.
3366 5271 3424 5339 5)
3456 5308 3469 5324 .

1869 5383 2008 5438 banc
2049 5383 2165 5452 ipse
2209 5378 2350 5431 viam
2378 5373 2527 5429 adit?
2556 5371 2729 5443 primo
2751 5366 2969 5440 quidem
2998 5364 3127 5419 illud
3156 5362 3449 5432 responde-

1867 5474 2065 5537 bimus,
2118 5484 2224 5525 non
2272 5467 2585 5522 adstrictum
2632 5461 2780 5517 illum
2820 5460 2888 5515 iis
2934 5455 3211 5512 servandis
3261 5453 3460 5511 fuisse.

1867 5583 1986 5637 quae
2012 5562 2291 5634 discipulis
2319 5558 2603 5631 praecepit;
2632 5552 2892 5618 secundo,
2918 5551 3065 5606 illum
3089 5564 3195 5603 non
3222 5557 3281 5603 ut
3309 5562 3453 5617 prac-

1866 5663 2166 5718 dicaturum
2196 5656 2289 5713 illo
2313 5653 2537 5717 abiisse;
2561 5649 2703 5722 quod
2729 5645 3071 5703 subindicans
3084 5639 3454 5698 Marcusdice-

1867 5755 1977 5824 bat,
1997 5753 2118 5825 quia
2136 5748 2423 5808 occultavit
2452 5746 2684 5816 seipsum
2705 5752 2753 5800 et
2780 5757 2884 5797 non
2904 5739 3071 5796 lati-re
3092 5734 3279 5806 potuit.
3298 5730 3451 5786 Sicut

3105 5856 3142 5915 Ε
