3908 6198
491 244 593 299 519

485 354 628 411 enim
655 369 833 412 rerum
861 353 1242 422 consequentia
1270 353 1605 423 postulabat,
1646 363 1701 408 ut
1744 369 1809 410 ne
1848 353 1913 408 ad
1958 354 2075 409 illos

484 445 688 518 primos
706 453 1013 502 accurreret
1040 461 1055 499 :
1082 445 1160 500 sic
1180 444 1498 501 accedentes
1517 445 1778 523 repellere
1803 444 2073 515 indignum

482 548 600 596 erat
630 538 772 595 illius
799 537 1145 608 benignitate.
1170 537 1301 593 Nam
1325 539 1368 592 si
1399 537 1661 609 fugientes
1686 538 1890 607 insequi
1916 553 2075 608 opor-

484 631 629 688 tebat
647 674 664 699 ,
710 631 880 687 multo
907 631 1076 701 magis
1104 631 1443 700 insequentes
1486 629 1666 700 fugere
1695 646 1801 684 non
1830 630 2069 685 decebat.

486 725 616 782 Vide
643 724 804 796 igitur
828 723 1098 795 quomodo
1121 724 1265 779 omni
1294 724 1554 779 beneﬁcio
1578 723 1734 793 digna
1763 724 1831 778 sit
1857 724 2068 779 mulier.

480 817 662 889 Neque
691 816 834 872 enim
864 831 990 870 ausa
1022 825 1103 870 est
1132 815 1314 871 venire
1348 815 1734 887 Jerosolymam
1755 857 1769 880 ,
1800 815 1990 870 timens
2016 825 2070 871 et

479 924 538 964 se
570 924 631 963 re
672 907 762 963 illa
806 907 1073 978 indignam
1109 914 1381 976 reputans.
1421 906 1532 960 Nisi
1558 904 1699 960 enim
1732 906 1830 961 hoc
1852 906 2067 962 detenta

480 1010 626 1055 metu
653 999 871 1064 fuisset,
914 1008 1133 1054 ventura
1162 998 1254 1053 illo
1277 1007 1423 1064 erat,
1456 1005 1512 1051 ut
1538 1011 1603 1051 ex
1632 996 1881 1068 prmsenti
1908 995 2068 1052 vehe-

480 1092 674 1147 mentia
699 1091 885 1162 liquet,
909 1098 966 1146 et
984 1106 1053 1146 ex
1073 1104 1138 1144 eo
1164 1088 1305 1159 quod
1332 1088 1465 1143 ﬁnes
1489 1102 1615 1142 suos
1640 1102 1854 1158 egressa
1884 1088 2061 1142 fuerit.

477 1182 700 1249 Quidam
718 1197 843 1237 vero
860 1180 976 1237 hzec
991 1179 1276 1249 allegorice
1292 1179 1617 1250 explicantes
1632 1178 1834 1246 dicunt,
1850 1180 2063 1250 quando

476 1295 540 1333 cx
567 1276 751 1334 Judzea
780 1290 1028 1347 egressus
1055 1284 1137 1330 est
1162 1273 1419 1340 Christus,
1457 1282 1581 1328 tunc
1618 1272 1686 1328 ad
1727 1273 1875 1328 illum
1905 1288 2060 1328 accc-

475 1372 602 1426 dere
626 1384 810 1425 ausam
837 1383 957 1424 esse
984 1367 1318 1433 Ecclesium,
1355 1380 1473 1435 qua:
1511 1373 1565 1420 et
1608 1364 1720 1435 ipsa
1759 1381 1826 1420 ex
1869 1364 2060 1419 ﬁnibus

473 1461 584 1517 suis
608 1474 820 1531 egressa
847 1458 1063 1524 est;.ait
1081 1458 1222 1512 enim
1255 1474 1267 1510 :
1295 1455 1598 1511 Ubliviscere
1623 1456 1869 1527 populum
1896 1467 2054 1521 tuum,

472 1566 518 1609 et
546 1554 753 1609 domum
780 1554 940 1625 patris
965 1553 1040 1606 tui
1065 1551 1083 1621 (
1106 1551 1249 1607 Psal.
1280 1552 1370 1607 44.
1403 1552 1461 1606 ll
1484 1548 1526 1623 ).
1564 1550 1695 1605 Nam
1725 1550 1968 1606 Christus
1992 1567 2059 1606 ex

474 1645 665 1700 ﬁnibus
681 1644 793 1698 suis
812 1644 1068 1710 excessit,
1094 1651 1146 1697 et
1170 1643 1366 1698 mulier
1380 1658 1589 1713 quoque
1609 1658 1674 1699 ex
1697 1642 1892 1698 ﬁnibus
1910 1644 2021 1697 suis
2041 1660 2054 1696 :

470 1747 521 1792 ct
548 1736 627 1792 sic
658 1743 944 1804 potuerunt
969 1751 1070 1789 una
1097 1734 1348 1804 colloqui.
1374 1733 1507 1787 Ecce
1534 1734 1707 1800 enim,
1739 1734 1846 1797 ait,
1876 1733 2057 1787 mulier

464 1829 760 1884 Chanantea
793 1844 993 1901 egressa
1031 1844 1094 1881 ex
1131 1826 1315 1896 finibus
1353 1827 1478 1881 suis.
1511 1828 1739 1881 Accusat
1778 1825 2053 1880 mulierem

470 1923 790 1993 evangelista
808 1961 824 1988 ,
852 1932 909 1975 ut
933 1920 1179 1976 Ostendat
1211 1918 1558 1983 miraculum,
1588 1918 1863 1988 ipsamque
1888 1918 2054 1987 magis

470 2014 740 2084 prwdicet.
770 2012 982 2068 Etenim
1010 2026 1131 2064 cum
1154 2009 1729 2076 audlsChananteam,
1771 2008 2054 2064 recordare

468 2107 705 2180 gentium
720 2105 1268 2174 .illaruminiquarum
1290 2144 1303 2166 ,
1343 2118 1461 2173 qua:
1488 2103 1645 2156 etiam
1683 2102 1825 2172 leges
1852 2111 2053 2157 natura:

469 2218 499 2258 a
528 2200 896 2257 fundamentis
923 2208 1243 2254 everterant.
1285 2198 1500 2252 Illorum
1539 2212 1668 2252 vero
1706 2197 2050 2264 recordatus,

469 2294 640 2365 cogita
661 2293 766 2348 vim
788 2291 983 2348 Christi
1012 2291 1289 2346 adventus.
1318 2290 1417 2357 Qui
1445 2290 1584 2344 enim
1613 2289 1769 2360 ejecti
1797 2300 1920 2345 sunt
1938 2331 1951 2355 ,
1985 2306 2052 2346 ne

467 2386 680 2442 Judteos
707 2393 1107 2456 perverterent,
1142 2384 1194 2438 hi
1223 2383 1356 2438 adeo
1389 2382 1586 2438 Judaeis
1615 2383 1899 2438 meliores’
1932 2381 2045 2437 fue—

467 2488 679 2548 runt,ut
697 2478 853 2535 etiam
871 2494 939 2533 ex
965 2477 1158 2531 ﬁnibus
1177 2477 1288 2531 suis
1308 2475 1506 2547 egressi
1530 2473 1795 2531 Christum
1821 2474 2047 2542 adirent,

465 2571 593 2627 dum
621 2569 791 2627 Judaei
821 2569 967 2624 illum
998 2569 1064 2623 ad
1090 2583 1147 2623 se
1177 2568 1476 2622 venientem
1505 2566 1847 2636 repellerent.
1876 2567 2048 2622 Acce-

462 2665 597 2722 dens
632 2677 761 2735 ergo
799 2661 930 2718 nihil
972 2660 1112 2716 aliud
1159 2660 1319 2728 dixit,
1367 2660 1500 2723 nisi,
1543 2659 1788 2713 Miserere
1825 2658 1955 2725 mei,
1996 2667 2051 2714 et

464 2758 697 2814 clamore
724 2771 1097 2827 suomagnum
1129 2754 1695 2809 theatrumeonvocat.
1734 2749 1865 2807 Erat
1905 2752 2047 2808 enim

465 2850 765 2908 miserabile
794 2850 1151 2920 spectaculum
1176 2890 1189 2913 ,
1232 2848 1510 2903 mulierem
1540 2863 1765 2903 cernere
1804 2862 1922 2903 cum
1964 2846 2045 2901 af-

466 2947 603 3002 fectu
635 2946 1159 3009 tantoclamantem,
1188 2951 1241 2998 et
1265 2941 1540 2997 mulierem
1572 2950 1794 2996 matrem
1825 2955 1920 3011 pro
1942 2940 2046 2995 ﬁlia

463 3041 846 3111 supplicantem
888 3038 1098 3101 videre,
1139 3052 1235 3107 pro
1276 3037 1417 3103 ﬁlia,
1468 3038 1714 3107 inquam,
1762 3046 1866 3091 tam
1909 3037 2048 3092 male

462 3134 671 3189 atl‘ecta.
700 3131 881 3203 Neque
910 3134 1051 3187 enim
1079 3142 1209 3186 ausa
1236 3130 1331 3185 fuit
1361 3131 1414 3186 in
1441 3130 1670 3200 Magistri
1701 3140 2044 3200 conspectum

460 3227 842 3282 thrmoniacam
881 3225 1146 3280 adducere
1176 3242 1188 3279 :
1219 3224 1313 3280 sed
1356 3224 1446 3278 illa
1483 3223 1626 3279 domi
1668 3224 1885 3290 relicta,
1932 3224 2043 3293 ipsa

460 3337 518 3374 se
545 3320 837 3389 supplicem
854 3318 1022 3382 sistit,
1047 3316 1397 3386 morbumque
1418 3323 1617 3370 tantum
1638 3323 2043 3380 commemorat,

462 3413 591 3467 nihil
617 3412 845 3483 amplius
872 3410 1157 3481 adjiciens;
1204 3423 1375 3479 neque
1415 3407 1674 3462 medicqu
1713 3406 1929 3461 domum
1962 3415 2046 3460 at-

462 3505 654 3571 trahit,
697 3504 834 3559 sicut
870 3502 1082 3573 regulus
1120 3500 1239 3564 ille,
1278 3499 1367 3569 qui
1396 3497 1608 3553 dicebat
1640 3515 1652 3550 :
1696 3496 1821 3552 Veni
1861 3508 1907 3552 et
1948 3498 2045 3551 im-

460 3613 590 3667 pone
617 3611 827 3651 manant
858 3603 1026 3661 tuam,
1069 3602 1115 3647 et
1143 3591 1386 3646 descende
1412 3601 1678 3661 antequam
1708 3590 1952 3643 moriatur
1978 3590 2044 3658 fi-

460 3692 558 3744 lius
583 3703 721 3745 meus
751 3686 942 3759 (Ioan.
972 3687 1027 3741 4.
1050 3683 1157 3753 49)
1187 3702 1200 3738 :
1224 3682 1317 3738 sed
1344 3682 1641 3737 calamitate
1660 3696 1750 3735 sua
1779 3680 2042 3749 exposita,

458 3793 513 3839 et
538 3782 709 3838 morbi
737 3777 1134 3850 magnitudine,
1168 3773 1586 3831 misericordiam
1620 3771 1825 3826 Domini
1855 3785 2047 3841 magno

459 3875 694 3929 clamore
738 3871 986 3941 implorat
1029 3884 1044 3922 :
1094 3882 1193 3924 nec
1221 3866 1381 3932 dicit,
1422 3864 1676 3920 Miserere
1717 3863 1838 3918 ﬁlia:
1877 3878 2043 3926 meae,

459 3967 556 4023 sed
575 4007 594 4031 ,
624 3966 868 4021 Miserere
891 3964 1009 4019 mei.
1042 3960 1133 4017 llla
1161 3961 1358 4032 quippe
1387 3959 1558 4014 morbi
1587 3972 1801 4013 sensum
1844 3957 2044 4012 nullum

461 4056 653 4123 habet;
683 4070 785 4127 ego
809 4068 938 4111 vero
967 4053 1156 4109 millies
1184 4050 1497 4113 discrucior,
1540 4050 1591 4104 in
1632 4064 1846 4104 sensum
1888 4049 2046 4119 a‘gri-

465 4150 661 4207 tudinis
684 4150 863 4215 venio,
901 4156 956 4204 et
991 4148 1106 4203 viso
1141 4148 1331 4202 morbo
1370 4145 1593 4201 insanio.
1633 4144 1722 4201 25.
1756 4143 1856 4199 Ille
1881 4154 2048 4199 autem

462 4260 564 4298 non
589 4241 849 4314 respondit
878 4242 923 4296 ei
952 4240 1174 4296 verbum.
1200 4238 1369 4306 Quam
1401 4252 1594 4291 novum
1620 4235 1727 4292 hoc
1748 4247 1808 4292 et
1837 4237 2043 4291 inaudi-

464 4336 606 4393 tum!
638 4334 853 4392 Judaios
880 4343 935 4390 et
973 4332 1208 4404 ingratos
1247 4330 1482 4392 inducit,
1520 4336 1575 4385 et
1612 4329 2049 4400 hlaspbemantes

466 4436 648 4499 rogat,
694 4436 750 4483 et
801 4434 1066 4482 tentantes
1106 4438 1211 4479 non
1255 4422 1478 4478 dimittit
1519 4437 1532 4476 :
1574 4420 1710 4475 hanc
1754 4435 1883 4475 vero
1929 4436 2048 4490 qua:

462 4519 530 4575 ad
558 4520 731 4589 ipsum
759 4518 1023 4583 accurrit,
1053 4530 1172 4586 qua:
1209 4524 1360 4585 rogat
1387 4522 1440 4569 et
1466 4512 1761 4584 supplicat,
1793 4527 1912 4582 quze
1950 4526 2048 4566 nec

466 4612 519 4665 in
549 4610 665 4680 lege
694 4623 793 4666 nec
823 4609 875 4665 in
907 4606 1179 4679 prophetis
1208 4608 1459 4671 educata,
1504 4611 1706 4658 tantam
1731 4611 1907 4657 tamen
1940 4602 2048 4670 pie-

467 4712 629 4758 tatem
656 4702 894 4775 exhibet,
924 4714 990 4754 nc
1014 4698 1363 4769 responsione
1386 4694 1598 4766 quidem
1629 4694 1890 4763 dignatur.
1921 4693 2048 4760 Quis

464 4811 571 4852 non
602 4794 838 4850 oll‘ensus
864 4792 1047 4849 fuisset
1066 4832 1082 4858 ,
1110 4791 1262 4845 fama:
1292 4788 1456 4859 ipsius
1484 4802 1597 4843 rem
1635 4788 1704 4842 ita
1729 4787 2049 4841 contrariam

467 4887 694 4944 videns?
722 4885 1015 4941 Audierant
1054 4882 1231 4948 enim,
1273 4881 1445 4950 ipsum
1488 4877 1635 4933 vicos
1673 4875 2052 4934 circumeundo

466 4979 686 5036 morbos
704 4990 893 5033 curare
915 4992 929 5030 :
953 4975 1091 5029 hanc
1117 4986 1247 5028 vero
1264 4968 1607 5027 accedentem
1624 4968 1862 5040 depellit.
1880 4970 2048 5036 anm

465 5090 572 5128 non
612 5073 849 5127 ﬂexisset
886 5067 1104 5124 morbus
1143 5065 1262 5122 talis
1301 5075 1462 5136 atque
1501 5064 1845 5135 supplicatio,
1890 5079 2050 5135 quam

465 5162 741 5218 emittebat
764 5176 859 5233 pro
880 5159 986 5215 ﬁlia
1005 5169 1111 5215 tam
1133 5157 1274 5214 male
1292 5157 1520 5214 affecta?
1539 5155 1719 5227 Neque
1738 5158 1880 5213 enim
1901 5158 2052 5228 quasi

471 5256 628 5323 digna
658 5252 938 5317 beneﬁcio.
958 5263 1013 5309 et
1040 5253 1190 5324 quasi
1221 5251 1460 5307 debitum
1492 5249 1770 5320 postulans
1795 5250 2046 5315 accessit,

473 5346 568 5401 sed
602 5344 1024 5402 misericordiam
1052 5345 1286 5417 petebat,
1312 5353 1367 5400 et
1386 5343 1741 5402 calamitatem
1772 5358 1922 5399 suam
1948 5353 2056 5399 tra-

481 5438 597 5508 gice
640 5439 924 5506 narrabat,
965 5454 1138 5510 neque
1177 5449 1353 5494 tamen
1394 5440 1743 5509 responsione
1785 5439 2051 5510 dignatur.

481 5530 627 5586 Multi
666 5529 892 5586 fortasse
928 5544 994 5584 ex
1025 5529 1362 5587 audientibus
1398 5530 1586 5587 oll‘ensi
1623 5540 1749 5587 sunt
1778 5548 1791 5585 :
1822 5531 1909 5585 illa
1949 5546 2054 5585 non

543 5684 557 5713 ί
583 5681 697 5734 Mss.
721 5680 919 5748 plurimi
937 5683 1135 5744 habent,
1159 5684 1485 5748 sapientiores,
1510 5697 1617 5748 pro,
1640 5681 1883 5737 meliores.

1235 237 1290 293 S.
1330 237 1604 295 JOANNIS
1627 238 2096 296 CHRYSOSTOMI
2139 241 2456 303 ABCHIEP.
2497 248 3026 312 CONSTANTINOP.

3659 264 3756 320 5ῖο

2183 356 2332 413 item.
2368 358 2571 433 Ecquid
2610 364 2761 434 dico,
2791 383 2854 424 ex
2885 370 3259 432 audientibus?
3285 373 3418 431 Nam
3444 388 3577 447 puto
3607 380 3748 436 disci-

2182 450 2333 539 pulos
2356 452 2500 523 ipsos
2515 454 2582 510 de
2602 457 2902 514 calamitate
2922 461 3160 518 mulieris
3185 464 3406 521 affectos
3430 468 3757 539 turbatosque

2179 537 2361 597 fuisse.
2392 542 2573 614 Neque
2601 555 2809 616 tamen,
2843 550 3040 606 turbati
3068 552 3225 621 licet,
3254 554 3435 612 dicere
3463 558 3579 612 ausi
3606 537 3753 614 sunt:

2180 630 2326 688 Ilanc
2367 633 2444 688 illi
2483 638 2716 694 concede
2742 641 2969 710 gratiam
3009 659 3025 699 :
3064 645 3159 701 sed
3198 646 3500 704 Accedentes
3533 650 3760 720 discipuli

2174 723 2419 793 rogabant
2441 741 2553 779 eum
2582 728 2802 784 dicentes
2824 747 2843 785 :
2869 730 3081 788 Dimitte
3110 734 3273 803 illam,
3301 739 3419 808 quia
3446 738 3634 794 clamat
3656 753 3762 811 post

2174 829 2283 867 nos.
2313 813 2422 870 Nos
2450 817 2595 872 enim
2624 834 2745 874 cum
2776 821 3020 879 volumus
3044 824 3241 896 aliquid
3269 831 3498 884 suadere
3516 871 3532 897 ,
3559 842 3759 886 contra-

2173 903 2253 957 ria
2292 918 2436 975 saepe
2472 906 2701 966 dicimus
2731 926 2745 963 :
2777 910 3022 969 Christus
3050 930 3177 971 vero
3207 919 3280 972 ait
3309 936 3321 971 :
3350 919 3439 974 94.
3489 919 3610 974 Non
3653 937 3755 975 sum

2173 993 2353 1049 missus
2385 997 2481 1051 nisi
2507 999 2576 1051 ad
2604 1014 2716 1055 oves
2741 1017 2854 1069 qua:
2877 1004 3130 1072 perierunt
3159 1009 3335 1064 domus
3363 1009 3550 1065 Israel.

2238 1086 2293 1139 2.
2323 1088 2457 1154 Quid
2489 1091 2647 1161 igitur
2674 1094 2905 1150 mulier?
2944 1112 3010 1152 an
3049 1113 3169 1154 cum
3214 1104 3325 1157 haec
3362 1104 3635 1172 audisset,
3675 1116 3747 1159 ta-

2170 1178 2316 1232 cuit?
2335 1196 2400 1233 au
2426 1181 2707 1238 discessit?
2730 1200 2796 1239 an
2819 1188 3050 1243 studium
3072 1200 3126 1246 et
3148 1192 3379 1246 animum
3406 1199 3747 1265 compressit!

2164 1268 2413 1337 Minime;
2457 1272 2564 1327 imo
2604 1278 2774 1345 magis
2810 1278 3059 1334 instabat.
3098 1281 3294 1338 Verum
3333 1284 3472 1339 haud
3514 1286 3588 1341 ita
3623 1302 3745 1353 nos;

2164 1361 2258 1417 sed
2288 1377 2407 1417 cum
2436 1366 2699 1434 postulata
2727 1384 2833 1423 non
2858 1373 3213 1443 assequimur,
3242 1376 3549 1433 desistimus
3569 1420 3583 1443 ,
3628 1396 3745 1436 cum

2164 1456 2333 1526 magis
2372 1456 2569 1514 instare
2605 1474 2701 1529 par
2737 1472 2898 1517 esset.
2938 1464 3100 1535 Atqui
3142 1482 3301 1537 quem
3330 1484 3437 1524 non
3467 1470 3744 1540 dejecisset

2161 1545 2361 1602 dictum
2400 1548 2742 1620 hujusmodi?
2770 1551 2947 1627 Ipsum
2976 1556 3243 1612 silentium
3269 1570 3478 1629 poterat
3515 1561 3659 1616 illam
3696 1564 3742 1617 in

2160 1639 2588 1711 desperationem
2617 1646 2915 1716 conjicere;
2956 1649 3231 1720 multoque
3264 1652 3431 1724 magis
3470 1657 3743 1725 responsio

2162 1733 2303 1788 talis.
2322 1731 2455 1788 Nam
2475 1748 2595 1789 cum
2614 1748 2867 1806 patronos
2887 1753 3012 1794 suos
3037 1754 3222 1797 secum
3243 1743 3508 1813 repulsam
3536 1748 3647 1817 pati
3668 1750 3739 1802 vi—

2158 1822 2664 1898 deret,audiretque,
2680 1844 2792 1884 rem
2812 1829 2926 1885 ﬁeri
2944 1845 3047 1885 non
3068 1831 3305 1901 posse,in
3320 1833 3742 1905 desperationem

2157 1919 2504 1989 assequendae
2531 1921 2606 1976 rei
2637 1922 2828 1991 conjici
2872 1931 3096 1994 poterat.
3130 1926 3376 1981 Attamen
3417 1941 3523 1982 non
3568 1930 3741 1985 animo

2156 2008 2351 2064 defecit
2374 2011 2597 2078 mulier;
2632 2012 2726 2068 sed
2767 2014 2855 2068 ubi
2887 2014 3036 2080 vidit,
3074 2015 3203 2069 nihil
3226 2025 3477 2087 patronos
3507 2017 3739 2084 efﬁcere,

2155 2114 2254 2155 ceu
2273 2101 2597 2171 impudentia
2620 2102 2902 2159 laudabili‘
2927 2120 3019 2161 usa
3040 2107 3315 2162 est.Antea
3333 2107 3384 2162 in
3399 2119 3739 2180 conspectum

2155 2192 2337 2247 venire
2365 2207 2472 2247 non
2500 2193 2729 2250 audebat
2768 2212 2781 2247 :
2808 2192 3027 2263 Clamat,
3054 2197 3317 2267 inquiunt,
3341 2208 3454 2268 post
3474 2215 3567 2253 nos
3583 2215 3605 2263 ;
3623 2216 3739 2254 cum

2156 2293 2332 2339 autem
2350 2285 2640 2341 verisimile
2667 2285 2954 2352 videretur,
2978 2286 3149 2357 ipsam
3164 2289 3330 2343 animi
3354 2289 3567 2345 dubiam
3599 2300 3739 2345 retro

2155 2388 2449 2441 cessuram,
2476 2386 2599 2431 tunc
2613 2375 2701 2430 illa
2726 2378 2941 2447 propius
2967 2380 3212 2445 accessit,
3239 2389 3291 2434 et
3316 2379 3546 2435 adorans
3566 2381 3699 2436 dixit
3723 2400 3736 2435 :

2152 2466 2243 2523 25.
2276 2465 2511 2534 Domine,
2542 2469 2729 2539 adjuva
2757 2486 2852 2524 me.
2873 2471 3009 2538 Quid
3037 2470 3140 2527 hoc
3162 2480 3271 2539 est,
3296 2486 3332 2526 0
3358 2473 3585 2528 mulier?
3614 2490 3735 2528 num

2154 2558 2411 2630 majorem
2439 2558 2623 2627 habes,
2648 2575 2805 2631 quam
2830 2563 3077 2631 apostoli,
3106 2561 3389 2618 ﬁduciam?
3414 2580 3539 2619 num
3573 2564 3738 2634 majo-

2153 2665 2265 2707 rem
2295 2650 2693 2709 fortitudinem?
2719 2652 2985 2710 Fiduciam
3006 2664 3061 2712 et
3084 2655 3441 2712 fortitudinem
3480 2659 3700 2714 minime
3718 2696 3733 2721 ,

2152 2744 2259 2798 imo
2276 2743 2479 2814 pudore
2493 2744 2787 2813 sull‘undor;
2807 2748 2900 2803 sed
2915 2747 3343 2804 inverecundiam
3357 2764 3454 2821 pro
3470 2765 3530 2805 su
3537 2752 3734 2821 pplicav

2153 2835 2297 2889 tione
2322 2834 2552 2891 adhibeo
2582 2852 2595 2890 :
2630 2836 2959 2893 reverebitur
2982 2838 3225 2895 ﬁduciam
3250 2856 3443 2896 meam.
3476 2840 3583 2897 Sed
3613 2842 3733 2912 quid

2152 2928 2290 2984 hoc?
2319 2945 2424 2985 non
2450 2930 2644 2985 audisti
2680 2931 2943 2988 dicentem
2965 2975 2979 2999 ,
3012 2932 3134 2988 Non
3169 2951 3282 2989 sunt
3320 2934 3502 2989 missus
3541 2936 3641 2989 nisi
3668 2936 3733 2987 ad

2150 3037 2263 3075 oves
2288 3036 2400 3092 qua:
2427 3022 2679 3092 perierunt
2708 3022 2885 3076 domus
2913 3022 3118 3077 Israel?
3142 3024 3373 3091 Audivi,
3407 3024 3611 3095 inquit,
3643 3025 3732 3079 sed

2152 3114 2264 3185 ipse
2292 3114 2545 3171 Dominus
2574 3125 2676 3171 est.
2710 3116 2833 3172 Ideo
2862 3132 2969 3172 non
2996 3116 3239 3172 dicebat?
3264 3117 3369 3172 Ora
3398 3128 3451 3172 et
3477 3132 3729 3187 precare;

2150 3206 2267 3272 sed,
2298 3207 2495 3277 Adjuva
2522 3225 2617 3263 me.
2649 3208 2785 3275 Quid
2812 3223 2937 3279 ergo
2964 3206 3241 3263 Christus?
3269 3209 3346 3265 Ne
3373 3210 3490 3264 istis
3517 3210 3729 3280 quidem

2149 3307 2460 3363 Contentus,
2492 3298 2871 3354 dubitationem
2904 3300 3079 3367 auxit,
3110 3299 3292 3355 dicens
3322 3318 3333 3353 :
3362 3300 3452 3355 26.
3500 3299 3626 3354 Non
3662 3312 3730 3355 est

2151 3390 2337 3441 bonum
2360 3405 2556 3443 sumere
2580 3406 2758 3459 panem
2784 3390 3004 3460 ﬁliorum
3023 3430 3038 3456 ,
3080 3400 3128 3444 et
3153 3392 3344 3444 mittere
3366 3390 3598 3444 canibus.
3630 3391 3731 3445 Re-

2150 3495 2349 3551 sponso
2386 3481 2554 3552 magis
2597 3498 2755 3552 quam
2794 3483 3003 3537 silentio
3043 3482 3292 3537 maestitia
3330 3482 3475 3537 illam
3519 3482 3733 3537 affecit?

2149 3572 2265 3628 Jam
2310 3589 2415 3629 non
2455 3574 2523 3629 ad
2559 3575 2721 3629 alium
2769 3589 2982 3630 Causam
3022 3574 3306 3640 transfert,
3355 3590 3529 3645 neque
3569 3575 3730 3640 dicit,

2152 3665 2275 3719 Non
2299 3682 2409 3720 sum
2428 3666 2607 3721 missus
2632 3681 2650 3721 :
2672 3665 2765 3721 sed
2787 3675 2983 3737 quanto
3006 3666 3171 3736 magis
3190 3666 3273 3719 illa
3300 3665 3528 3735 petendo
3547 3666 3729 3732 instat,

2153 3768 2299 3812 tanto
2341 3757 2597 3829 majorem
2638 3758 2727 3814 ille
2768 3757 2859 3812 dat
2898 3758 3186 3828 repulsam.
3228 3756 3410 3828 Neque
3446 3757 3559 3827 jam
3608 3773 3733 3812 oves

2151 3858 2305 3905 vocat
2324 3849 2558 3918 Judaeos,
2582 3849 2675 3906 sed
2698 3850 2853 3916 ﬁlios,
2878 3850 3043 3920 ipsam
3066 3865 3190 3905 vero
3211 3865 3416 3905 canem.
3446 3850 3584 3917 Quid
3608 3866 3734 3921 ergo

2152 3941 2377 3997 mulier?
2411 3942 2490 3997 Ex
2529 3942 2655 4012 ipsis
2697 3942 2877 3997 verbis
2912 3941 3277 3997 defensionem
3320 3943 3419 3997 sibi
3463 3952 3641 4013 parat.
3679 3943 3733 3998 Si

2150 4035 2299 4089 canis
2335 4049 2492 4101 sum,
2532 4034 2739 4106 inquit,
2783 4051 2888 4090 non
2929 4050 3046 4090 sum
3092 4036 3285 4091 aliena.
3328 4035 3457 4090 Jure
3492 4035 3736 4091 Christus

2151 4125 2393 4190 dicebat,
2425 4124 2491 4180 In
2511 4127 2763 4198 judicium
2792 4143 2882 4198 ego
2910 4127 3021 4181 veni
3059 4126 3253 4196 (Joan.
3292 4126 3345 4181 9.
3386 4127 3454 4182 39
3474 4127 3514 4197 ).
3545 4128 3739 4181 Mulier

2152 4218 2241 4273 illa
2268 4217 2688 4288 philosOphatur,
2718 4220 3169 4289 perseverantiam
3208 4228 3261 4273 et
3300 4218 3457 4274 ﬁdem
3491 4231 3734 4289 magnam

2152 4308 2399 4377 exhibet,
2429 4309 2532 4365 etsi
2554 4310 2888 4364 contumeliis
2916 4308 3102 4363 affecta
3132 4326 3148 4364 :
3179 4308 3348 4364 Judzei
3380 4325 3508 4364 vero
3535 4325 3666 4364 cura
3684 4318 3735 4364 et

2154 4401 2357 4458 honore
2386 4401 2534 4468 culti,
2566 4401 2888 4458 contrariam
2915 4403 3083 4456 vicem
3112 4401 3429 4471 rependunt.
3458 4400 3623 4467 Novi,
3656 4402 3737 4455 in-

2153 4494 2267 4565 quit
2293 4495 2401 4559 illa,
2421 4494 2596 4549 cibum
2629 4494 2750 4549 ﬁliis
2775 4508 2893 4548 esse
2927 4493 3321 4558 necessarium;
3354 4508 3528 4564 neque
3561 4503 3740 4547 tamen

2153 4602 2274 4658 ego,
2301 4587 2399 4643 etsi
2426 4588 2592 4652 canis,
2624 4586 2811 4657 repelli
2837 4584 3027 4642 debeo.
3059 4585 3190 4640 Nam
3219 4585 3266 4641 si
3292 4585 3443 4641 nefas
3468 4597 3555 4641 est
3580 4586 3739 4657 quid—

2154 4696 2311 4753 quam
2343 4681 2618 4751 accipere,
2652 4678 2732 4733 vel
2761 4692 2789 4730 a
2822 4676 2972 4731 micis
2997 4676 3404 4742 abstinendum;
3444 4678 3531 4731 sin
3558 4677 3741 4731 tantil-

2155 4775 2259 4830 lam
2299 4781 2504 4845 partem
2551 4770 2747 4825 habere
2786 4769 2942 4834 licet,
2984 4783 3085 4823 nec
3120 4782 3220 4838 ego
3259 4767 3570 4837 prohibeor,
3623 4767 3739 4821 licet

2155 4867 2305 4922 canis
2332 4866 2468 4930 sim;
2501 4862 2594 4919 sed
2621 4862 2740 4917 ideo
2763 4861 2993 4915 maxime
3020 4860 3072 4915 in
3100 4870 3305 4931 partem
3332 4860 3571 4915 vocanda
3601 4873 3739 4914 simi.

2157 4958 2233 5014 Ea
2270 4957 2338 5013 de
2375 4970 2534 5011 causa
2575 4953 2818 5010 Christus
2852 4951 3163 5017 differebat,
3206 4950 3349 5023 quod
3391 4952 3554 5007 sciret
3600 4952 3741 5005 illam

2157 5049 2271 5104 haec
2299 5047 2560 5102 dicturam
2590 5058 2731 5110 esse,
2761 5043 2881 5099 ideo
2906 5043 3101 5097 donum
3131 5040 3377 5111 negabat,
3411 5050 3467 5095 ut
3490 5041 3611 5111 ejus
3635 5040 3743 5111 [his

2157 5140 2455 5212 losophiam
2485 5138 2778 5193 exhiberet.
2808 5136 2917 5192 Nisi
2949 5137 3089 5191 enim
3116 5135 3337 5189 daturus
3364 5134 3597 5203 fuisset,
3643 5150 3743 5189 non

2157 5242 2342 5305 postea
2371 5232 2625 5297 dedisset,
2647 5244 2819 5301 neque
2845 5230 2989 5284 illam
3011 5228 3201 5283 iterum
3230 5228 3577 5298 repressisset
3609 5246 3623 5281 :
3658 5226 3744 5282 sed

2158 5322 2300 5396 quod
2326 5338 2449 5395 erga
2479 5323 2842 5378 centurionem
2870 5318 3033 5387 fecit,
3062 5318 3246 5375 dicens
3274 5335 3286 5371 :
3317 5317 3428 5389 Ego
3456 5318 3677 5377 veniam,
3703 5325 3744 5368 et

2157 5422 2343 5473 curabo
2371 5433 2485 5472 eum
2515 5415 2741 5485 (Matth.
2770 5413 2824 5469 8.
2854 5411 2954 5485 7);
2988 5419 3045 5466 ut
3081 5412 3197 5481 ejus
3228 5410 3480 5480 pietatem
3507 5409 3738 5464 discere-

2161 5525 2280 5566 mus
2300 5550 2315 5576 ,
2346 5519 2398 5565 et
2425 5508 2730 5563 audiremus
2761 5504 2907 5561 illum
2936 5504 3202 5560 dicentem
3230 5521 3244 5557 :
3275 5501 3395 5559 Non
3423 5502 3737 5571 suntdignus

2226 5688 2243 5719 ί
2269 5687 2321 5737 ln
2360 5701 2459 5737 uno
2474 5684 2651 5738 Codice
2671 5682 2810 5735 deest
2840 5698 2949 5746 vox,
2972 5680 3222 5735 laudabili.
