3916 6302
195 268 303 322 519

190 383 417 446 λουθίας
445 382 554 436 τῶν
584 383 927 455 πραγμάτων
953 378 1020 454 ἦν
1040 399 1055 414 ·
1104 381 1249 435 οὓτω
1292 380 1355 433 τὸ
1398 378 1874 449 προσερχομένους

184 468 411 522 διώκειν
436 469 655 534 ἀνάξιον
678 470 721 500 ⁸⁸
740 469 904 523 αὐτοῦ
935 470 1037 536 τῆς
1063 464 1494 538 φιλανθρωπίας.
1524 464 1589 519 El
1610 464 1719 533 γάρ
1747 464 1872 528 τούς

186 554 497 625 φεύγοντας
526 556 744 609 διώκειν
770 556 957 625 ἐχρῆν,
996 554 1173 623 πολλῷ
1198 552 1397 623 μᾶλλον
1426 551 1552 614 τοὺς
1576 549 1872 613 διώκοντας

185 643 420 713 φεύγειν
451 646 553 697 οὐκ
579 644 709 699 ἔδει.
749 644 891 715 Ὅρα
912 642 1041 711 γοῦν
1066 643 1185 706 πῶς
1217 644 1363 695 ἐστιν
1385 639 1706 710 εὐεργεσίας
1731 638 1873 692 ἀπά-

186 749 292 802 σης
337 732 467 797 ἀξία
517 735 551 804 ἡ
608 734 765 803 γυνή.
816 732 950 785 Οὐδέ
988 733 1095 804 γὰρ
1131 731 1428 802 ἐτόλμησεν
1476 728 1651 782 ἐλθεῖν
1684 728 1765 790 εἰς
1801 727 1870 779 τὰ

192 819 571 890 Ἰεροσόλυμα,
625 820 930 890 φοϐουμένη
967 821 1059 873 καὶ
1093 818 1317 885 ἀναξίαν
1344 816 1542 887 ἑαυτὴν
1587 813 1865 885 τιθεμένη.

181 906 313 960 ’Ὁτι
342 907 475 979 γάρ,
522 909 571 960 εἰ
599 908 675 978 μὴ
721 908 881 961 τοῦτο
921 903 989 978 ἦν
1010 948 1023 971 ,
1072 909 1190 960 ἐκεῖ
1223 905 1556 976 παρεγένετο
1593 903 1680 965 ἂν,
1710 902 1867 973 δῆλον

177 994 281 1047 καὶ
315 994 425 1047 ἀπὸ
458 994 559 1063 τῆς
596 994 882 1064 παρούσης
926 993 1320 1064 σφοδρότητος,
1375 991 1469 1045 καὶ
1505 992 1570 1044 ἐκ
1610 990 1704 1043 τοῦ
1755 988 1866 1042 τῶν

174 1080 351 1151 ὁρίων
380 1080 551 1151 αὐτῆς
576 1081 831 1147 ἐξελθεῖν.
853 1082 1005 1145 Τινὲς
1025 1082 1081 1134 δὲ
1112 1082 1206 1134 xal
1228 1076 1652 1149 ἀλληγοροῦντές
1678 1092 1862 1145 φασιν,

173 1170 285 1236 δτι,
326 1171 415 1222 ὅτε
454 1170 676 1241 ἐξῆλθεν
706 1172 771 1225 ὲκ
798 1171 895 1241 τῆς
935 1172 1193 1233 Ἰουδαίας
1229 1170 1257 1221 ὁ
1288 1170 1541 1239 Χριστὸς,
1571 1168 1691 1221 τότε
1716 1166 1864 1234 αὐτῷ

175 1258 506 1327 προσελθεῖν
544 1258 844 1329 ἐτόλμησεν
876 1260 907 1329 ἡ
954 1259 1267 1330 Ἐκκλησία,
1295 1258 1387 1311 καὶ
1415 1256 1552 1328 αὐτὴ
1580 1257 1619 1287 ⁸⁷
1658 1258 1721 1309 ἐκ
1753 1255 1861 1308 τῶν

172 1344 344 1415 ὁρίων
540 1346 709 1417 αὐτῆς
734 1345 1045 1412 ἐξελθοῦσα.
1083 1346 1406 1400 Ἔπι.2άθου
1424 1344 1552 1415 γὰρ,
1578 1343 1730 1414 φησὶ,
1754 1342 1858 1395 τοῦ

171 1432 335 1487 λαοῦ
361 1449 498 1497 σου,
530 1434 626 1486 καί
654 1433 759 1486 τοῦ
776 1434 945 1487 οἴκου
980 1433 1085 1488 τοῦ
1112 1434 1334 1501 πατρός
1361 1450 1496 1486 σου.
1538 1431 1645 1485 Kal
1684 1430 1793 1499 γὰρ
1830 1431 1858 1482 ὁ

172 1521 418 1591 Χριστὸς
452 1524 514 1574 ἐκ
547 1521 652 1574 τῶν
678 1522 843 1591 ὁρίων
866 1521 1031 1575 αὐτοῦ
1066 1521 1279 1590 ἐξῆλθε,
1311 1522 1456 1591 καὶὴ
1488 1520 1625 1589 γυνὴ
1656 1520 1719 1571 ἐκ
1747 1516 1857 1571 τῶν

168 1610 342 1678 όρίων
364 1610 535 1679 αὐτῆς
558 1624 569 1634 ⁸
592 1610 688 1663 καὶ
708 1609 880 1673 οὓτως
910 1609 1253 1682 ἠδυνήθησαν
1284 1612 1563 1678 συντυχεῖν
1580 1607 1852 1677 ἀλλήλοις.

182 1696 347 1751 Ἰδοὺ
391 1698 500 1766 γὰρ
529 1696 683 1765 γυνὴ
729 1698 771 1729 ¹⁸
796 1698 1123 1760 Χαναναία,
1166 1699 1351 1768 φησιν,
1398 1696 1735 1758 ἐξελθοῦσα
1784 1696 1853 1747 ἐκ

165 1782 296 1837 τῶν
324 1785 503 1851 ὁρίων
528 1784 738 1852 αὐτῆς.
768 1787 1082 1856 Κατηγορεῖ
1106 1786 1203 1855 τῆς
1233 1785 1489 1853 γυναικὸς
1508 1786 1535 1837 ὁ
1563 1783 1848 1851 εὐαγγελι-

165 1870 329 1939 στὴς,
368 1872 455 1926 ἵνα
478 1871 625 1941 δείξῃ
659 1872 719 1924 τὸ
740 1871 947 1941 θαῦμα,
979 1871 1073 1925 καὶ
1107 1871 1276 1942 αὐτὴν
1314 1870 1629 1943 ἀνακηρύξῃ
1668 1868 1840 1939 μειζό-

162 1976 299 2021 νως.
328 1960 437 2012 Kal
458 1959 567 2031 γάρ
590 1959 829 2023 ἀκούσας
848 1958 1177 2025 Χαναναίαν,
1208 1959 1585 2030 ἀναμνήσθητι
1621 1960 1731 2012 τῶν
1754 1975 1852 2011 πα-

165 2051 428 2121 ρανόμων
459 2050 684 2102 ἐκείνων
709 2048 898 2115 ἐθνῶν,
929 2050 980 2102 οῖ
1016 2051 1110 2103 καὶ
1132 2050 1258 2111 τούς
1283 2050 1382 2119 τῆς
1411 2048 1629 2118 φύσεως
1649 2049 1850 2118 νόμους

159 2142 230 2191 ἐκ
272 2137 493 2211 βάθρων
526 2138 851 2209 ἀνέτρεψαν.
875 2138 1151 2209 Μησθεὶς
1188 2138 1245 2190 δὲ
1283 2137 1464 2190 αὐτῶν
1491 2178 1504 2198 ,
1534 2138 1708 2190 ἐννόει
1750 2140 1847 2191 καὶ

157 2226 266 2296 τῆς
292 2226 389 2279 τοῦ
424 2227 663 2298 Χριστοῦ
693 2227 997 2299 παρουσίας
1025 2226 1124 2297 τὴν
1160 2225 1409 2296 δύναμιν.
1433 2226 1496 2278 Οί
1523 2226 1632 2296 γάρ
1656 2225 1849 2293 ἐκϐλη-

158 2314 374 2378 θέντες,
412 2314 499 2367 ῖνα
533 2316 607 2386 μὴ
641 2314 1037 2385 διαστρέψωσιν
1079 2314 1384 2377 Ἰουδαίους,
1424 2308 1569 2367 οῦτοι
1592 2316 1845 2367 τοσοῦτον

155 2403 275 2455 τῶν
310 2403 583 2456 Ἰουδαίων
611 2402 890 2473 ἐφάνησαν
919 2401 1342 2473 ἐπιτηδειότεροι
1380 2402 1442 2464 ι’,
1484 2400 1561 2464 ὡς
1590 2401 1681 2453 καὶ
1714 2401 1846 2467 ἐξιέ-

156 2507 253 2543 ναι
276 2492 343 2543 ἐκ
369 2490 477 2542 τῶν
501 2489 687 2559 ὁρίων,
711 2491 805 2543 καὶ
829 2490 1110 2560 προσιέναι
1139 2488 1217 2560 τῷ
1240 2488 1479 2560 Χριστῷ,
1504 2488 1727 2542 ἐκείνων
1751 2490 1842 2543 καὶ

153 2578 304 2651 πρὸς
323 2578 523 2640 αὐτοὺς
549 2578 843 2649 ἐρχόμενον
870 2578 1224 2631 ἐλαυνόντων.
1251 2576 1631 2648 Προσελθοῦσα
1664 2577 1841 2630 τοίνυν

153 2668 315 2720 οὐδὲν
365 2666 552 2736 ἕτερόν
601 2684 763 2734 φησιν
785 2706 799 2727 ,
840 2666 978 2729 ἀλλ’,
998 2666 1292 2733 Ἐλέησόν
1314 2682 1390 2734 με
1413 2705 1426 2727 ,
1463 2665 1555 2717 καὶ
1589 2665 1723 2717 πολὺ
1752 2666 1840 2719 διὰ

152 2757 258 2824 τῆς
288 2754 533 2825 κραυγῆς
556 2753 870 2823 περιίστησι
906 2754 967 2806 τδ
994 2752 1240 2825 θέατρον.
1284 2755 1391 2807 Kal
1421 2753 1529 2823 γάρ
1559 2750 1625 2825 ἦν
1658 2754 1840 2824 θέαμα

153 2843 413 2905 ἐλεεινὸν,
449 2845 683 2909 γυναῖκα
708 2841 835 2894 ἰδεῖν
874 2842 1083 2911 βοῶσαν
1118 2841 1255 2912 μετὰ
1280 2841 1621 2911 συμπαθείας
1643 2843 1837 2894 τοσαύο

156 2947 279 2998 της,
322 2931 417 2982 καὶ
448 2933 684 2997 γυναῖκα
710 2930 945 3001 μητέρα,
975 2930 1069 2983 καὶ
1087 2932 1226 3001 ὑπὲρ
1250 2930 1518 3000 θυγατρὸς
1551 2930 1832 3000 δεομένην,

153 3018 258 3070 καὶ
287 3017 557 3088 θυγατρδς
586 3016 726 3071 οὕτω
764 3017 949 3081 κακῶς
978 3018 1349 3088 διακειμένης.
1386 3019 1521 3072 Οὐδέ
1548 3018 1657 3089 γάρ
1690 3018 1836 3070 ἐτόλ-

153 3125 339 3181 μησεν
368 3110 447 3170 εἰς
471 3108 595 3176 ὄψιν
620 3108 712 3160 τοῦ
737 3108 1070 3162 Διδασκάλου
1092 3109 1190 3179 τὴν
1215 3108 1556 3180 δαιμονῶσαν
1583 3111 1833 3177 ἀγαγεῖν·

150 3198 274 3252 ἀλλ’
315 3199 515 3264 ἀφεῖσα
552 3198 686 3250 οῖκοι
736 3197 969 3262 κεῖσθαι,
1002 3198 1138 3268 αὐτη
1171 3198 1351 3268 τίθησι
1400 3198 1497 3268 τὴν
1530 3198 1832 3267 ἱκετηρίαν.

150 3286 271 3343 Kal
298 3286 447 3353 λέγει
473 3286 532 3336 τὸ
559 3284 727 3349 πάθος
758 3284 937 3355 μόνον,
970 3287 1062 3338 καὶ
1087 3286 1238 3338 οὐδὲν
1264 3286 1423 3339 πλέον
1456 3284 1833 3357 προστίθησιν,

150 3374 280 3429 εὐδέ
310 3376 459 3427 ἕλκει
490 3374 580 3426 τὸν
617 3375 795 3445 ἰατρὸν
825 3377 905 3437 εἰς
941 3375 1039 3446 τὴν
1060 3375 1257 3437 οἰκίαν,
1283 3374 1533 3444 καθάπερ
1563 3375 1591 3426 ὁ
1626 3372 1835 3442 βασιλι-

146 3464 254 3527 κὸς
296 3464 534 3524 ἐκεῖνος,
571 3462 745 3530 λέγων
770 3478 783 3492 ·
828 3461 1054 3516 Ἐλθὼν
1096 3462 1293 3527 ἐπίθες
1344 3461 1458 3529 τὴν
1484 3459 1655 3529 χεῖρὰ
1694 3476 1831 3513 σου·

150 3556 273 3620 καὶ,
317 3554 614 3620 Κατὰΐηθι
670 3554 813 3621 πρὶν
855 3554 893 3622 ἢ
940 3552 1267 3607 ἀποθανεῖν
1295 3552 1361 3605 τὸ
1409 3551 1650 3605 παιδίον
1690 3568 1829 3619 μου.

159 3641 333 3697 Ἀλλά
367 3641 463 3695 καὶ
515 3640 614 3711 τὴν
661 3639 945 3710 συμφορὰν
997 3640 1396 3710 διηγησαμένη,
1427 3640 1520 3693 καὶ
1550 3639 1649 3709 τῆς
1678 3638 1834 3691 νόσου

142 3731 256 3802 τὴν
286 3729 563 3793 ἐπίτασιν,
600 3728 690 3781 τὸν
712 3728 858 3781 ἔλεον
882 3728 976 3781 τοῦ
1008 3728 1278 3781 Δεσπότου
1303 3727 1703 3799 προϐάλλεται,
1741 3725 1835 3781 καὶ

149 3819 354 3891 κράζει
388 3817 600 3888 μεγάλα
623 3832 637 3845 ·
684 3816 779 3870 καὶ
815 3817 875 3869 οὐ
925 3816 1092 3884 λέγει,
1137 3817 1387 3887 Ἐλέησον
1432 3817 1530 3888 τὴν
1560 3814 1835 3886 θυγάτερά

150 3925 288 3979 μου,
348 3906 485 3968 ἀλλ’,
515 3904 810 3971 Ἐλέησόν
835 3921 929 3974 με.
981 3904 1194 3972 Ἐκείνη
1238 3905 1335 3973 μὲν
1364 3904 1472 3976 γάρ
1501 3904 1836 3973 ἀνεπαίσθη-

153 3996 244 4057 εός
276 3994 324 4025 ³⁸
352 3995 469 4046 ἐστι
520 3995 620 4063 τῆς
652 3992 838 4045 νόσου·
889 3990 999 4058 ἐγὼ
1044 3991 1099 4045 δέ
1133 3993 1166 4062 ἡ
1215 3991 1285 4044 τά
1342 3992 1510 4062 μυρία
1550 3991 1835 4061 πάσχουσα

146 4082 273 4149 εἰμι
307 4077 477 4141 δεινά,
510 4078 544 4147 ἠ
574 4078 712 4147 μετά
739 4075 1041 4147 αἰσθήσεως
1066 4076 1315 4140 νοσοῦσα,
1343 4078 1375 4147 ὴ
1408 4077 1546 4147 μετὰ
1576 4076 1668 4130 τοῦ
1699 4075 1834 4129 εἰδέ-

149 4185 245 4221 ναι
276 4166 602 4238 μαινομένη.
644 4166 707 4219 'u
736 4164 805 4218 δὲ
826 4167 939 4219 οὐκ
959 4166 1249 4233 ἀπεκρίθη
1276 4164 1430 4233 αὐτῇ
1455 4166 1659 4234 λόγον.
1686 4164 1751 4216 Τί
1772 4163 1834 4216 τὸ

146 4254 345 4310 καινὸν
374 4254 470 4307 καὶ
492 4252 793 4324 παράδοξον
814 4269 828 4318 ;
851 4254 979 4315 τοὺς
1012 4252 1111 4323 μὲν
1150 4252 1433 4316 Ἰουδαίους
1458 4253 1552 4306 καὶ
1581 4254 1832 4323 ἀγνωμο-

148 4343 383 4405 νοῦντας
412 4342 617 4409 ἐνάγει,
636 4341 730 4393 καὶ
752 4338 1202 4410 βλασφημοῦντας
1232 4340 1558 4410 παρακαλεῖ,
1591 4340 1684 4393 καὶ
1720 4357 1835 4392 πει-

147 4428 529 4503 ράζονταςούκ
549 4428 759 4497 ἀφίησι·
774 4427 873 4498 τὴν
893 4426 951 4480 δὲ
969 4428 1358 4498 ἐπιτρέχουσαν
1374 4426 1522 4497 αὐτῷ
1541 4429 1635 4480 καὶ
1658 4443 1836 4498 παρα-

146 4514 433 4572 καλοῦσαν
459 4515 555 4568 καὶ
582 4514 862 4584 δεομένην,
904 4515 998 4567 καὶ
1025 4512 1149 4566 οὐτε
1197 4513 1349 4584 νόμῳ
1378 4511 1502 4567 οὐτε
1528 4515 1835 4584 προφήταις

145 4605 543 4675 ἐντραφεῖσαν,
583 4602 680 4656 καὶ
713 4601 981 4672 τοσαύτην
1031 4600 1319 4654 εὐλάϐειαν
1355 4600 1830 4671 ἐπιδεικνυμένην,

145 4690 362 4763 ταύτην
382 4690 503 4745 οὐδέ
522 4690 867 4760 ἀποκρίσεως
886 4690 1046 4756 ἀξιοῖ.
1073 4690 1207 4743 Τίνα
1233 4689 1334 4742 οὐκ
1361 4689 1428 4743 ἂν
1457 4688 1613 4743 τοῦτο
1642 4691 1834 4743 ἐσκαν-

144 4779 392 4842 δάλισεν,
420 4778 633 4848 ὁρῶντα
666 4776 880 4830 ἐναντία
911 4778 978 4848 τῇ
1015 4777 1172 4848 φήμῃ
1200 4775 1267 4831 τά
1307 4775 1567 4848 γινόμενα
1607 4776 1689 4841 ¹⁸;
1722 4777 1832 4831 Kal

144 4866 265 4939 γὰρ
290 4866 548 4935 ἥκουσαν,
573 4866 654 4918 ὅτι
687 4864 917 4935 περιῆγε
947 4865 1047 4927 τὰς
1086 4864 1279 4934 κώμας
1309 4863 1630 4936 θεραπεύων
1656 4882 1669 4896 ·
1701 4864 1832 4918 ταύ-

144 4971 255 5024 την
281 4953 339 5007 δὲ
370 4954 414 4985 “
437 4952 694 5006 ἐλθοῦσαν
720 4951 1083 5025 διακρούεται.
1111 4952 1243 5005 Τίνα
1264 4952 1319 5005 δὲ
1341 4954 1441 5006 οὐκ
1464 4952 1529 5006 ἂν
1560 4952 1828 5008 ἐπέκλασε

147 5042 219 5097 τὺ
247 5040 421 5106 πάθος
453 5041 546 5094 καὶ
585 5044 618 5112 ἡ
655 5041 925 5112 ἱκετηρία,
956 5042 1023 5112 ἢν
1061 5042 1297 5094 ἐποιεῖτο
1322 5042 1366 5073 ’³
1400 5042 1540 5112 ὑπὲρ
1563 5041 1831 5113 θυγατρός

144 5129 300 5183 οὕτω
327 5128 514 5192 κακῶς
536 5129 887 5201 διακειμένης
911 5146 925 5194 ;
962 5130 1096 5183 Οὐδὲ
1128 5131 1238 5202 γὰρ
1256 5129 1333 5193 ὡς
1375 5131 1498 5197 ἀξία
1526 5127 1681 5197 οὖσα,
1708 5132 1830 5186 οὐδὲ

148 5218 234 5281 ὡς
260 5216 483 5288 ὀφειλὴν
505 5217 833 5282 ἀπαιτοῦσα,
865 5217 1008 5270 οῦτω
1036 5219 1362 5289 προσῆλθεν,
1394 5219 1509 5272 ἀλλ’
1543 5218 1830 5291 ἐλεηθῆναι

1326 268 1394 321 IN
1434 265 1851 321 MA'I'TIIA‘LL'M
1890 264 2119 321 HOMIL.
2170 266 2276 323 LII.
2317 270 2389 324 al.
2427 270 2557 325 ιλιι.
3545 266 3650 322 52.0

1975 398 2090 436 των
2120 384 2617 454 ἐσκανδαλίσθησαν
2642 397 2656 412 ·
2684 382 2867 451 ἐκείνη
2899 380 2954 434 δὲ
2976 380 3076 434 οὐκ
3106 379 3512 453 ἐσκανδαλίσθη.
3540 385 3645 437 Καὶ

1972 471 2025 525 τί
2058 472 2219 540 λέγω,
2243 473 2349 525 τῶν
2377 472 2713 529 ἀκουόντωνς
2749 470 2857 522 Kal
2886 468 2991 539 γὰρ
3019 462 3171 538 οἶμαι
3202 470 3296 521 καὶ
3316 472 3443 534 τοὺς
3467 471 3644 542 μαθη-

1972 555 2068 620 τάς
2092 557 2287 620 αὐτοὺς
2324 557 2516 609 παθεῖν
2543 575 2595 609 τι
2629 556 2761 628 πρὸς
2795 555 2892 626 τὴν
2925 555 3205 625 συμφορὰν
3232 556 3333 627 τῆς
3360 558 3642 626 γυναικὸς,

1972 646 2067 698 καὶ
2088 644 2513 717 διαταραχθῆναι
2540 645 2629 697 καὶ
2659 643 2956 713 ἀθυμῆσαι.
2992 642 3129 694 Ἀλλ’
3154 643 3301 713 ὅμως
3326 645 3446 698 οὐδέ
3473 663 3643 717 ταρα-

1969 733 2187 802 χθέντες
2226 733 2529 803 ἐτόλμησαν
2571 734 2744 785 εἰπεῖν
2769 750 2783 764 ·
2830 731 2928 795 Δὸς
2957 731 3094 801 αὐτῇ
3130 733 3227 802 τὴν
3253 733 3444 803 χάριν·
3480 735 3641 801 ἀλλά,

1966 822 2414 887 Προσελθόντες
2436 823 2489 874 οἰ
2514 818 2774 889 μαθηταὶ
2804 820 2851 850 ’⁸
2870 818 3111 887 ἠρώτων
3131 819 3317 872 αὐτὸν
3337 820 3640 889 λέγοντες·

1981 909 2314 962 Ἀπόλυσον
2344 908 2556 975 αὐτὴν,
2575 908 2661 960 ὅτι
2687 907 2879 976 κράζει
2906 907 3157 961 ὄπισθεν
3187 906 3374 976 ἡμῶν.
3405 910 3515 962 Kal
3532 910 3643 981 γὰρ

1964 999 2126 1067 ἡμεῖς
2153 999 2281 1052 ὅταν
2305 996 2653 1067 βουληθῶμεν
2686 1014 2809 1050 τινα
2836 999 3041 1060 πεῖσαι,
3090 995 3349 1049 τάναντία
3382 997 3641 1062 πολλάκις

1967 1085 2216 1155 λέγομεν.
2252 1084 2399 1157 [551]
2447 1085 2502 1138 Ὀ
2538 1085 2591 1137 δὲ
2620 1085 2850 1156 Χριστός
2896 1100 3093 1155 φησιν·
3132 1086 3253 1138 Οὐκ
3284 1084 3641 1153 ἀπεστάλην

1965 1175 2015 1225 εὶ
2040 1172 2126 1241 μὴ
2155 1175 2242 1239 εἰς
2272 1172 2341 1226 τὰ
2376 1176 2640 1242 πρόϐατα
2687 1176 2757 1227 τὰ
2786 1173 3143 1227 ἀπολωλότα
3172 1173 3342 1226 οἶκου
3380 1173 3637 1241 Ἰσραήλ.

2037 1261 2082 1332 β’
2126 1263 2190 1315 Τί
2210 1257 2301 1315 οὖν
2324 1264 2355 1332 ἡ
2377 1262 2533 1332 γυνὴ,
2553 1262 2739 1332 ἐπειδὴ
2757 1260 2927 1314 ταῦτα
2947 1261 3178 1330 ἤκουσεν
3199 1276 3212 1322 ;
3237 1261 3461 1330 ἐσίγησε
3480 1261 3571 1315 καὶ
3590 1263 3638 1296 ⁸⁸

1966 1351 2175 1421 ἀπέστη
2204 1368 2217 1415 ;
2247 1352 2279 1421 ἢ
2310 1352 2593 1421 καθυφῆκε
2644 1352 2741 1421 τῆς
2781 1349 3122 1420 προθυμία;;
3170 1348 3466 1418 Οὐδαμῶς·
3501 1349 3640 1405 ἀλλὰ

1968 1438 2169 1509 μᾶλλον
2216 1440 2487 1495 ἐπέκειτο.
2531 1438 2666 1491 Ἀλλ’
2695 1439 2791 1507 οὐχ
2819 1439 2979 1506 ἡμεῖς
3013 1435 3214 1499 οὕτως·
3256 1436 3371 1488 ἀλλ’
3397 1437 3522 1489 ὅταν
3559 1438 3637 1509 μὴ

1962 1528 2235 1598 τύχωμεν,
2257 1527 2626 1597 ἀφιστάμεθα,
2645 1526 2763 1579 δέον
2783 1525 2871 1579 διά
2892 1525 3051 1578 τοῦτο
3074 1524 3382 1577 ἐπικεῖσθαι
3412 1524 3633 1594 μᾶλλον.

1964 1616 2156 1668 Καίτοι
2187 1614 2308 1668 τίνα
2330 1616 2429 1667 οὐκ
2452 1613 2519 1667 ἂν
2549 1614 2595 1644 ’⁸
2629 1612 2937 1683 ἐξηπόρησε
2964 1609 3123 1664 τοῦτο
3144 1610 3204 1663 τὸ
3226 1611 3271 1642 ³⁷
3294 1611 3412 1665 τότε
3439 1611 3633 1681 ρηθέν;

1970 1702 2148 1772 Ἰκανὴ
2180 1702 2278 1768 μὲν
2309 1698 2403 1754 οὖν
2431 1702 2524 1754 καὶ
2549 1702 2646 1771 "ﬂ
2680 1699 2803 1770 σιγὴ
2827 1701 2906 1762 εἱς
2934 1699 3243 1765 ἀπόγνωσιν
3271 1697 3441 1768 αὐτὴν
3463 1698 3623 1768 ἐμϐαι

1954 1789 2097 1843 λεῖν·
2128 1791 2235 1859 ήδέ
2259 1790 2551 1861 ἀπόκρισις
2572 1790 2666 1842 καὶ
2696 1786 2875 1857 πολλῷ
2903 1786 3099 1857 μᾶλλον
3130 1786 3173 1816 ²⁹
3196 1784 3388 1838 ἐποίει.
3422 1785 3494 1837 Τὸ
3524 1785 3633 1855 γὰρ

1956 1878 2073 1948 μεθ’
2103 1877 2305 1947 ἑαυτῆς
2356 1879 2449 1931 καὶ
2478 1878 2602 1940 τούς
2634 1876 2965 1945 συνηγόρους
3011 1872 3447 1943 ἐξαπορηθέντας
3481 1872 3630 1936 ἰδεῖν,

1951 1967 2045 2019 καὶ
2072 1966 2132 2019 τὸ
2162 1965 2411 2029 ἀκοῦσαι,
2442 1965 2525 2017 ὅτι
2556 1964 2651 2017 καὶ
2685 1963 2728 1994 ³⁰
2759 1962 2820 2015 τὸ
2855 1963 3091 2031 πρᾶγμα
3126 1958 3379 2028 γενέσθαι
3414 1960 3633 2030 ἀμήχα-

1950 2071 2060 2118 νον,
2089 2055 2170 2117 εἰς
2195 2054 2399 2121 ἄφατον
2421 2050 2654 2121 ἀπορίαν
2688 2048 2958 2103 ἐνέϐαλεν.
3006 2047 3150 2100 Ἀλλ’
3178 2047 3326 2117 ὅμως
3356 2048 3456 2100 οὐκ
3490 2048 3628 2116 ὴπο·

1952 2143 2158 2212 ρεῖτοή
2196 2142 2333 2211 γυνή
2360 2158 2374 2173 ·
2418 2139 2531 2193 ἀλλ’
2580 2138 2766 2209 ἐπειδὴ
2806 2133 2945 2189 εἶδεν
2977 2135 3128 2188 οὐδὲν
3183 2133 3465 2205 ἰσχύοντας
3502 2136 3629 2198 τοὺς

1949 2231 2281 2301 προστάτας,
2332 2226 2808 2297 άπηναισχύντησε
2858 2223 3025 2294 καλὴν
3059 2222 3466 2293 ἀναισχυντίαν.
3513 2224 3629 2294 Πρὸ

1944 2318 2137 2371 τοῦτου
2160 2318 2260 2387 μὲν
2285 2318 2390 2388 γὰρ
2417 2316 2537 2369 οὐδέ
2557 2318 2637 2379 εἰς
2664 2315 2785 2385 ὄψιν
2809 2313 2982 2365 ἐλθεῖν
3011 2312 3241 2381 ἐτόλμα·
3268 2310 3475 2379 Ιίράζει
3494 2311 3626 2382 γὰρ,

1947 2404 2133 2475 φησὶν,
2162 2405 2413 2458 ὄπισθεν
2439 2403 2637 2472 ἡμῶν·
2674 2404 2763 2456 ὅτε
2795 2402 2850 2454 δέ
2890 2400 3035 2464 εἰκὸς
3074 2395 3142 2470 ἦν
3170 2399 3339 2470 αὐτὴν
3368 2400 3461 2453 καὶ
3490 2402 3627 2470 πορ-

1946 2494 2171 2565 ρωτέρω
2223 2490 2477 2545 ἀπελθεῖν
2534 2488 2988 2560 ἐξαπορηθεῖσαν,
3028 2486 3149 2538 τότε
3202 2488 3294 2540 καὶ
3341 2486 3627 2558 ἐγγυτέρω

1942 2582 2183 2651 ἔρχεται,
2222 2581 2314 2633 καὶ
2339 2580 2639 2648 προσκυνεῖ
2664 2576 2925 2644 λέγουσα·
2963 2575 3157 2641 Κύριε,
3178 2573 3390 2641 ,βοήθει
3417 2591 3540 2642 μοι.
3561 2574 3626 2627 Τί

1940 2668 2115 2732 τοῦτο,
2142 2662 2186 2721 ὦ
2219 2667 2414 2735 γύναις
2453 2668 2527 2735 μὴ
2553 2663 2660 2735 γάρ
2700 2662 2921 2733 μείζονα
2973 2660 3283 2731 παρρησίαν
3326 2658 3471 2728 ἔχεις
3516 2660 3625 2713 τῶν

1941 2757 2293 2821 ἀποστόλων;
2323 2755 2398 2827 μὴ
2421 2754 2530 2825 γάρ
2556 2752 2778 2805 πλείονα
2814 2750 2965 2820 ἰσχύν
2992 2766 3005 2812 ;
3043 2747 3366 2819 Παρρησίαν
3394 2748 3493 2817 μέν
3530 2750 3625 2800 καὶ

1944 2848 2117 2917 ἰσχὺν,
2152 2846 2337 2916 φησὶν,
2370 2842 2641 2912 οὐδαμῶς,
2690 2840 2827 2894 ἀλλά
2854 2839 2948 2892 καὶ
2990 2837 3251 2907 αἰσχύνης
3281 2835 3467 2905 γέμω·
3505 2835 3622 2888 ἀλλ’

1938 2937 2086 3006 ὅμως
2107 2934 2280 3005 αὐτὴν
2312 2931 2409 3002 τὴν
2447 2929 2835 2999 ἀναισχυντίαν
2860 2927 2981 2981 ἀντὶ
3010 2926 3292 2996 ἱκετηρίας
3322 2924 3621 2995 προϐάλλο-

1941 3041 2072 3095 μαι·
2097 3020 2475 3092 αἰδεσθήσεταί
2502 3036 2601 3090 μου
2625 3017 2723 3088 τὴν
2746 3015 3082 3088 παρρησίαν.
3112 3015 3219 3067 Kal
3242 3012 3294 3065 τὶ
3316 3012 3473 3095 τοῦτο
3491 3028 3504 3074 ;
3523 3011 3622 3063 οὐκ

1936 3088 2177 3184 ἧκουσας
2200 3088 2369 3164 αὐτοῦ
2398 3088 2670 3176 λέγοντος,
2693 3106 2775 3159 ὅτι
2813 3106 2934 3158 Οὐκ
2954 3100 3314 3168 ἀπεστάλην
3346 3088 3398 3153 εἰ
3418 3098 3504 3169 μὴ
3535 3100 3622 3164 είς

1935 3205 2008 3255 τὰ
2040 3201 2304 3269 πρόϐατα
2330 3199 2400 3253 τὰ
2426 3198 2787 3252 ἀπολωλότα
2809 3195 2978 3248 οἴκου
3027 3192 3233 3262 Ἰσραή
3251 3196 3313 3256 1;
3352 3193 3618 3252 Ἤκουσα,

1937 3291 2123 3360 φησὶν,
2161 3288 2277 3343 ἀλλ’
2310 3286 2471 3349 αὐτὸς
2496 3284 2698 3355 Κύριός
2732 3285 2866 3336 ἐστι.
2901 3283 3107 3352 Διόπερ
3153 3282 3274 3335 οὐδέ
3302 3281 3480 3347 ἔλεγε,
3513 3280 3620 3331 Πα-

1939 3376 2241 3448 ρακάλεσον
2290 3376 2384 3429 καὶ
2434 3373 2693 3443 δεήθητι·
2738 3370 2911 3434 ἀλλά,
2961 3370 3173 3437 Βοήθει
3201 3387 3324 3437 μοι.
3373 3369 3438 3420 Τί
3471 3364 3562 3420 οὖν
3593 3368 3621 3419 ό

1936 3465 2203 3536 Χριστόςς
2250 3463 2385 3517 Οὐδέ
2440 3461 2650 3521 τούτοις
2681 3460 2723 3491 ³¹
2766 3457 3034 3528 ἠρκέσθη,
3070 3457 3182 3510 ἀλλ’
3233 3456 3491 3509 ἐπιτείνει
3521 3455 3620 3525 τὴν

1936 3552 2266 3623 ἐξαπόρησιν
2290 3550 2452 3603 πάλιν
2490 3547 2664 3615 λέγων
2684 3564 2696 3575 ·
2738 3548 2859 3599 Οὐκ
2880 3546 3013 3599 ἐστι
3044 3546 3238 3598 καλὸν
3277 3543 3484 3597 λαϐεῖν
3514 3543 3619 3595 τὸν

1934 3642 2118 3709 ἄρτον
2142 3638 2261 3694 τῶν
2282 3637 2527 3700 τέκνων,
2559 3633 2656 3688 καὶ
2676 3633 2885 3688 όοῦναι
2912 3632 3034 3698 τοῖς
3052 3632 3380 3698 κυναρίοις.
3401 3630 3509 3683 Kal
3529 3631 3617 3682 ὅτε

1934 3729 2166 3799 ἠξίωσεν
2185 3727 2357 3797 αὐτὴν
2381 3725 2561 3794 λόγου,
2590 3723 2709 3778 τότε
2739 3722 2997 3794 μειζόνως
3021 3716 3322 3789 ἐπέπληξεν
3350 3719 3383 3788 ἢ
3411 3717 3495 3771 διὰ
3521 3716 3616 3786 τῆς

1936 3818 2116 3888 σιγῆς.
2149 3817 2259 3871 Kal
2282 3814 2469 3870 οὐκέτι
2499 3815 2583 3884 ἐφ’
2609 3814 2796 3884 ἐτερον
2826 3809 3122 3881 μεταφέρει
3152 3808 3250 3878 τὴν
3278 3807 3475 3866 αἰτίαν.
3494 3805 3615 3857 οὐδέ

1933 3905 2105 3974 λέγει,
2134 3906 2254 3959 Οὐκ
2291 3900 2675 3968 ἀπεστάλην·
2720 3898 2835 3953 ἀλλ’
2861 3898 2970 3969 ὅσῳ
2996 3896 3272 3949 ἐπέτεινεν
3302 3891 3483 3961 ἐκείνή
3518 3890 3615 3961 τὴν

1936 3991 2242 4063 ἱκετηρίαν,
2269 3989 2509 4060 τοσούτῳ
2531 3989 2624 4042 xal
2646 3987 2805 4050 αὐτὸς
2836 3986 2934 4056 τὴν
2969 3985 3302 4055 παραίτησιν
3333 3979 3611 4035 ἐπιτείνει.

1936 4081 2045 4134 Kal
2070 4080 2250 4134 οὐκέτι
2284 4078 2529 4149 πρόϐατα
2570 4077 2767 4138 αὐτοὺς
2800 4074 2976 4137 καλεῖ,
3015 4072 3150 4126 ἀλλά
3183 4071 3367 4131 τέκνα,
3397 4069 3485 4122 καὶ
3519 4067 3614 4120 αὐ-

1935 4169 2035 4238 τὴν
2082 4168 2360 4240 κυνάριον.
2402 4166 2466 4217 Τί
2509 4160 2662 4233 οὖνὴ
2715 4164 2887 4231 γυνή;
2933 4161 3051 4214 Ἀπ’
3088 4159 3265 4213 αὐτῶν
3317 4158 3422 4211 τῶν
3451 4155 3612 4210 αὐτοῦ

1939 4256 2199 4328 ῥημάτων
2226 4255 2413 4307 πλέκει
2436 4252 2534 4324 τὴν
2569 4252 2916 4321 συνηγορίαν.
2961 4250 3023 4302 Εἰ
3046 4248 3154 4317 γὰρ
3185 4245 3443 4315 κυνόριόν
3472 4245 3610 4312 εἱμι,

1939 4342 2122 4412 φησὶν,
2154 4341 2252 4393 οὐκ
2303 4338 2419 4409 εἰμὶ
2471 4337 2747 4407 ἀλλοτρία.
2795 4336 3030 4398 Δικαίως
3063 4333 3247 4401 ἐλεγεν
3281 4334 3309 4385 ό
3338 4330 3608 4401 Χριστός·

1932 4429 2035 4492 Εἰς
2059 4426 2234 4495 κρῖμα
2254 4424 2368 4496 ἐγὼ
2395 4422 2587 4493 ἦλθον
2613 4425 2678 4476 ³¹.
2718 4425 2783 4476 'H
2807 4422 2945 4491 γυνὴ
2963 4422 3264 4491 φιλοσοφεῖ,
3295 4420 3388 4472 καὶ
3417 4434 3611 4487 καρτε-

1938 4515 2060 4584 ρίαν
2094 4514 2459 4567 ἐπιδείκνυται
2493 4514 2670 4565 πᾶσαν
2698 4511 2791 4564 καὶ
2824 4510 3026 4571 πίστιν,
3052 4508 3144 4561 καὶ
3182 4507 3356 4560 ταῦτα
3392 4504 3610 4575 ὐϐριζου

1938 4604 2105 4675 μένη·
2147 4603 2340 4656 ἐκεῖνοι
2388 4602 2467 4666 δέ,
2520 4600 2948 4672 θεραπευόμενοι
3004 4597 3097 4652 xal
3144 4594 3471 4666 τιμώμενοι,
3500 4596 3609 4657 τοῖς

1934 4691 2193 4754 ἐναντίοις
2232 4690 2571 4761 ἀμείϐονται.
2630 4689 2751 4741 ’Ότι
2784 4688 2880 4757 μὲν
2906 4687 3015 4756 γὰρ
3062 4683 3337 4753 ἀναγκαία
3370 4685 3402 4752 ὴ
3436 4682 3608 4751 τροφὴ

1934 4786 2044 4845 τοῖς
2079 4781 2311 4845 τέκνοις,
2343 4782 2527 4851 φησὶν,
2557 4775 2675 4834 οῖδα
2703 4779 2856 4847 κάγώ
2878 4796 2890 4809 ·
2920 4778 3060 4849 πλὴν
3089 4778 3211 4831 οὐδὲ
3238 4774 3349 4845 ἐγὼ
3372 4773 3606 4827 κεκώλυο

1938 4889 2058 4943 μαι,
2092 4870 2349 4941 κυνάριον
2377 4866 2532 4923 οὖσα.
2568 4869 2629 4921 EE
2668 4869 2766 4936 μὲν
2797 4867 2903 4938 γάρ
2938 4868 3011 4937 μὴ
3048 4866 3206 4936 θέμις
3245 4864 3451 4925 λαϐεῖν,
3486 4862 3609 4914 οὐδέ

1932 4961 2038 5015 τῶν
2064 4961 2261 5031 ψιχίων
2298 4962 2586 5030 μετασχεῖν
2617 4960 2660 4990 ³³
2689 4958 2846 5027 θέμις
2869 4975 2881 4986 ·
2911 4960 2959 5009 εἰ
2990 4957 3046 5009 δέ
3068 4956 3170 5010 κᾶν
3199 4956 3264 5007 ἐκ
3299 4952 3496 5024 μικροῦ
3530 4952 3606 5004 δεῖ

1932 5051 2228 5111 κοινωνεῖν,
2256 5048 2375 5101 οὐδέ
2412 5047 2521 5114 ἐγὼ
2566 5046 2907 5116 κεκώλυμαι,
2934 5044 3036 5098 κᾶν
3067 5044 3323 5113 κυνάριον
3350 5035 3394 5093 ὦ
3420 5058 3431 5071 ·
3474 5040 3605 5094 ἀλλὰ

1931 5138 2216 5209 καὶταύτῃ
2239 5136 2472 5205 μάλιστα
2496 5135 2723 5207 μετέχω,
2742 5138 2789 5187 εἰ
2813 5135 2857 5165 ³⁵
2879 5133 3134 5204 κυνάριόν
3159 5133 3291 5201 εἰμι.
3315 5129 3412 5183 Διά
3438 5129 3604 5183 ταῦτα

1936 5226 2259 5280 ἀνεϐάλλετο
2278 5227 2306 5278 ὁ
2332 5226 2563 5295 Χριστός
2584 5239 2597 5253 '
2628 5223 2860 5295 ἐροῦσαν
2881 5223 2991 5293 γάρ
3012 5221 3186 5274 ταῦτα
3206 5219 3321 5291 ᾔδει
3344 5218 3461 5251 ’5'"
3484 5237 3497 5249 ·
3521 5218 3604 5272 διὸ

150 5305 348 5368 ἐδεῖτο,
373 5307 464 5358 καὶ
484 5306 582 5375 τὴν
606 5306 890 5377 συμφορὰν
914 5308 1011 5378 τὴν
1031 5309 1239 5361 οἰκείαν
1260 5309 1618 5380 ἐξετραγῴδει
1645 5291 2105 5380 μόνον,θ⁸ταῦτα
2130 5317 2345 5386 ἠρνεῖτο
2373 5291 2473 5384 τὴν
2500 5291 2673 5372 δόσιν,⁷
2692 5314 2776 5365 ἵνα
2813 5291 2968 5382 δείξῃτ
2996 5310 3167 5379 αὐτῆς
3203 5309 3301 5381 τὴν
3331 5307 3482 5379 [552]
3517 5326 3603 5372 φι-

147 5393 253 5447 καὶ
285 5393 407 5446 οὐδέ
425 5394 766 5464 ἀποκρίσεως
788 5394 1053 5461 ἀξιοῦται.
1086 5396 1238 5466 Τάχα
1264 5397 1448 5450 πολλοὶ
1466 5398 1574 5451 τῶν
1603 5400 1827 5469 ἀκουόν-

1931 5406 2208 5474 λοσοφίαν.
2234 5405 2296 5456 Εἰ
2330 5404 2438 5474 γὰρ
2463 5405 2538 5472 μὴ
2566 5402 2744 5455 δοῦναι
2771 5400 3017 5471 ἔμελλεν,
3046 5400 3152 5453 οὐδ’
3176 5400 3241 5454 ἂν
3269 5399 3405 5470 μετὰ
3433 5398 3603 5451 ταῦτα

226 5500 272 5532 ³⁸
290 5500 440 5584 ἀξιον
597 5504 638 5584 ξ’
660 5502 820 5584 αὐτὴ]
847 5504 943 5584 ⁸εἰς
962 5504 1037 5584 ⁵1,.
1066 5503 1163 5584 ER.
1187 5505 1549 5584 cmtgriiaﬁrﬂ.
1628 5508 1671 5539 "
1700 5526 1769 5584 γυ

2057 5510 2167 5584 -.M:
2211 5512 2295 5584 λ’,
2321 5508 2745 5584 φιλφσοφφτεροι
2792 5508 2855 5584 ιι.
2898 5508 2959 5562 L-
3022 5504 3598 5584 ‘°_#.v_°5599n=9;.9"1'-

148 5573 289 5626 Ben.
318 5572 639 5695 ἀναίσθέτός
676 5572 821 5627 ἐστιν
842 5576 907 5627 ἐκ
926 5575 1021 5643 τῆς
1036 5593 1084 5628 ν.
1114 5572 1216 5647 Ep,
1290 5577 1330 5606 ¹¹
1368 5576 1457 5631 Sic
1482 5572 1541 5630 Ε.
1571 5588 1694 5633 caele

148 5644 198 5675 ⁸³
222 5644 483 5703 ἐποίησεν
560 5682 571 5696 .
599 5644 737 5703 ὑπὲρ
769 5645 868 5703 τῆς
907 5646 1038 5700 6.(ὶ.
1071 5646 1137 5700 ll.
1194 5646 1261 5687 1“
1300 5648 1557 5703 μαθηταὶ]
1599 5650 1694 5703 add

2051 5581 2187 5652 ὁρῶν
2210 5580 2306 5703 ΜΫ
2325 5572 2392 5633 τά
2419 5581 2495 5633 ἐν.
2615 5572 2674 5647 φῖ
2710 5580 2986 5649 γινόμενα.
3065 5581 3107 5610 ¹¹
3126 5578 3205 5650 δὲ]
3228 5579 3284 5631 δέ
3314 5572 3405 5631 καὶ
3433 5575 3492 5628 ll.
3533 5576 3597 5630 L.

2058 5652 2119 5703 L.
2168 5652 2234 5703 Μ.
2337 5649 2502 5703 Mosa.
2550 5651 2668 5703 Mox
2715 5653 2821 5703 Kal
2856 5650 2965 5703 γὰο
2994 5651 3273 5703 καὶἠμεῖς
3302 5648 3365 5703 G.
3410 5647 3469 5701 L.
3521 5647 3590 5698 M.

148 5644 198 5720 33
222 5644 483 5720 ἐπρίῃσξν
508 5644 571 5720 .0.-
599 5644 746 5720 ὐτεέρ
769 5645 868 5715 τῆς
907 5646 1038 5720 θοβ·
1060 5644 1281 5720 .ῐ,¹·,-⁴’-¹ξ,
1299 5648 1557 5720 μαθηταὶ]

149 5715 197 5746 ω
225 5713 376 5785 καὶῆ

152 5784 342 5853 μεῖξον
367 5783 374 5785 ⁷
397 5783 458 5837 L.
565 5784 608 5816 ³⁸
633 5787 723 5838 καὶ
753 5788 903 5842 deest
936 5788 986 5842 in
1020 5787 1149 5843 Edd.
1198 5796 1211 5805 "

1599 5650 1722 5704 add.
1751 5650 1917 5707 αὐτοῦ
1955 5655 2017 5707 Κ.
2058 5650 2119 5705 IL.
2168 5652 2234 5705 M.

410 5713 473 5766 G.
512 5713 576 5766 ll.
655 5713 908 5770 “avom.
952 5716 1015 5772 ϐ.
1059 5717 1208 5772 11.Κ.
1237 5713 1310 5770 Mi
1384 5713 1517 5771 ’τ’τὸ
1540 5713 1647 5773 ὸηι.
1679 5721 1739 5775 G.
1779 5723 1844 5777 Η.
1884 5724 1945 5779 Κ.

759 5713 908 5770 vom.
952 5716 1015 5772 G.
1059 5713 1310 5772 11.Κ.Μζ
1384 5713 1517 5771 "ab
1540 5713 1647 5773 bm.
1679 5721 1739 5775 G.
1779 5723 1844 5777 Η.
1884 5724 1945 5779 Κ.
1972 5723 2087 5777 τότε
2106 5738 2218 5776 om.
2246 5721 2304 5775 L.

1263 5789 1303 5820 ³⁸
1336 5791 1394 5842 ἐν
1435 5799 1558 5843 ante
1595 5792 1799 5852 τούτοις
1822 5795 2019 5854 delevi,
2058 5793 2372 5857 iubentibus
2397 5791 2461 5847 K.
2495 5792 2553 5846 L.
2591 5792 2659 5847 M.

2736 5794 2792 5872 3:
2823 5793 3042 5876 ὲξῆξιθογ
3066 5790 3154 5862 ]G.
3171 5787 3347 5876 ’ἦλθον
3369 5787 3455 5853 εἰς
3498 5788 3589 5841 τὸν

148 5854 358 5923 κόσμον
406 5853 469 5909 L.
502 5853 570 5909 Μ.
649 5857 694 5887 ³³
753 5858 1069 5929 μεταλαϐεῖν
1107 5860 1170 5916 G.
1208 5858 1271 5913 Η.
1320 5859 1383 5915 Κ.
1460 5860 1505 5893 ³⁵
1550 5860 1619 5936 εἰ]

1682 5858 1794 5935 ill.
1872 5853 2015 5897 ’δηθά
2047 5853 2260 5935 προῄδει
2314 5864 2421 5935 γὰρ
2469 5863 2636 5934 αὐτὴν
2696 5853 2878 5917 ταῦτα’
2908 5853 3140 5934 ’ἐροῦσαν
3169 5853 3228 5917 ι’.
