3908 6198
233 307 334 375 SEN

232 440 289 484 ut
315 431 467 484 intres
495 428 585 483 sub
615 435 794 481 tectum
835 441 1036 491 meum;
1073 424 1319 496 quodque
1361 425 1414 479 in
1454 423 1653 478 fluxum
1694 438 1821 477 sau—

228 523 409 594 guinis
431 521 665 593 patiente
686 519 808 575 fecit
824 560 839 583 ,
863 518 976 590 Ego
994 559 1008 585 ,
1039 518 1236 588 inquit,
1264 517 1380 571 noui
1405 516 1634 570 virtutem
1659 530 1724 568 ea:
1748 530 1827 568 me

229 632 486 686 egressam
512 612 675 685 (Luc.
706 613 757 668 8.
790 613 859 668 46
878 613 927 682 ),
955 618 1025 667 ut
1047 611 1190 666 illius
1220 609 1377 664 ﬁdem
1408 608 1738 672 declararet;
1769 616 1822 662 et

229 706 375 776 quod
403 706 454 759 in
482 705 849 771 Samaritana,
883 712 941 759 ut
976 701 1285 758 ostenderet
1311 716 1428 757 eam
1449 742 1464 766 ,
1506 715 1574 755 ne
1610 699 1823 769 quidem

229 800 555 853 confutatam
581 796 841 852 absistere
861 797 881 867 (
899 795 1056 851 Joan.
1088 795 1158 865 4)
1183 812 1197 849 :
1220 794 1298 850 sic
1322 802 1376 850 et
1400 793 1503 850 hoc
1527 794 1647 849 loco
1675 792 1822 849 facit.

228 890 350 947 Non
379 890 521 945 enim
550 897 751 944 tantam
775 889 987 943 volebat
1011 886 1250 945 mulieris
1269 886 1517 945 virtutem
1544 885 1731 941 latere.
1753 884 1825 941 At

229 984 378 1039 enim
410 996 515 1038 non
544 981 917 1052 exprobrantis
942 988 1098 1035 erant
1121 993 1329 1050 eaquae
1355 978 1585 1047 dicebat,
1611 977 1703 1035 sed
1729 976 1824 1033 ad-

208 1074 503 1141 .vocantis,
543 1083 599 1129 et
625 1072 893 1128 occultum
924 1071 1234 1128 thesaurum
1261 1070 1572 1129 revelantis.

304 1163 608 1221 Chanantete
634 1162 761 1233 ﬁdes
796 1171 843 1217 et
877 1161 1337 1218 humilitas.-—'l'.u
1369 1176 1499 1218 vero
1543 1160 1673 1217 mihi
1714 1177 1820 1218 una

226 1271 357 1312 cum
387 1255 491 1311 ﬁde
515 1254 865 1310 humilitatem
892 1269 1105 1325 quoque
1127 1254 1367 1310 mulieris
1386 1253 1680 1325 perpende.
1704 1252 1821 1323 Ipse

229 1359 463 1417 namque
494 1346 629 1402 filios
658 1345 868 1401 vocavit
901 1345 1159 1412 Judzeos;
1180 1344 1296 1403 haec
1319 1360 1445 1402 veeo
1472 1344 1522 1399 id
1548 1358 1652 1399 non
1690 1344 1825 1400 satis

192 1450 198 1455 ‘
229 1437 472 1504 habens,
509 1436 757 1492 dominos
794 1436 1080 1508 appellavit
1121 1454 1135 1489 ε
1171 1443 1380 1491 tantum
1418 1435 1618 1500 abfuit,
1658 1444 1719 1491 ut
1754 1435 1835 1491 de

226 1529 405 1585 aliena
428 1527 584 1587 laude
608 1527 851 1585 doleret:
876 1528 966 1584 27.
997 1527 1197 1583 Etenim
1216 1528 1415 1593 catelli,
1440 1526 1643 1598 inquit,
1668 1527 1832 1583 edunt.

227 1623 297 1677 de
336 1623 479 1679 micis
523 1638 637 1692 qua:
675 1623 862 1677 cadunt
910 1623 973 1676 de
1013 1637 1184 1676 mensa
1224 1620 1545 1677 dominorum
1590 1635 1818 1675 suorum.

230 1715 424 1773 \‘iden’
453 1714 788 1789 prudentiam
815 1714 1095 1775 mulieris?
1122 1714 1403 1785 quomodo
1422 1728 1521 1769 nec
1546 1712 1819 1771 contradi-

226 1822 357 1863 cere
383 1807 610 1875 audeat,
640 1821 739 1862 nec
760 1806 987 1861 aliorum
1019 1805 1160 1861 laudi
1189 1805 1458 1872 invideat,
1499 1819 1599 1861 nec
1623 1814 1812 1861 contu«

227 1896 447 1957 meliain
477 1911 620 1970 aegre
646 1897 816 1954 ferat?
840 1896 1014 1951 viden’
1042 1896 1528 1966 perseverantiam?
1558 1894 1651 1951 llle
1670 1894 1821 1961 dicit,

226 1987 288 2041 Ν
291 2006 358 2042 an
384 1997 455 2041 est
482 1987 704 2052 bonum;
738 1988 827 2044 illa
851 1987 1160 2057 respondet,
1190 1986 1379 2054 Etiam,
1408 1986 1626 2042 Domine
1651 2002 1672 2041 :
1707 1988 1821 2059 ipse

226 2077 372 2139 ﬁlios
402 2089 603 2146 vocat;
622 2079 738 2137 haec
760 2078 1008 2135 dominos
1036 2096 1051 2134 :
1078 2079 1191 2148 ipse
1218 2094 1406 2135 canem
1433 2079 1701 2149 appellat;
1730 2080 1819 2135 illa

223 2186 424 2228 canum
471 2188 676 2234 morem
729 2171 950 2228 addidit.
1005 2173 1191 2229 Vidisti
1237 2174 1380 2229 illius
1426 2173 1821 2231 humilitatem?

226 2264 370 2320 Audi
406 2265 711 2323 Judteorum
745 2266 1078 2337 jactantiam.
1121 2266 1306 2323 Semen
1350 2266 1568 2323 Abralue
1607 2284 1818 2337 sumus,

227 2360 499 2431 inquiunt,
539 2371 586 2416 et
624 2361 754 2416 nulli
794 2377 1034 2434 umquam
1060 2361 1386 2428 seruiuimus,
1423 2370 1576 2433 atque
1609 2378 1673 2417 ea:
1712 2360 1821 2418 Deo

227 2458 337 2515 nati
357 2474 530 2513 sumus
552 2456 729 2531 (Joan.
752 2457 807 2513 8.
828 2456 945 2529 '55).
968 2456 1074 2512 Sed
1103 2472 1209 2512 non
1230 2455 1303 2512 ita
1328 2456 1553 2523 mulier;
1574 2456 1820 2512 catellum

226 2565 292 2606 se
321 2559 507 2615 vocat,
541 2550 767 2620 illosque
805 2549 1052 2605 dominos
1076 2566 1092 2605 :
1120 2549 1345 2620 ideoque
1372 2548 1478 2604 filia
1503 2548 1689 2606 effecta
1714 2559 1818 2605 est.

223 2641 370 2708 Quid
392 2657 520 2712 ergo
539 2641 821 2697 Christus?
842 2640 932 2698 28.
961 2639 1006 2697 0
1029 2641 1245 2697 mulier!
1268 2657 1452 2712 magna
1470 2651 1543 2697 est
1562 2642 1691 2709 ﬁdes
1712 2651 1842 2712 tua“

228 2733 360 2789 Ideo
402 2750 629 2806 namque
673 2735 979 2802 differebat,
1013 2744 1067 2791 nt
1098 2736 1150 2791 in
1183 2735 1321 2791 hanc
1348 2751 1533 2792 vocem
1572 2750 1823 2807 erumpe—

228 2839 352 2893 ret,
387 2838 445 2883 ut
464 2829 745 2886 mulierem
772 2841 1075 2886 coronaret.
1101 2830 1223 2885 Fiat
1249 2832 1335 2885 tibi
1362 2832 1489 2885 sicut
1513 2832 1605 2886 vis.
1633 2831 1690 2887 Id
1716 2839 1820 2897 est,

229 2918 369 2974 fides
397 2928 485 2973 tua
516 2921 600 2975 bis
628 2920 829 2991 majora
852 2930 1046 2991 potest
1084 2921 1373 2992 perficere;
1411 2932 1662 2977 caeterum
1701 2920 1824 2977 Fiat

230 3013 324 3068 tibi
347 3015 475 3069 sicut
502 3014 597 3070 vis.
631 3013 755 3071 llaec
784 3030 883 3068 vox
912 3013 1086 3072 affinis
1111 3023 1194 3069 est
1223 3015 1332 3082 illi,
1376 3014 1495 3069 Fiat
1533 3015 1713 3070 ctelum
1732 3057 1746 3081 ,
1775 3025 1823 3070 et

230 3109 428 3177 factum
452 3116 526 3160 est
555 3106 755 3161 calum.
784 3106 852 3160 Et
875 3117 1056 3162 sanata
1086 3117 1156 3161 est
1192 3108 1301 3176 filia
1328 3109 1436 3180 ejus
1462 3108 1524 3163 ab
1551 3107 1645 3162 illa
1674 3108 1820 3163 hora.

230 3196 424 3253 Viden‘
447 3213 553 3252 non
581 3212 764 3268 parum
792 3197 937 3252 illam
961 3198 1203 3253 intulisse
1225 3198 1291 3253 ad
1317 3199 1646 3254 curationem
1671 3198 1825 3254 filim?

230 3286 363 3344 ldeo
381 3288 524 3345 enim
546 3304 651 3344 non
672 3289 799 3345 dicit
818 3289 1063 3345 Christus
1082 3332 1097 3356 ,
1127 3290 1355 3346 Sanetur
1378 3290 1483 3345 filia
1516 3300 1603 3345 tua
1626 3292 1678 3352 ’ξ
1703 3289 1821 3357 sed,

231 3382 432 3455 Magna
457 3392 531 3438 est
559 3383 685 3451 ﬁdes
710 3392 797 3437 tua
816 3425 832 3450 ,
865 3384 956 3453 ﬁat
982 3384 1071 3437 tibi
1094 3393 1149 3437 ut
1169 3384 1242 3437 vis
1262 3399 1282 3437 :
1302 3392 1362 3438 ut
1386 3382 1580 3449 discas,
1608 3397 1714 3437 non
1740 3397 1827 3437 as-

230 3478 551 3534 sentationis
580 3477 739 3532 verba
769 3477 933 3532 fuisse
952 3518 967 3542 ,
1001 3476 1095 3532 sed
1121 3476 1371 3533 eximiam
1403 3475 1522 3532 fidei
1550 3477 1823 3531 virtutem.

233 3568 545 3640 Rerumque
569 3568 783 3623 eventui
813 3577 1113 3623 accuratam
1142 3569 1219 3623 rei
1247 3567 1615 3638 probationem
1644 3576 1700 3624 et
1726 3567 1824 3623 de-

232 3662 677 3721 monstrationem
717 3660 963 3723 Christus
991 3659 1225 3733 reliquit.
1258 3659 1454 3717 Sauata
1478 3667 1589 3727 est,
1622 3658 1825 3730 inquit,

232 3756 419 3813 statim
446 3754 559 3813 lilia
578 3754 713 3824 ejus.

310 3849 361 3905 3.
399 3847 680 3902 Assiduitas
707 3847 949 3918 precandi
976 3858 1167 3917 quanta
1203 3864 1303 3904 res.
1327 3847 1479 3902 -—-Tu
1508 3862 1634 3903 vero
1657 3847 1831 3902 anim-

235 3941 480 4007 adverte,
512 3940 804 4011 quomodo,
832 3940 1090 4011 apostolis
1131 3940 1396 4010 superatis
1434 3939 1671 4010 nihilque
1703 3953 1832 4009 ope-

237 4034 409 4098 ratis,
441 4033 534 4088 illa
586 4041 755 4087 totum
804 4033 1046 4104 perfecit.
1089 4033 1257 4089 Tanta
1311 4048 1395 4089 res
1424 4042 1506 4088 est
1549 4033 1833 4091 assiduitas

238 4127 589 4205 precationis.
615 4126 746 4182 Nam
788 4142 909 4182 cum
952 4126 1020 4182 dc
1048 4128 1209 4182 relms
1253 4127 1450 4183 nostris
1481 4128 1689 4198 agitur,
1720 4143 1834 4183 ma-

240 4221 361 4276 vult
404 4236 434 4275 a
486 4221 641 4276 nobis
672 4222 849 4292 potius
878 4221 1054 4292 rogari
1080 4264 1095 4285 ,
1123 4236 1283 4292 quam
1323 4221 1390 4274 ab
1409 4220 1527 4277 aliis
1557 4236 1652 4292 pro
1680 4220 1835 4277 nobis

241 4314 642 4386 precantibus:
685 4328 1010 4384 quamquam
1062 4314 1135 4368 illi
1190 4314 1396 4384 majore
1440 4323 1595 4369 erant
1645 4314 1851 4385 fiducia,

243 4408 499 4463 instructi
529 4423 545 4469 ;
576 4406 670 4463 sed
703 4406 819 4463 lucc
845 4407 1067 4462 multam
1088 4407 1541 4476 perseverantiam
1571 4406 1832 4465 exhibuit.

243 4502 357 4561 Per
384 4501 590 4556 exitum
626 4510 805 4555 autem
836 4499 915 4554 rei
935 4499 1221 4569 discipulis
1242 4499 1394 4569 quasi
1422 4513 1544 4555 sese
1567 4499 1834 4570 purgavit,

245 4591 394 4664 quod
434 4591 762 4659 distulisset,
792 4600 847 4646 et
876 4591 998 4661 jure
1026 4604 1085 4646 se
1114 4591 1220 4646 illis
1254 4592 1567 4662 rogantibus
1595 4607 1704 4647 non
1744 4606 1839 4647 an-

246 4686 436 4741 nuisse
472 4686 715 4741 ostendit
741 4702 755 4738 :
778 4685 868 4740 ‘29.
904 4684 971 4739 Et
995 4702 1108 4741 cum
1135 4686 1395 4741 transisset
1418 4686 1536 4741 inde
1557 4685 1727 4754 Iesus,
1756 4704 1840 4743 ve-

249 4776 333 4833 nit
366 4791 514 4829 secus
546 4790 689 4827 mare
735 4772 994 4828 Galila'w.
1050 4772 1116 4825 Et
1163 4775 1447 4824 ascendens
1497 4770 1549 4822 in
1585 4776 1833 4835 montem,

248 4865 589 4924 sedebut‘ibi.
620 4865 706 4920 50.
739 4863 814 4917 Et
843 4870 1172 4918 accesserunt
1202 4860 1271 4914 ad
1296 4876 1415 4914 eum
1450 4859 1617 4913 turba:
1654 4857 1837 4913 multat

250 4960 507 5014 habentes
556 4974 728 5011 secum
784 4956 1030 5021 claudos,
1078 4969 1274 5018 δίει-οε,
1329 4951 1563 5013 debiles,
1607 4959 1781 5004 mutos
1816 4963 1836 5004 .'

247 5062 301 5107 ιι
340 5050 672 5119 projecerunt
713 5064 798 5101 eos
848 5056 969 5100 ante
1012 5045 1164 5115 pedes
1200 5045 1311 5115 ejus
1343 5061 1361 5099 :
1395 5054 1443 5098 et
1490 5042 1695 5095 curauit
1725 5056 1834 5107 eos,

248 5144 340 5200 ita
384 5150 444 5195 ut
486 5140 653 5195 turba:
699 5141 1054 5203 mirarentur,
1095 5138 1217 5191 dum
1260 5135 1486 5191 viderent
1534 5142 1703 5187 mutos
1753 5130 1834 5185 lo-

251 5244 497 5305 quentes,
544 5232 737 5287 debiles
765 5247 943 5297 sanos,
976 5239 1025 5284 et
1074 5245 1237 5284 cwcos
1276 5228 1505 5282 videntes
1530 5266 1545 5291 ,
1587 5237 1635 5279 et
1676 5224 1838 5295 glori-

253 5328 551 5397 ﬁcaverunt
597 5323 760 5378 Deum
807 5320 1003 5377 Israel.
1057 5320 1365 5391 Aliquando
1409 5320 1525 5389 ipsc
1563 5318 1836 5383 circumit,

252 5415 557 5487 aliquando
608 5415 760 5470 sedet
797 5428 973 5483 mgros
1025 5422 1368 5483 exspectans,
1417 5420 1472 5464 et
1508 5410 1730 5466 claudos
1769 5408 1838 5463 ad

253 5516 501 5566 montem
552 5506 789 5561 adducit.
857 5503 1045 5574 Neque
1095 5520 1241 5559 nunc
1283 5502 1664 5559 vestimentum
1718 5510 1838 5556 tau-

254 5611 433 5675 gunt,
502 5601 598 5656 sed
651 5599 718 5654 ad
772 5598 1011 5655 subliora
1078 5597 1325 5664 adducti,
1370 5595 1728 5668 projiciunlur
1772 5593 1838 5649 ad

324 5785 354 5825 ι.
373 5780 582 5847 Quidam
604 5778 807 5843 habent,
838 5776 941 5840 tibi,
968 5792 1076 5842 pro,
1102 5781 1204 5833 lita.

1276 305 1340 361 IN
1381 302 1786 361 MATTHAiU.“
1828 302 2054 360 llOMlL.
2098 306 2204 364 LII.
2246 310 2316 364 al.
2360 309 2492 367 Llll.

3414 318 3520 375 522

1935 422 2099 493 pedes
2127 423 2264 495 ejus,
2291 427 2667 499 duplicemque
2699 429 2856 484 fidem
2895 436 3047 486 suam
3092 445 3423 501 monstrant,
3464 447 3518 492 et

1931 517 2072 588 quod
2100 518 2273 574 claudi
2303 520 2356 575 in
2386 529 2620 578 montem
2650 524 2963 591 ascendant,
2996 535 3049 581 et
3073 527 3216 597 quod
3244 529 3393 585 nullo
3411 531 3519 586 alio

1930 618 2144 679 egeant,
2174 610 2278 666 nisi
2305 620 2507 668 tantum
2554 622 2613 668 ut
2658 614 3007 684 projiciantur
3029 625 3153 673 ante
3187 618 3349 689 pedes
3376 619 3514 689 ejus.

1931 702 2164 775 Eratque
2206 720 2292 761 res
2319 707 2455 761 mira
2482 721 2546 763 ac
2571 708 2833 778 stupenda
2860 750 2875 775 ,
2905 709 3027 764 illos
3054 710 3143 781 qui
3170 711 3519 779 gestabantur

1926 795 2262 853 ambulantes
2291 797 2441 853 nullo
2453 800 2674 868 juvante
2698 798 2900 865 videre,
2933 813 3106 855 caecos
3132 800 3394 868 videntes,
3420 818 3518 858 nec

1927 888 2064 945 duce
2090 903 2226 960 opus
2249 889 2530 947 habentes.
2552 891 2685 947 Nam
2713 902 2769 947 et
2798 893 3081 949 nmltitudo
3106 908 3293 951 eorum
3310 895 3399 966 qui
3426 910 3516 951 cu.

1928 979 2031 1036 rati
2060 978 2294 1047 fuerant,
2319 990 2377 1037 et
2401 982 2691 1039 curationis
2718 982 2944 1039 facilitas
2965 985 3018 1039 in
3039 994 3311 1055 stuporem
3328 999 3517 1041 omnes

1926 1071 2178 1143 coniecit.
2216 1072 2399 1130 Viden’
2421 1076 2693 1145 quomodo
2713 1090 2836 1131 cum
2857 1085 3000 1133 tanta
3027 1079 3367 1136 cunctatione
3396 1093 3517 1134 mu-

1930 1162 2077 1218 lieris
2103 1163 2266 1219 filiam
2288 1167 2579 1231 sanaverit,
2612 1166 2710 1222 hos
2730 1183 2860 1223 vero
2886 1168 3106 1223 statim?
3131 1169 3244 1224 Non
3272 1169 3413 1241 quod
3440 1170 3516 1226 illi

1926 1253 2181 1311 meliores
2200 1265 2406 1324 essent,
2437 1256 2531 1313 sed
2560 1258 2700 1328 quod
2725 1258 2813 1313 illa
2844 1260 2896 1315 in
2921 1259 3023 1315 fide
3046 1260 3359 1317 ferventior.
3389 1260 3529 1319 Ideo,

1923 1346 2065 1401 circa
2091 1346 2234 1403 illam
2250 1356 2550 1415 cunctatur,
2570 1358 2626 1404 ut
2648 1353 3096 1421 perseverantiam
3120 1352 3238 1424 ejus
3254 1352 3511 1419 declaret;

1926 1435 2009 1493 his
2037 1439 2217 1494 statim
2244 1439 2444 1496 donum
2460 1442 2682 1512 praebet,
2708 1453 2761 1500 ut
2790 1445 3186 1502 incredulorum
3208 1446 3512 1502 Iudaeorum

1924 1544 2019 1585 ora
2081 1531 2384 1606 obstruat,_
2419 1548 2742 1606 omnemque
2805 1537 2925 1593 illis.
2974 1539 3340 1608 purgationem
3394 1537 3515 1593 adi-

1925 1631 2056 1682 mat.
2082 1624 2294 1693 Quanto
2329 1626 2472 1683 enim
2518 1626 2717 1697 majora
2766 1630 2883 1699 quis
2922 1629 3177 1686 beneficia
3206 1630 3509 1700 acceperit,

1925 1724 2077 1773 tanto
2102 1716 2290 1787 majori
2320 1718 2584 1788 supplicio
2610 1718 2853 1775 addictus
2876 1730 2959 1775 est
2983 1729 3042 1776 ut
3062 1720 3318 1792 ingratus,
3344 1721 3393 1777 si
3418 1735 3512 1776 ne-

1925 1821 2030 1878 que
2054 1809 2341 1865 excollato
2367 1810 2571 1865 honore
2597 1811 2790 1865 melior
2807 1812 2879 1867 sit
2907 1810 3148 1867 effectus.
3172 1811 3405 1883 ideoque
3422 1809 3509 1867 di-

1924 1900 2061 1955 vites
2087 1900 2454 1972 magis.quam
2503 1917 2766 1973 pauperes
2808 1902 3141 1973 puniuntur,
3190 1904 3235 1959 si
3283 1902 3512 1974 improbi

1924 1993 2066 2060 sint,
2094 1992 2237 2065 quod
2274 2009 2344 2050 ne
2387 1994 2441 2051 in
2486 2009 2666 2051 rerum
2705 1996 2857 2068 copia
2880 1995 3096 2068 quidem
3122 1997 3533 2067 mansuetiores.

1924 2083 2145 2143 fuerint.

1998 2176 2338 2250 Eleemosyna
2381 2194 2498 2235 uera
2522 2196 2654 2251 quae.
2690 2211 2764 2227 --
2783 2180 2862 2237 Ne
2883 2182 3011 2238 mihi
3029 2181 3199 2251 dicas,
3230 2183 3350 2240 illos
3370 2182 3514 2240 elea-

1926 2284 2204 2343 mosynam
2232 2270 2463 2327 dedisse.
2498 2271 2629 2327 Nam
2655 2274 2754 2328 nisi
2785 2274 3079 2331 sewndum
3110 2273 3389 2332 facultates
3412 2275 3511 2332 de.

1926 2359 2107 2416 derint
2130 2403 2145 2429 ,
2177 2377 2351 2432 neque
2380 2363 2451 2418 ita
2482 2362 2755 2435 en'ugient.
2786 2362 2902 2420 Non
2938 2365 3081 2421 enim
3111 2381 3189 2421 ex
3206 2365 3334 2422 doni
3360 2381 3514 2423 meno.

1923 2469 2046 2509 sura
2068 2455 2411 2526 eleemosyna
2436 2456 2863 2524 aestimatur,sed
2890 2472 2956 2513 ex
2975 2457 3138 2512 animi
3168 2457 3507 2515 liberalitate.

1925 2546 1980 2603 Si
2009 2558 2185 2602 autem
2217 2548 2270 2603 bi
2314 2564 2499 2618 poenas
2537 2548 2690 2617 dent,
2715 2551 2884 2605 nmlto
2912 2552 3082 2624 magis
3123 2551 3215 2624 qui
3244 2552 3526 2623 superﬂuis
3588 2586 3591 2589 -

1925 2644 2141 2707 inhiant
2167 2644 2206 2709 ί,
2227 2642 2316 2713 qui
2342 2641 2497 2697 trium
2520 2651 2815 2714 quatuorve
2834 2645 3189 2701 tabulatorum
3208 2645 3352 2702 aedes
3377 2659 3513 2702 con.

1924 2743 2156 2803 struunt,
2176 2734 2553 2808 famelicosque
2581 2738 2903 2809 despiciunt,
2923 2739 3012 2809 qui
3029 2739 3267 2796 avaritia:
3296 2738 3531 2796 student

1924 2836 1979 2882 ct
2022 2827 2418 2902 eleemosynam
2460 2831 2748 2903 negligant.
2786 2831 2891 2888 Sed
2937 2833 3058 2903 quia
3108 2832 3160 2887 in
3207 2846 3535 2890 sermonem.

1927 2918 1993 2973 de
2015 2918 2357 2991 elecmosyna
2386 2921 2673 2978 incidimus
2707 2940 2721 2977 :
2754 2938 2854 2993 age
2901 2924 3214 2980 concionem
3258 2924 3400 2980 illam
3445 2924 3513 2982 de

1928 3008 2280 3078 humanitate,
2308 3027 2467 3082 quam
2495 3020 2620 3068 ante
2647 3013 2881 3069 triduum
2907 3014 3273 3085 imperfectam
3298 3015 3517 3087 reliqui—
3582 3024 3585 3027 ‘

1927 3116 2070 3168 mus,
2091 3100 2249 3158 hodie
2272 3117 2630 3159 resumamns.
2663 3104 2981 3161 Meministis
3012 3122 3099 3163 me
3134 3122 3307 3179 nuper
3334 3107 3403 3163 de
3430 3107 3517 3163 ni-

1927 3196 2033 3251 mia
2051 3195 2353 3252 calceorum
2380 3197 2689 3254 curiositate
2712 3198 3033 3255 disseruisse
3058 3240 3075 3267 ,
3105 3199 3173 3256 de
3212 3200 3541 3271 hujusmodL

1929 3301 2122 3357 nempe
2146 3286 2401 3353 vanitate,
2420 3298 2473 3343 et
2498 3287 2567 3344 de
2588 3289 2844 3359 juvenum
2871 3290 3115 3357 mollitie;
3140 3299 3268 3348 tunc
3287 3291 3355 3347 ab
3377 3292 3521 3348 elec-

1929 3393 2152 3450 mosyna
2181 3379 2312 3446 ensi,
2346 3380 2399 3435 in
2430 3380 2559 3435 illud
2607 3381 2909 3436 incidimus.
2945 3382 3021 3437 De
3045 3383 3362 3453 quibusnam
3389 3401 3518 3455 ergo

1932 3480 2059 3527 tunc
2108 3484 2414 3528 sermonem
2461 3473 2788 3530 habuimus?
2834 3474 3073 3530 Diximus
3119 3475 3515 3548 eleemosynain

1932 3577 2054 3620 esse
2081 3572 2275 3628 artem.
2299 3579 2419 3635 quae
2446 3564 2713 3621 officinam
2757 3565 2949 3625 habeat
2985 3568 3036 3621 in
3062 3567 3215 3635 caelo,
3245 3578 3300 3625 et
3326 3569 3521 3625 docto—

1931 3673 2045 3714 rem
2079 3672 2186 3712 non
2233 3657 2506 3714 hominem
2537 3700 2553 3727 ,
2585 3658 2679 3714 sed
2725 3660 2909 3715 Deum.
2943 3659 3144 3716 Deinde
3172 3671 3476 3730 quaerentes
3500 3703 3517 3729 ,

1934 3749 2179 3820 quidaars
2208 3749 2312 3805 dici
2341 3758 2541 3820 posset,
2571 3750 2696 3821 quid
2727 3766 2886 3807 secus
2908 3792 2924 3819 ,
2955 3750 3008 3806 in
3045 3765 3226 3809 vanas.
3245 3754 3543 3825 malasque?

1934 3850 2081 3897 artes
2107 3841 2424 3910 incidimus,
2452 3842 2505 3898 in
2535 3843 2728 3913 quibus
2772 3844 2841 3900 de
2869 3844 3172 3901 calceorum
3214 3856 3331 3903 arte
3356 3846 3522 3903 verba

1935 3931 2180 3989 fecimus.
2234 3932 2372 3989 Num
2402 3934 2455 3989 in
2502 3942 2740 3990 mentem
2782 3937 3046 3992 revocatis
3064 3935 3225 4008 ?4Age
3251 3952 3382 4009 ergo
3406 3953 3525 4009 qua:

1934 4034 2064 4083 tunc
2078 4027 2511 4094 diximus,hodie
2531 4042 2882 4096 resumamus,
2907 4029 3360 4102 ostendamusque
3383 4031 3525 4089 elec-

1937 4133 2216 4192 mosynam
2248 4129 2419 4176 artem
2467 4134 2587 4176 esse
2627 4128 2683 4175 et
2721 4120 2960 4175 omnium
3001 4121 3197 4177 artium
3246 4122 3523 4193 optimam.

1939 4214 2072 4271 Nam
2097 4214 2141 4269 si
2168 4212 2301 4270 artis
2339 4222 2422 4269 est
2460 4213 2735 4284 proprium
2779 4212 2831 4268 in
2861 4213 3063 4285 aliquid
3092 4214 3225 4270 utile
3253 4214 3525 4284 desinere,

1939 4307 2279 4377 eleemosyna
2305 4318 2433 4360 vero
2457 4304 2588 4359 nihil
2611 4312 2697 4360 est
2723 4304 2923 4367 utilius,
2949 4305 3258 4375 liquet-eam
3280 4314 3333 4360 et
3356 4316 3526 4362 artem

1940 4410 2062 4453 esse
2091 4406 2145 4451 et
2172 4397 2410 4452 omnium
2446 4396 2642 4452 artium
2688 4397 3206 4465 praestantissimam.
3236 4396 3349 4453 Non
3380 4398 3548 4453 enim

1942 4490 2033 4546 illa
2069 4489 2225 4545 nobis
2266 4488 2475 4545 calceos
2504 4496 2695 4560 parat,
2729 4505 2835 4544 non
2875 4490 3192 4545 reetimenta
3234 4489 3389 4555 texit,
3419 4504 3526 4546 non

1942 4580 2114 4637 luteas
2142 4579 2330 4637 domos
2349 4580 2649 4644 construit;
2681 4580 2775 4636 sed
2806 4581 2968 4635 vitam
2999 4581 3378 4651 sempiternam
3405 4596 3525 4637 con.

1943 4676 2132 4742 ciliat,
2164 4684 2324 4746 atque
2366 4692 2430 4730 ex
2484 4675 2674 4730 mortis
2728 4674 2974 4730 manibus
3024 4690 3126 4730 nos
3173 4676 3364 4746 eripit,
3397 4675 3535 4731 etin

1944 4776 2169 4838 utraque
2196 4768 2303 4822 vita
2330 4766 2638 4838 splendidos
2660 4766 2853 4830 reddit,
2874 4767 3178 4823 mansiones
3200 4766 3353 4821 nobis
3377 4766 3545 4821 caele-

1946 4869 2057 4915 stes
2082 4859 2381 4916 exmdiﬁcat
2421 4869 2477 4916 et
2507 4859 2596 4915 illa
2627 4869 2833 4915 :eterna
2880 4859 3242 4914 tabernacula.
3273 4858 3398 4913 Hice
3427 4872 3533 4911 non

1950 4951 2085 5006 sinit
2114 4951 2389 5021 lampades
2439 4958 2655 5006 nostras
2696 4950 2999 5019 exstingui,
3031 4964 3133 5005 nec
3158 4964 3278 5004 cum
3305 4947 3548 5004 sordidis-

1948 5043 2190 5099 vestibus
2234 5042 2434 5113 nuptiis
2461 5042 2759 5107 interesse;
2793 5041 2886 5096 sed
2937 5042 3073 5095 lavat
3117 5039 3320 5095 etnive
3346 5038 3539 5094 candi-

1948 5133 2129 5191 diores
2156 5133 2351 5191 reddit.
2383 5134 2446 5190 Si
2471 5135 2604 5189 enim
2634 5134 2821 5204 fuerint
2850 5142 3055 5201 peccata
3081 5138 3245 5185 uestra
3273 5129 3418 5200 quasi
3439 5147 3539 5201 pu-

1951 5227 2168 5293 niceum,
2188 5226 2333 5297 quasi
2361 5226 2523 5281 niuem
2543 5222 2786 5279 dealbabo
2815 5223 2835 5295 (
2868 5221 2997 5277 lsai.
3024 5223 3077 5277 1.
3101 5221 3170 5277 18
3197 5221 3236 5290 ).
3265 5220 3381 5275 Νοιι
3412 5214 3541 5277 sinit

1953 5334 2053 5374 nos
2081 5319 2175 5373 illo
2200 5317 2470 5383 incidere,
2498 5331 2606 5388 quo
2647 5314 2797 5372 dives
2825 5314 2916 5369 ille
2941 5355 2957 5383 ,
2987 5329 3162 5384 neque
3205 5312 3391 5368 audire
3433 5322 3540 5369 tre-

1953 5412 2176 5469 mendas
2203 5426 2402 5477 voces;
2433 5409 2528 5466 sed
2556 5407 2774 5464 deducit
2805 5408 2859 5463 in
2890 5408 3069 5464 sinum
3099 5404 3329 5462 Abrahae
3358 5404 3378 5476 (
3408 5404 3537 5460 Luc.

1956 5509 2024 5565 l6
2052 5509 2095 5580 ).
2121 5508 2281 5564 Certe
2306 5515 2452 5561 artes
2486 5504 2776 5559 saeculares
2815 5502 3040 5574 singulm
3067 5516 3222 5557 suum
3251 5498 3451 5555 habent
3476 5497 3541 5553 li-

1957 5615 2079 5658 nem
2108 5617 2121 5654 :
2150 5598 2489 5671 agricultura:
2516 5607 2599 5653 est
2632 5596 2855 5665 nutrire,
2881 5594 3124 5653 textoriae
3144 5593 3294 5663 artis,
3316 5590 3542 5657 vestire;

3529 368 3547 455 ἔ

2021 5787 2040 5823 ⁸
2065 5786 2182 5843 Alii.
2204 5781 2286 5838 aui
2308 5779 2551 5835 sttvcrlltta
2574 5781 2791 5832 retinent.
