3908 6198
396 350 540 449 τὲεἳῖ

438 466 546 520 imo
572 477 639 517 ne
669 459 885 534 quidem
925 457 1030 513 hoc
1057 454 1237 510 facere
1268 461 1444 523 potest
1491 469 1503 504 :

441 553 639 610 sufficit
667 551 735 607 ad
773 564 869 605 sua
902 548 1059 603 nobis
1083 541 1501 616 suppeditanda.

511 648 565 701 4.
596 644 742 698 Artes
769 638 985 712 singulae
1026 638 1142 692 aliis
1185 635 1379 689 artibus
1420 648 1547 703 opus
1577 630 1775 683 habent.
1804 627 2037 680 Eleemo-

446 752 589 809 agna:
611 733 981 805 prwrogativc.
1008 760 1079 771 —
1104 728 1160 784 Si
1182 728 1261 782 vis
1281 734 1480 787 autem,
1500 720 1874 791 agriculturam
1891 717 2037 818 prius

443 830 811 897 exploremus.
854 822 968 877 Nisi
1018 820 1163 875 enim
1192 818 1282 872 illa
1320 813 1596 872 ferrariam
1633 820 1802 867 artem
1838 813 2037 863 sociam

446 920 662 985 habeat,
690 932 810 988 qua:
837 915 1067 984 ligonem
1089 952 1105 978 ,
1147 922 1443 975 vomerem,
1483 905 1674 961 falcem
1701 912 1757 959 et
1798 900 2034 956 securim

445 1013 661 1082 aliaque
689 1007 855 1065 multa
879 1004 1203 1077 suppeditet,
1228 1003 1465 1070 itemque
1491 997 1759 1059 fabrilem,
1778 1010 1898 1066 qua:
1921 1008 2041 1047 ara-

448 1116 615 1170 trum,
637 1103 823 1174 jugum
845 1108 901 1155 et
941 1100 1240 1170 plaustrum
1270 1100 1543 1149 construat
1572 1089 1640 1145 ad
1665 1089 1839 1159 spicas
1866 1095 2041 1141 teren-

449 1199 583 1263 das;
615 1204 671 1252 et
692 1192 1008 1257 coriariam,
1038 1204 1159 1260 qua:
1201 1185 1500 1256 corrigias;
1534 1177 2000 1238 architectonicam
2023 1218 2037 1241 ,

449 1306 568 1362 quae
596 1286 873 1345 arantibus
894 1283 1067 1339 bobus
1085 1278 1372 1343 stabulum,
1399 1274 1648 1346 agricolis
1666 1286 1846 1328 casam
1876 1268 2040 1372 fabri-

453 1392 576 1448 cet;
607 1389 664 1438 et
701 1376 983 1450 lignariam
1005 1416 1022 1442 ,
1046 1388 1168 1445 qua:
1209 1371 1348 1441 ligna
1372 1376 1552 1432 secet;
1585 1379 1647 1419 ac
1673 1371 1931 1434 praeterea
1956 1371 2041 1430 pl-

458 1475 706 1541 storiam,
735 1486 854 1543 quae
896 1482 1089 1541 panem
1112 1462 1483 1521 subministret
1514 1477 1528 1513 :
1559 1466 1703 1513 stare
1727 1455 1909 1526 nequit
1928 1468 2044 1509 om-

455 1568 607 1625 nino.
638 1566 727 1623 Sic
751 1563 913 1619 etiam
941 1575 1030 1616 ars
1051 1554 1300 1621 textoria,
1327 1552 1372 1607 si
1394 1550 1519 1623 quid
1547 1549 1724 1629 faciat,
1742 1546 1936 1602 multas
1951 1544 2047 1598 ad-

458 1667 614 1717 vocat
638 1665 806 1722 artes,
835 1668 955 1721 qua:
995 1664 1155 1721 opem
1183 1648 1392 1709 ferant;
1419 1658 1539 1713 quae
1564 1642 1609 1696 si
1636 1655 1741 1695 non
1766 1635 2041 1703 accedant,

459 1758 569 1807 stat
591 1750 679 1805 illa
710 1746 932 1803 inutilis.
978 1740 1070 1797 Sic
1112 1736 1336 1808 singula:
1365 1743 1509 1789 artes
1534 1732 1746 1788 caeteris
1781 1736 1960 1799 egent.
1987 1725 2045 1783 Si

460 1857 593 1899 vero
632 1834 1058 1896 misericordiam
1089 1843 1348 1887 exercere
1375 1825 1639 1891 velimus,
1681 1837 1788 1878 una
1828 1833 2047 1892 egemus

458 1937 757 1993 voluntate.
779 1932 834 1988 Si
860 1928 1063 1986 dixeris
1091 1923 1332 1995 pecuniis
1359 1934 1482 1977 esse
1520 1932 1677 1987 opus,
1704 1914 1925 1979 aedibus,
1955 1927 2048 1969 ve-

465 2028 659 2093 stibus,
681 2023 878 2081 calceis
900 2062 916 2086 ,
949 2020 1068 2090 lege
1095 2018 1183 2072 illa
1211 2012 1409 2071 Christi
1441 2009 1627 2075 verba,
1655 2023 1775 2078 quae
1800 2006 1867 2062 de
1891 2004 2047 2060 vidua

461 2120 598 2177 dixit
624 2116 795 2191 (Luc.
818 2114 910 2168 2t.
938 2111 974 2167 ’ὅ
999 2110 1017 2180 )
1041 2151 1056 2176 ,
1093 2117 1148 2164 et
1192 2108 1332 2161 hanc
1377 2099 1789 2158 sollicitudinem
1817 2095 2046 2191 depone.

466 2213 526 2269 Si
550 2187 837 2268 admodum
869 2217 1073 2277 pauper
1116 2201 1224 2265 sis,
1256 2206 1312 2254 et
1337 2193 1599 2252 mendicis
1626 2192 1756 2263 ipsis
1787 2190 1974 2253 vilior,
2005 2187 2048 2242 si

484 2305 593 2359 dua
618 2302 828 2357 minuta
854 2293 1130 2364 injeceris,
1168 2295 1342 2341 totum
1375 2279 1683 2351 perfecisti;
1727 2278 1772 2333 si
1800 2277 1896 2331 des
1940 2290 2047 2329 ma-

487 2408 609 2449 zam
638 2405 802 2461 quam
828 2387 1007 2444 solum
1039 2383 1237 2446 habes,
1275 2377 1342 2433 ad
1371 2375 1508 2432 artis
1535 2373 1696 2429 finem
1732 2367 2043 2441 pervenisti.

464 2480 616 2534 l‘lane
654 2477 831 2544 itaque
857 2472 1196 2540 disciplinam
1225 2510 1239 2535 ,
1272 2468 1410 2523 hanc
1453 2476 1623 2522 artem
1649 2464 1975 2536 accipiamus
2002 2470 2056 2519 et

466 2568 803 2640 impleamus.
834 2563 1132 2635 Optabilius
1155 2561 1351 2632 quippe
1370 2567 1454 2615 est
1482 2558 1625 2613 illam
1655 2557 1872 2622 habere,
1895 2568 2054 2625 quam

467 2676 646 2732 regem
691 2672 810 2713 esse
831 2697 847 2724 ,
878 2665 931 2711 et
975 2654 1276 2709 diademate
1314 2650 1516 2707 ornari.
1541 2649 1725 2720 Neque
1750 2650 1891 2705 enim
1919 2647 2057 2703 hanc

468 2754 643 2809 solum
676 2748 1081 2822 praerogativam
1112 2744 1296 2810 habet,
1322 2742 1463 2814 quod
1491 2742 1703 2798 caeteris
1732 2755 1838 2795 non
1869 2750 2055 2810 egeat,

469 2846 565 2903 sed
587 2842 731 2916 quod
756 2841 918 2898 etiam
946 2838 1111 2893 multa
1139 2846 1193 2891 et
1213 2835 1359 2890 varia
1382 2834 1594 2904 negotia
1622 2832 1885 2904 perficiat.
1915 2830 2046 2885 Nam

470 2938 619 2994 :rdcs
642 2933 904 2992 construit
949 2933 1001 2987 in
1032 2929 1179 2986 caelis
1208 2942 1423 2998 semper
1448 2934 1728 2981 manentes
1756 2964 1771 2991 ,
1796 2924 2059 2995 docetque

469 3029 705 3085 cultores
747 3039 878 3081 suos
903 3021 1174 3095 quomodo
1200 3030 1455 3076 aeternam
1488 3028 1715 3075 mortem
1762 3016 2013 3088 effugiant
2040 3058 2053 3084 ,

470 3122 857 3189 thesaurosque
880 3117 975 3172 tibi
1015 3116 1127 3183 dat,
1154 3114 1244 3184 qui
1274 3126 1563 3184 numquam
1599 3111 1956 3176 insumuntur,
2006 3121 2060 3165 et

470 3213 653 3271 damni
678 3219 934 3283 expertes
959 3217 1083 3264 sunt
1107 3250 1123 3275 ,
1162 3222 1263 3263 nec
1306 3205 1504 3272 furum,
1535 3219 1631 3259 nec
1654 3205 1934 3267 vermium,
1962 3219 2061 3259 nec

471 3308 872 3370 tittearum,nec
898 3300 1154 3371 temporis
1183 3298 1354 3352 labem
1385 3297 1653 3352 timentes.
1680 3296 1834 3365 Atqui
1857 3295 1900 3348 si
1919 3294 2059 3349 circa

473 3396 727 3454 frumenti
757 3392 1052 3451 custodiam
1082 3391 1242 3447 talem
1291 3388 1383 3444 tibi
1428 3388 1549 3458 quis
1596 3398 1767 3443 artem
1811 3387 2058 3451 doceret,

474 3491 602 3564 quid
633 3504 742 3547 non
767 3488 927 3544 dares
953 3496 1011 3540 ut
1048 3498 1235 3556 pOSSl'S
1262 3481 1443 3538 multis
1462 3480 1616 3535 annis
1650 3478 1973 3535 frumentum
1996 3479 2063 3533 il-

476 3585 664 3640 ltesum
693 3567 953 3636 servare?
992 3577 1129 3632 Ecce
1154 3575 1289 3629 hanc
1317 3573 1410 3628 tibi
1438 3586 1544 3628 non
1567 3572 1816 3628 frumenti
1837 3581 2059 3638 tantum,

474 3674 572 3732 sed
588 3672 826 3729 omnium
854 3667 1151 3725 custodiam
1171 3665 1491 3735 suppeditat,
1510 3663 1772 3734 docetque
1796 3664 2064 3733 quomodo

476 3780 530 3823 et
560 3769 720 3832 bona,
753 3771 809 3819 et
834 3761 1009 3816 anima
1037 3768 1091 3813 et
1119 3772 1316 3827 corpus
1350 3757 1516 3811 illzesa
1546 3771 1761 3826 semper
1792 3764 2061 3812 maneant.

482 3864 547 3915 l-lt
570 3875 667 3915 cur
704 3857 837 3911 artis
866 3853 1090 3923 hujusce
1119 3866 1283 3920 opera
1325 3851 1624 3904 minutatim
1652 3850 2066 3920 persequamur?

483 3952 573 4007 Illa
600 3949 798 4022 quippe
845 3955 898 4001 te
924 3944 1082 4000 docet
1124 3957 1230 4012 quo
1258 3951 1410 4011 pacto
1441 3941 1551 3995 Deo
1580 3940 1770 3995 similis
1798 3956 1918 3996 esse
1944 3956 2068 4011 pos-

478 4047 573 4111 sis,
598 4040 740 4113 quod
760 4046 918 4109 caput
938 4043 1021 4092 est
1037 4034 1276 4092 omnium
1314 4033 1595 4087 bonorum.
1623 4031 1809 4088 Viden‘
1833 4047 1939 4102 quo
1967 4047 2065 4102 pa-

408 4170 411 4173 λ
478 4145 567 4191 cto
596 4147 701 4188 non
727 4144 887 4185 unum
919 4126 1037 4197 ejus
1064 4141 1198 4196 opus
1228 4126 1332 4191 sit,
1370 4124 1464 4180 sed
1504 4123 1772 4193 plurima?
1807 4124 1934 4180 Sine
1964 4126 2066 4180 ulla

480 4226 700 4283 alterius
730 4223 861 4278 artis
897 4234 1000 4292 ope
1026 4206 1214 4275 domus
1253 4216 1558 4283 construit,
1590 4226 1765 4274 vestes
1807 4220 2065 4286 contexit,

1548 462 1722 519 neque
1747 445 1892 502 enim
1918 442 2031 497 sola

493 4319 773 4375 thesauros
797 4322 1020 4385 apparat
1048 4319 1211 4376 tutos,
1238 4310 1423 4365 mortis
1452 4310 1684 4366 victores
1714 4310 1926 4378 reddit,
1956 4313 2069 4366 dia-

484 4412 608 4467 bolo
629 4410 875 4480 imperat,
906 4405 1014 4461 Deo
1037 4403 1240 4459 similes
1264 4403 1440 4457 efficit.
1461 4402 1597 4471 Quid
1616 4417 1746 4474 ergo
1766 4405 1944 4459 utilius
1972 4405 2071 4460 hac

492 4514 609 4559 arte
632 4503 655 4557 ἲ
681 4500 815 4557 Alite
844 4512 1073 4568 namque
1103 4504 1245 4550 artes
1269 4537 1283 4563 ,
1307 4503 1501 4565 praeter
1519 4511 1580 4551 ea
1602 4511 1720 4566 quae
1741 4495 1878 4551 dicta
1906 4504 2065 4563 sunt,

485 4611 605 4650 cum
652 4589 899 4664 praesenti
943 4590 1047 4643 vita
1099 4596 1451 4658 praetereunt,
1485 4602 1604 4642 eum
1633 4587 1866 4643 artifices
1895 4604 2067 4659 aegro-

490 4686 751 4755 tant,ill:c
778 4689 1011 4746 cessant,
1036 4695 1198 4749 opera
1230 4695 1441 4749 quoque
1479 4695 1664 4735 eorum
1711 4695 1818 4736 non
1864 4697 2073 4752 perma-

490 4788 641 4846 nent,
677 4776 858 4832 laborc
888 4783 941 4829 et
974 4783 1215 4842 tempore
1251 4774 1417 4827 multo
1452 4783 1630 4844 egent,
1663 4775 1888 4846 aliisque
1913 4778 2071 4833 innu-

494 4874 693 4930 meris:
726 4870 844 4926 haec
871 4883 999 4923 vero
1022 4876 1143 4936 post
1189 4866 1377 4922 mundi
1419 4867 1578 4923 linem
1611 4871 1846 4926 maxime
1886 4869 2070 4942 fulget,

490 4977 609 5039 post
635 4972 864 5021 mortem
890 4960 1120 5015 maxime
1141 4958 1403 5028 Splendet,
1421 4968 1475 5015 et
1504 4974 1665 5030 opera
1694 4974 1787 5015 sua
1808 4964 2071 5031 ostendit,

490 5073 661 5131 neque
709 5067 951 5124 tempore
981 5052 1064 5106 vel
1095 5051 1277 5106 labore
1317 5053 1488 5121 cget’,
1518 5067 1688 5122 neque
1714 5054 1816 5107 alia
1856 5070 1913 5109 re
1941 5072 2073 5126 qua-

496 5156 635 5223 piam
662 5169 677 5217 ;
707 5150 800 5205 sed
826 5191 841 5216 ,
882 5158 933 5204 te
971 5162 1185 5218 quoque
1228 5153 1519 5216 a-grotante
1546 5155 1602 5200 et
1629 5148 1779 5202 senio
1798 5148 2041 5204 confecto
2060 5194 2074 5217 ,

489 5256 762 5318 operatur,
784 5257 845 5299 ac
862 5253 1036 5299 tecum
1059 5242 1111 5296 in
1134 5240 1361 5295 futuram
1382 5239 1540 5294 vitam
1561 5240 1771 5308 transit,
1792 5257 2077 5313 numquam

495 5350 546 5394 te
590 5337 885 5405 relinquit;
930 5344 981 5390 te
1028 5333 1283 5403 sophistis
1313 5340 1369 5387 et
1404 5331 1709 5388 rhetoribus
1747 5335 2078 5404 superiorem

494 5429 687 5484 reddit.
721 5426 853 5481 Nam
879 5427 970 5496 qui
1001 5426 1052 5480 in
1080 5426 1182 5480 illis
1202 5425 1407 5479 artibus
1432 5422 1658 5493 florent,
1687 5425 1869 5481 multis
1890 5426 2080 5483 invidis

498 5520 694 5589 objecti
724 5528 851 5572 sunt
881 5535 894 5571 :
926 5518 1015 5587 qui
1047 5526 1222 5571 autem
1258 5519 1309 5570 in
1341 5516 1443 5572 hac
1469 5518 1743 5587 conspicui
1767 5528 1913 5585 sunt,
1945 5521 2082 5575 mul-

497 5620 671 5664 torum
702 5606 948 5677 precibus
974 5605 1342 5675 juvantnr.llli
1369 5608 1581 5677 quidem
1612 5607 1885 5665 hominum
1916 5611 2081 5667 tribu-

564 5782 578 5811 ί
617 5786 762 5841 Unus,
786 5788 934 5839 neque
961 5778 1121 5827 labore
1146 5786 1263 5840 eget.

1173 339 1231 395 S.
1262 336 1539 394 JOANNIS
1577 326 2052 390 CllRYSOSTOMl
2093 326 2408 384 ARCIIIEP.
2438 328 2973 387 CONSTANTINOP.
3617 332 3711 387 52'.

2143 442 2356 500 nalibus
2376 443 2609 510 adstant,
2641 443 2940 515 injuriaque
2961 444 3181 501 affectos
3210 444 3525 513 defendunt,
3544 458 3599 503 et
3626 463 3709 502 8:2-

2142 546 2211 601 pc
2258 533 2508 604 injuriam
2554 534 2910 590 inferentibus
2949 540 3355 605 patrocinantur
3397 554 3410 590 :
3456 536 3571 591 inre
3602 554 3715 592 vere

2142 635 2267 681 ante
2292 626 2521 682 tribunal
2542 624 2740 683 Christi
2764 643 2825 683 se
2846 627 3007 691 sistit,
3029 643 3128 684 nec
3147 628 3319 683 solum
3347 632 3719 699 patrocinatur,

2144 714 2240 770 sed
2269 716 2367 786 ipsi
2393 731 2605 788 quoque
2628 715 2801 772 Judiei
2826 717 3053 785 suadet,
3090 728 3147 772 ut
3178 720 3541 788 patrocinetur
3562 721 3633 783 ei,
3662 722 3725 775 de

2146 821 2253 876 quo
2274 807 2531 877 judicium
2562 809 2873 875 instituitur,
2906 818 2962 864 et
2990 825 3086 880 pro
3112 810 3205 865 illo
3230 813 3547 867 sententiam
3576 812 3722 876 ferat;

2146 898 2356 953 etiamsi
2384 900 2580 955 millies
2609 902 2931 970 peccaverit,
2954 912 3179 957 coronat
3205 912 3260 958 et
3280 905 3534 973 praedicat
3557 905 3725 959 illum.

2146 989 2279 1045 Nam
2320 991 2397 1046 ait
2439 1008 2454 1044 :
2505 992 2639 1047 Date
2666 994 3035 1065 elemosynam
3060 1037 3076 1062 ,
3107 1007 3153 1049 et
3178 997 3348 1050 omnia
3377 999 3570 1051 oranda
3592 1010 3728 1052 mni

2149 1084 2167 1153 (
2194 1082 2319 1137 Luc.
2356 1085 2442 1138 ll.
2466 1084 2597 1157 41).
2624 1085 2828 1156 Ecquid
2855 1086 3029 1141 futura
3058 1087 3225 1142 dico?
3249 1087 3305 1143 Si
3340 1090 3486 1143 enim
3516 1090 3571 1142 in
3602 1105 3733 1159 prae-

2148 1174 2287 1229 senti
2310 1174 2417 1228 vita
2445 1173 2690 1229 homines
2719 1175 3118 1231 sciscitaremur
3135 1178 3261 1248 quid
3292 1179 3618 1244 mallent,an
3646 1194 3731 1233 so-

2152 1262 2359 1332 phistas
2401 1273 2457 1319 et
2498 1265 2747 1320 rhetores
2770 1280 2892 1321 esse
2930 1267 3126 1323 multos
3146 1308 3161 1334 ,
3191 1283 3259 1322 an
3285 1269 3664 1326 misericordes
3684 1282 3735 1326 et

2148 1353 2406 1425 benignos
2435 1375 2447 1411 :
2479 1354 2583 1410 hoc
2605 1355 2849 1411 ultimum
2868 1359 3044 1427 potius
3070 1358 3326 1429 eligerent
3351 1377 3366 1426 ;
3398 1370 3452 1415 et
3474 1360 3601 1430 jure
3622 1363 3738 1432 qui-

2148 1446 2292 1502 dem.
2320 1446 2453 1503 Nam
2489 1449 2534 1503 si
2581 1448 2826 1504 facundia
2875 1450 3113 1516 tollatur,
3161 1452 3297 1506 nihil
3331 1452 3459 1507 mali
3502 1454 3555 1507 in
3579 1454 3737 1509 vitam

2150 1550 2392 1596 nostram
2413 1541 2817 1612 importabitur;
2841 1554 3124 1615 antequam
3150 1545 3293 1601 enim
3317 1547 3403 1601 illa
3430 1548 3737 1612 exsisteret,

2150 1632 2321 1687 multo
2352 1642 2592 1705 tempore
2621 1635 2859 1691 constitit
2888 1654 2903 1691 :
2933 1637 2977 1691 si
3004 1652 3136 1694 vero
3170 1638 3596 1696 misericordiam
3623 1656 3739 1696 sus-

2154 1724 2359 1793 tuleris,
2389 1726 2568 1781 omnia
2614 1727 2880 1798 peribunt.
2904 1727 2974 1783 Et
2997 1728 3445 1799 quemadmodum
3473 1746 3573 1801 per
3594 1747 3745 1788 mare

2152 1816 2402 1888 navigare
2427 1832 2532 1873 non
2571 1819 2765 1890 possis,
2800 1822 2843 1874 si
2874 1828 3058 1889 portus
3087 1829 3143 1875 et
3167 1822 3425 1878 stationes
3444 1823 3733 1878 obstruas:

2152 1910 2231 1967 sic
2255 1925 2363 1966 non
2392 1919 2567 1982 potest
2605 1911 2721 1967 hzec
2747 1913 2854 1967 vita
2886 1922 3153 1980 constare,
3191 1913 3237 1969 si
3284 1914 3707 1971 misericordiam
3726 1959 3741 1982 ,

2152 2002 2361 2058 veniam
2391 2011 2447 2058 et
2470 2003 2854 2059 humanitatem
2880 2004 3180 2059 sustuleris.

2224 2093 2278 2148 5.
2318 2092 2658 2163 Quapropter
2684 2109 2791 2149 non
2824 2095 3057 2151 humano
3098 2095 3270 2151 solum
3297 2097 3585 2153 ratiocinio
3629 2098 3739 2154 hac

2157 2186 2300 2242 Deus
2325 2186 2586 2256 permisit,
2618 2186 2711 2242 sed
2738 2197 2791 2243 et
2814 2188 3008 2243 multas
3030 2202 3214 2243 eorum
3246 2198 3424 2261 partes
3462 2200 3669 2248 natura
3697 2195 3745 2246 vi

2158 2279 2368 2334 insevit.
2396 2277 2490 2335 Sic
2521 2288 2699 2350 patres
2724 2288 2779 2335 et
2797 2289 2999 2336 matres
3018 2295 3141 2352 erga
3163 2281 3359 2337 liberos
3385 2284 3748 2339 misericordia

2159 2380 2474 2437 moventur;
2503 2373 2583 2427 sic
2604 2372 2695 2426 filii
2714 2387 2835 2442 erga
2860 2379 3107 2441 parentes
3132 2390 3146 2427 :
3175 2388 3348 2444 neque
3369 2375 3420 2430 in
3450 2374 3753 2430 hominibus

2162 2472 2385 2528 tantum,
2405 2462 2498 2519 sed
2520 2464 2571 2517 in
2588 2463 2760 2519 brutis
2779 2480 2791 2515 :
2812 2463 3109 2535 eodemque
3124 2473 3248 2519 sunt
3262 2463 3434 2521 affecti
3459 2464 3623 2521 modo
3642 2464 3750 2519 fra-

2163 2564 2290 2621 tres,
2321 2554 2605 2627 propinqui
2627 2564 2680 2611 et
2724 2554 2913 2611 affines
2930 2597 2947 2623 ,
2975 2562 3032 2611 et
3059 2555 3304 2611 homines
3326 2557 3418 2611 alii
3445 2573 3572 2627 erga
3599 2558 3749 2612 alius.

2162 2648 2207 2700 A
2237 2659 2423 2701 natura
2444 2646 2642 2718 quippe
2672 2647 2828 2717 proni
2854 2646 2922 2702 ad
2949 2648 3371 2703 misericordiam
3399 2664 3611 2707 sumus.
3634 2651 3752 2706 Ideo

2163 2738 2303 2792 circa
2337 2737 2527 2807 injuria
2561 2737 2781 2794 affectos
2819 2737 3192 2809 indignamur,
3225 2740 3367 2797 circa
3404 2741 3756 2813 interemptos

2168 2828 2444 2895 dolemus,
2492 2830 2538 2886 si
2569 2830 2813 2901 lugentes
2852 2831 3171 2899 videamus,
3208 2833 3587 2903 lacrymamur.
3628 2836 3755 2901 Quia

2164 2922 2305 2977 enim
2354 2923 2463 2978 vult
2507 2924 2688 2990 Deus,
2734 2932 2793 2979 ut
2820 2923 2873 2980 id
2913 2925 3271 2997 observetur,
3327 2936 3576 2983 naturam
3604 2929 3759 3000 jussit

2165 3013 2330 3068 multa
2362 3013 2459 3069 hac
2486 3013 2537 3068 in
2568 3029 2628 3070 re
2653 3030 2717 3071 ex
2750 3030 2809 3071 se
2832 3016 3096 3081 conferre,
3128 3017 3423 3074 ostendens
3448 3019 3501 3074 id
3519 3021 3622 3074 sibi
3650 3036 3760 3075 ma-

2165 3105 2308 3160 xime
2333 3105 2384 3160 in
2411 3106 2608 3175 optatis
2636 3120 2778 3162 esse.
2806 3105 2933 3162 Haec
2959 3108 3138 3177 itaque
3157 3108 3337 3164 animo
3360 3122 3641 3167 versantes
3662 3154 3679 3179 ,
3709 3122 3759 3166 et

2166 3210 2264 3250 nos
2294 3205 2347 3250 ct
2386 3196 2525 3252 filios
2564 3205 2618 3252 et
2655 3197 2984 3268 prOpinquos
3015 3199 3080 3254 ad
3108 3199 3472 3273 eleemosyna:
3520 3202 3758 3259 scholam

2164 3285 2422 3343 ducamus
2447 3306 2460 3353 ;
2489 3287 2591 3344 hoe
2613 3298 2736 3345 ante
2764 3290 2941 3345 omnia
2969 3290 3140 3346 discat
3159 3290 3350 3359 homo;
3380 3309 3505 3349 nam
3532 3295 3664 3350 illud
3686 3306 3761 3352 est

2169 3378 2435 3433 hominem
2459 3394 2617 3446 esse;
2649 3379 2842 3452 Magna
2863 3382 3051 3452 quippe
3074 3399 3154 3437 res
3179 3392 3249 3439 est
3270 3384 3442 3451 homo,
3474 3396 3523 3440 et
3545 3388 3762 3457 pretiosa

2166 3487 2246 3525 res
2273 3480 2348 3525 est
2376 3470 2449 3523 vir
2469 3472 2788 3547 misericors(
2812 3473 2968 3530 Prov.
2998 3474 3092 3531 20.
3120 3475 3192 3547 6)
3217 3493 3232 3542 ;
3262 3476 3308 3531 si
3335 3478 3386 3533 id
3416 3492 3525 3533 non
3548 3478 3760 3546 habeat,

2168 3576 2199 3615 a
2224 3570 2413 3617 natura
2437 3564 2668 3618 hominis
2687 3564 2906 3620 decidit.
2932 3565 3044 3622 Hoc
3062 3568 3331 3637 sapientes
3348 3568 3533 3626 efficit.
3562 3572 3761 3643 Ecquid

2170 3654 2403 3721 miraris,
2433 3655 2478 3709 si
2508 3654 2611 3710 hoc
2632 3666 2714 3711 est
2736 3656 3004 3712 hominem
3032 3660 3188 3716 esse?
3208 3660 3322 3715 Hoc
3345 3671 3428 3717 est
3453 3663 3599 3720 Deus
3627 3681 3763 3728 esse;

2171 3762 2293 3802 nam
2314 3749 2388 3803 ait
2412 3766 2424 3803 :
2448 3746 2624 3804 Estote
2645 3750 3012 3817 misericordes,
3036 3752 3165 3807 sicut
3186 3763 3231 3806 et
3249 3752 3405 3810 Pater
3424 3766 3590 3811 mter
3615 3757 3764 3829 (Luc.

2172 3841 2224 3896 6.
2258 3842 2386 3911 56).
2419 3842 2695 3899 Discamus
2731 3843 2891 3913 igitur
2919 3845 3293 3903 misericordes
3330 3864 3481 3916 esse,
3516 3860 3635 3907 tum
3657 3868 3766 3908 om-

2175 3936 2319 3989 nium
2347 3949 2507 3990 causa
2529 3976 2543 3999 ,
2575 3946 2685 3990 tum
2718 3937 2951 3992 maxime
2980 3938 3121 4008 quod
3151 3949 3206 3995 et
3234 3940 3333 4010 ipsi
3364 3943 3530 3997 multa
3558 3945 3767 4001 miseri-

2172 4026 2353 4082 cordia
2378 4042 2649 4098 egeamus.
2680 4027 2863 4099 Neque
2893 4044 2991 4084 nos
3016 4031 3191 4086 vivere
3219 4044 3467 4102 putemus
3494 4050 3607 4105 quo
3636 4045 3766 4091 tetu-

2174 4134 2303 4189 pore
2326 4119 2703 4191 mjsericordes
2723 4135 2829 4175 non
2860 4135 3077 4188 sumus;
3106 4122 3174 4178 de
3195 4123 3536 4197 eleemosyna
3556 4128 3766 4199 loquor,

2172 4228 2292 4283 qua;
2313 4213 2381 4269 ab
2409 4212 2632 4268 avaritia
2657 4225 2712 4269 et
2736 4214 2919 4284 rapina
2951 4231 3082 4285 pura
3107 4217 3192 4271 sit.
3225 4216 3280 4274 Si
3308 4219 3452 4273 enim
3493 4222 3587 4291 qui
3620 4223 3770 4278 bouis

2175 4305 2287 4359 suis
2306 4314 2613 4371 contentus,
2636 4304 2768 4360 nihil
2787 4306 2902 4360 aliis
2925 4307 3166 4377 largitur,
3189 4323 3295 4365 non
3320 4320 3404 4365 est
3427 4312 3764 4369 misericors:

2176 4398 2267 4468 qui
2293 4398 2464 4453 aliena
2496 4400 2655 4470 rapit,
2684 4400 2951 4470 quomodo
2977 4401 3283 4457 misericors
3308 4401 3409 4465 sit.
3440 4406 3659 4462 etiamsi
3691 4407 3766 4460 in-

2178 4506 2399 4547 numera
2447 4493 2667 4561 eroget?
2706 4491 2838 4547 Nam
2888 4493 2933 4546 si
2973 4492 3018 4547 is
3058 4494 3148 4564 qui
3188 4495 3302 4550 suis
3328 4505 3535 4552 tantum
3576 4498 3766 4555 fruitur

2179 4583 2352 4649 bonis,
2375 4592 2429 4638 et
2454 4583 2583 4639 nihil
2606 4584 2842 4655 largitur,
2863 4584 3240 4642 immisericors
3265 4597 3347 4643 est
3372 4606 3386 4643 :
3408 4590 3583 4645 multo
3604 4608 3772 4663 magis

2181 4674 2225 4729 is
2254 4674 2344 4745 qui
2374 4674 2547 4729 aliena
2578 4673 2792 4747 abripit.
2827 4676 2882 4731 Si
2915 4677 2948 4731 ii
2979 4678 3069 4746 qui
3094 4677 3222 4734 nihil
3240 4678 3422 4735 damni
3450 4681 3768 4744 intulerunt,

2181 4767 2483 4837 plectuntur
2503 4807 2518 4833 ,
2547 4768 2669 4837 quia
2702 4768 2873 4839 largiti
2900 4783 3005 4823 non
3034 4780 3159 4825 sunt
3188 4788 3202 4826 :
3233 4772 3600 4845 multomagis
3631 4776 3670 4831 ii
3689 4777 3773 4846 qui

2179 4859 2353 4915 aliena
2376 4867 2684 4928 rapuerunt.
2705 4859 2782 4915 Ne
2803 4861 2959 4932 igitur
2976 4862 3194 4931 dixeris,
3218 4864 3369 4920 Alius
3396 4866 3600 4937 injuste
3624 4871 3776 4925 lzcsus

2182 4962 2285 5018 est,
2314 4962 2367 5007 et
2396 4951 2531 5007 alius
2553 4952 2947 5024 eleemosynam
2970 4955 3179 5025 accipit.
3205 4955 3257 5011 In
3286 4955 3387 5013 hoc
3404 4960 3549 5014 enim
3578 4963 3774 5016 malum

2183 5053 2450 5099 versatur.
2487 5043 2590 5099 Par
2618 5045 2815 5115 quippe
2854 5054 2972 5100 erat
3009 5047 3252 5103 eumdem
3281 5049 3454 5118 ipsum
3484 5053 3578 5122 qui
3624 5054 3777 5109 larsus

2183 5144 2286 5201 est,
2314 5135 2711 5206 eleemosynam
2734 5137 2976 5206 accipere
3010 5155 3022 5191 :
3056 5153 3195 5194 nunc
3220 5154 3347 5195 vero
3381 5142 3520 5198 alios
3547 5146 3779 5201 vulneri-

2184 5231 2286 5287 bus
2304 5230 2493 5296 efficis,
2515 5239 2570 5285 ct
2587 5229 2810 5285 aliorum
2832 5232 3046 5286 vulnera
3071 5248 3245 5300 curas,
3267 5250 3402 5304 quos
3429 5253 3539 5293 non
3561 5242 3780 5295 vulnere

2186 5320 2429 5387 at‘fecisti,
2451 5336 2572 5377 cum
2599 5329 2873 5391 oporteret
2896 5322 3014 5377 illos
3040 5322 3184 5392 ipsos
3209 5340 3432 5385 curare;
3465 5328 3578 5382 imo
3609 5332 3781 5402 potius

2187 5429 2296 5470 non
2329 5415 2665 5471 vulnerasse.
2692 5414 2955 5486 Benignus
2976 5416 3115 5471 enim
3138 5415 3225 5471 ille
3248 5427 3350 5483 est,
3384 5435 3494 5474 non
3517 5424 3611 5491 qui
3633 5423 3784 5478 cadit

2189 5514 2244 5561 et
2266 5515 2448 5575 postea
2474 5513 2645 5574 curat,
2661 5505 2758 5561 sed
2782 5506 2869 5577 qui
2893 5506 2961 5561 ab
2985 5507 3105 5561 aliis
3130 5508 3439 5565 vulneratos
3464 5523 3643 5568 curat.
3662 5514 3780 5568 Tuis

2189 5611 2317 5667 ergo
2343 5596 2498 5652 malis
2523 5596 2806 5663 medearis,
2839 5613 2945 5653 non
2974 5599 3160 5654 alienis
3186 5616 3201 5665 ;
3238 5601 3345 5655 imo
3374 5618 3507 5659 vero
3534 5620 3641 5661 nec
3663 5622 3774 5677 per-

2191 5687 2363 5741 cutias
2388 5729 2401 5752 ,
2435 5703 2531 5742 nec
2573 5687 2792 5757 dcjicias
2822 5689 2841 5757 (
2866 5688 2966 5743 hoc
3001 5690 3142 5743 enim
3172 5690 3405 5746 ludentis
3436 5696 3625 5766 esset)
3646 5739 3661 5763 ,
3692 5711 3775 5750 sed

2193 5779 2431 5850 dejectos
2461 5781 2625 5851 erige.
2656 5780 2838 5852 Neque
2867 5783 3005 5839 enim
3036 5794 3183 5853 potes
3208 5784 3397 5840 eadem
3427 5787 3777 5858 electnosynm
