  <div class='ocr_page' id='page_1' title='image "/cluster/home/n/w/nwhite01/storage/ocr_20150623/57-58/hvd.32044012465811/460.png"; bbox 0 0 3916 6356; ppageno 0'>
   <div class='ocr_carea' id='block_1_1' title="bbox 110 338 243 399">
    <p class='ocr_par' dir='ltr' id='par_1_1' title="bbox 110 338 243 399">
     <span class='ocr_line' id='line_1_1' title="bbox 110 338 243 399; baseline 0.038 -6"><span class='ocrx_word' id='word_1_1' title='bbox 110 338 243 399; x_wconf 65' lang='lat'>593</span> 
     </span>
    </p>
   </div>
   <div class='ocr_carea' id='block_1_2' title="bbox 111 463 1817 548">
    <p class='ocr_par' dir='ltr' id='par_1_2' title="bbox 111 463 1817 548">
     <span class='ocr_line' id='line_1_2' title="bbox 111 463 1817 548; baseline 0.011 -33"><span class='ocrx_word' id='word_1_2' title='bbox 111 464 146 514; x_wconf 80' lang='grc' dir='ltr'><strong>ὁ</strong></span> <span class='ocrx_word' id='word_1_3' title='bbox 185 463 463 528; x_wconf 72' lang='grc' dir='ltr'>πλούσιος</span> <span class='ocrx_word' id='word_1_4' title='bbox 489 467 714 531; x_wconf 82' lang='grc' dir='ltr'>ἐκεῖνος,</span> <span class='ocrx_word' id='word_1_5' title='bbox 746 469 866 524; x_wconf 80' lang='grc' dir='ltr'>οῦδὲ</span> <span class='ocrx_word' id='word_1_6' title='bbox 884 471 1114 525; x_wconf 87' lang='grc' dir='ltr'>ἀκοῦσαι</span> <span class='ocrx_word' id='word_1_7' title='bbox 1134 474 1237 526; x_wconf 88' lang='grc' dir='ltr'>τῶν</span> <span class='ocrx_word' id='word_1_8' title='bbox 1259 475 1506 546; x_wconf 80' lang='grc' dir='ltr'>φοϐερῶν</span> <span class='ocrx_word' id='word_1_9' title='bbox 1536 478 1817 548; x_wconf 76' lang='grc' dir='ltr'>ῥημάτων,</span> 
     </span>
    </p>
   </div>
   <div class='ocr_carea' id='block_1_3' title="bbox 110 547 1822 628">
    <p class='ocr_par' dir='ltr' id='par_1_3' title="bbox 110 547 1822 628">
     <span class='ocr_line' id='line_1_3' title="bbox 110 547 1822 628; baseline 0.01 -31"><span class='ocrx_word' id='word_1_10' title='bbox 110 547 254 599; x_wconf 79' lang='grc' dir='ltr'>ἀλλ’</span> <span class='ocrx_word' id='word_1_11' title='bbox 293 553 374 614; x_wconf 81' lang='grc' dir='ltr'>εἰς</span> <span class='ocrx_word' id='word_1_12' title='bbox 410 551 644 616; x_wconf 78' lang='grc' dir='ltr'>κόλπους</span> <span class='ocrx_word' id='word_1_13' title='bbox 683 559 1016 625; x_wconf 87' lang='grc' dir='ltr'>χειραγωγεῖ</span> <span class='ocrx_word' id='word_1_14' title='bbox 1047 557 1140 610; x_wconf 85' lang='grc' dir='ltr'>τοῦ</span> <span class='ocrx_word' id='word_1_15' title='bbox 1176 558 1446 628; x_wconf 74' lang='grc' dir='ltr'>Ἀϐραάμ.</span> <span class='ocrx_word' id='word_1_16' title='bbox 1472 547 1678 613; x_wconf 76' lang='grc' dir='ltr'>,Καίτοι</span> <span class='ocrx_word' id='word_1_17' title='bbox 1713 561 1822 616; x_wconf 86' lang='grc' dir='ltr'>τῶν</span> 
     </span>
    </p>
   </div>
   <div class='ocr_carea' id='block_1_4' title="bbox 108 633 1824 713">
    <p class='ocr_par' dir='ltr' id='par_1_4' title="bbox 108 633 1824 713">
     <span class='ocr_line' id='line_1_4' title="bbox 108 633 1824 713; baseline 0.008 -30"><span class='ocrx_word' id='word_1_18' title='bbox 108 633 352 703; x_wconf 71' lang='grc' dir='ltr'>τεχνῶν</span> <span class='ocrx_word' id='word_1_19' title='bbox 371 633 479 686; x_wconf 87' lang='grc' dir='ltr'>τῶν</span> <span class='ocrx_word' id='word_1_20' title='bbox 503 634 770 704; x_wconf 78' lang='grc' dir='ltr'>βιωτικῶν</span> <span class='ocrx_word' id='word_1_21' title='bbox 789 637 847 692; x_wconf 80' lang='grc' dir='ltr'>ἐν</span> <span class='ocrx_word' id='word_1_22' title='bbox 879 640 1080 706; x_wconf 79' lang='grc' dir='ltr'>ἑκάστη</span> <span class='ocrx_word' id='word_1_23' title='bbox 1108 641 1454 698; x_wconf 86' lang='grc' dir='ltr'>ἀπολαϐοῦσα</span> <span class='ocrx_word' id='word_1_24' title='bbox 1484 642 1596 711; x_wconf 77' lang='grc' dir='ltr'>ἔχει</span> <span class='ocrx_word' id='word_1_25' title='bbox 1627 644 1824 713; x_wconf 85' lang='grc' dir='ltr'>κατόρ-</span> 
     </span>
    </p>
   </div>
   <div class='ocr_carea' id='block_1_5' title="bbox 110 715 1825 798">
    <p class='ocr_par' dir='ltr' id='par_1_5' title="bbox 110 715 1825 798">
     <span class='ocr_line' id='line_1_5' title="bbox 110 715 1825 798; baseline 0.007 -28"><span class='ocrx_word' id='word_1_26' title='bbox 110 717 306 788; x_wconf 67' lang='grc' dir='ltr'>θωμα</span> <span class='ocrx_word' id='word_1_27' title='bbox 329 737 345 752; x_wconf 79' lang='grc' dir='ltr'><strong>ο</strong></span> <span class='ocrx_word' id='word_1_28' title='bbox 377 715 490 773; x_wconf 70' lang='grc' dir='ltr'>οἷον</span> <span class='ocrx_word' id='word_1_29' title='bbox 520 725 552 794; x_wconf 81' lang='grc' dir='ltr'><strong>ἡ</strong></span> <span class='ocrx_word' id='word_1_30' title='bbox 590 723 854 794; x_wconf 89' lang='grc' dir='ltr'>γεωργία,</span> <span class='ocrx_word' id='word_1_31' title='bbox 888 724 948 777; x_wconf 80' lang='grc' dir='ltr'>τὸ</span> <span class='ocrx_word' id='word_1_32' title='bbox 977 726 1197 796; x_wconf 79' lang='grc' dir='ltr'>τρέφειν</span> <span class='ocrx_word' id='word_1_33' title='bbox 1218 729 1284 796; x_wconf 77' lang='grc' dir='ltr'>’ἡ</span> <span class='ocrx_word' id='word_1_34' title='bbox 1318 727 1610 798; x_wconf 78' lang='grc' dir='ltr'>ὑφαντικὴ,</span> <span class='ocrx_word' id='word_1_35' title='bbox 1649 727 1710 780; x_wconf 87' lang='grc' dir='ltr'>τὺ</span> <span class='ocrx_word' id='word_1_36' title='bbox 1737 729 1825 782; x_wconf 86' lang='grc' dir='ltr'>ὲν-</span> 
     </span>
    </p>
   </div>
   <div class='ocr_carea' id='block_1_6' title="bbox 110 803 1824 882">
    <p class='ocr_par' dir='ltr' id='par_1_6' title="bbox 110 803 1824 882">
     <span class='ocr_line' id='line_1_6' title="bbox 110 803 1824 882; baseline 0.005 -27"><span class='ocrx_word' id='word_1_37' title='bbox 110 803 293 855; x_wconf 80' lang='grc' dir='ltr'>δύειν</span> <span class='ocrx_word' id='word_1_38' title='bbox 315 821 330 836; x_wconf 79' lang='grc' dir='ltr'><strong>ο</strong></span> <span class='ocrx_word' id='word_1_39' title='bbox 372 803 573 874; x_wconf 77' lang='grc' dir='ltr'>μᾶλλον</span> <span class='ocrx_word' id='word_1_40' title='bbox 621 805 678 858; x_wconf 83' lang='grc' dir='ltr'>δέ</span> <span class='ocrx_word' id='word_1_41' title='bbox 709 805 832 859; x_wconf 86' lang='grc' dir='ltr'>οὐδέ</span> <span class='ocrx_word' id='word_1_42' title='bbox 864 805 1050 860; x_wconf 90' lang='grc' dir='ltr'>τοῦτο·</span> <span class='ocrx_word' id='word_1_43' title='bbox 1076 807 1197 862; x_wconf 85' lang='grc' dir='ltr'>ούδέ</span> <span class='ocrx_word' id='word_1_44' title='bbox 1246 807 1355 880; x_wconf 90' lang='lat'>7&amp;9</span> <span class='ocrx_word' id='word_1_45' title='bbox 1401 807 1564 880; x_wconf 85' lang='grc' dir='ltr'>ἀρκεῖ</span> <span class='ocrx_word' id='word_1_46' title='bbox 1595 808 1727 882; x_wconf 87' lang='grc' dir='ltr'>μόνη</span> <span class='ocrx_word' id='word_1_47' title='bbox 1755 810 1824 864; x_wconf 87' lang='grc' dir='ltr'>τά</span> 
     </span>
    </p>
   </div>
   <div class='ocr_carea' id='block_1_7' title="bbox 115 889 1165 960">
    <p class='ocr_par' dir='ltr' id='par_1_7' title="bbox 115 889 1165 960">
     <span class='ocr_line' id='line_1_7' title="bbox 115 889 1165 960; baseline 0.007 -21"><span class='ocrx_word' id='word_1_48' title='bbox 115 889 281 957; x_wconf 77' lang='grc' dir='ltr'>παρ’</span> <span class='ocrx_word' id='word_1_49' title='bbox 320 889 525 960; x_wconf 79' lang='grc' dir='ltr'>ἑαυτῆς</span> <span class='ocrx_word' id='word_1_50' title='bbox 544 890 679 960; x_wconf 90' lang='grc' dir='ltr'>ήμῖν</span> <span class='ocrx_word' id='word_1_51' title='bbox 713 896 1165 959; x_wconf 76' lang='grc' dir='ltr'>συνεισενεγκεῖν.</span> 
     </span>
    </p>
   </div>
   <div class='ocr_carea' id='block_1_8' title="bbox 197 970 1825 1048">
    <p class='ocr_par' dir='ltr' id='par_1_8' title="bbox 197 970 1825 1048">
     <span class='ocr_line' id='line_1_8' title="bbox 197 970 1825 1048; baseline 0.004 -25"><span class='ocrx_word' id='word_1_52' title='bbox 197 970 278 1024; x_wconf 78' lang='grc' dir='ltr'>δ’.</span> <span class='ocrx_word' id='word_1_53' title='bbox 321 973 437 1025; x_wconf 83' lang='lat' dir='ltr'>Kal</span> <span class='ocrx_word' id='word_1_54' title='bbox 469 973 518 1024; x_wconf 89' lang='grc' dir='ltr'>εἰ</span> <span class='ocrx_word' id='word_1_55' title='bbox 568 971 780 1043; x_wconf 82' lang='grc' dir='ltr'>βούλει,</span> <span class='ocrx_word' id='word_1_56' title='bbox 831 973 932 1044; x_wconf 79' lang='grc' dir='ltr'>τήν</span> <span class='ocrx_word' id='word_1_57' title='bbox 963 974 1269 1046; x_wconf 81' lang='grc' dir='ltr'>γεωργικὴν</span> <span class='ocrx_word' id='word_1_58' title='bbox 1296 975 1640 1047; x_wconf 84' lang='grc' dir='ltr'>ἐξετάσωμεν</span> <span class='ocrx_word' id='word_1_59' title='bbox 1673 975 1825 1048; x_wconf 85' lang='grc' dir='ltr'>πρώ-</span> 
     </span>
    </p>
   </div>
   <div class='ocr_carea' id='block_1_9' title="bbox 112 1055 1824 1130">
    <p class='ocr_par' dir='ltr' id='par_1_9' title="bbox 112 1055 1824 1130">
     <span class='ocr_line' id='line_1_9' title="bbox 112 1055 1824 1130; baseline 0.005 -26"><span class='ocrx_word' id='word_1_60' title='bbox 112 1071 261 1123; x_wconf 75' lang='grc' dir='ltr'>την.</span> <span class='ocrx_word' id='word_1_61' title='bbox 293 1056 395 1107; x_wconf 76' lang='grc' dir='ltr'>Ἂν</span> <span class='ocrx_word' id='word_1_62' title='bbox 420 1055 528 1125; x_wconf 86' lang='lat'>7&amp;9</span> <span class='ocrx_word' id='word_1_63' title='bbox 561 1055 635 1126; x_wconf 80' lang='grc' dir='ltr'>μή</span> <span class='ocrx_word' id='word_1_64' title='bbox 679 1055 780 1127; x_wconf 81' lang='grc' dir='ltr'>ἐχῃ</span> <span class='ocrx_word' id='word_1_65' title='bbox 804 1055 902 1128; x_wconf 76' lang='grc' dir='ltr'>τήν</span> <span class='ocrx_word' id='word_1_66' title='bbox 942 1057 1323 1130; x_wconf 80' lang='grc' dir='ltr'>χαλκευτικὴν,</span> <span class='ocrx_word' id='word_1_67' title='bbox 1359 1059 1448 1112; x_wconf 63' lang='lat' dir='ltr'><strong>(va</strong></span> <span class='ocrx_word' id='word_1_68' title='bbox 1475 1059 1520 1091; x_wconf 81' lang='grc'>⁸⁸</span> <span class='ocrx_word' id='word_1_69' title='bbox 1578 1059 1824 1113; x_wconf 80' lang='grc' dir='ltr'>δίκελλαν</span> 
     </span>
    </p>
   </div>
   <div class='ocr_carea' id='block_1_10' title="bbox 115 1136 1825 1212">
    <p class='ocr_par' dir='ltr' id='par_1_10' title="bbox 115 1136 1825 1212">
     <span class='ocr_line' id='line_1_10' title="bbox 115 1136 1825 1212; baseline 0.003 -23"><span class='ocrx_word' id='word_1_70' title='bbox 115 1139 229 1189; x_wconf 71' lang='grc' dir='ltr'>καὶ</span> <span class='ocrx_word' id='word_1_71' title='bbox 263 1136 404 1207; x_wconf 86' lang='grc' dir='ltr'>ὖνην</span> <span class='ocrx_word' id='word_1_72' title='bbox 428 1139 522 1191; x_wconf 78' lang='grc' dir='ltr'>καὶ</span> <span class='ocrx_word' id='word_1_73' title='bbox 565 1137 836 1208; x_wconf 88' lang='grc' dir='ltr'>δρεπάνην</span> <span class='ocrx_word' id='word_1_74' title='bbox 863 1141 958 1194; x_wconf 82' lang='grc' dir='ltr'>καὶ</span> <span class='ocrx_word' id='word_1_75' title='bbox 989 1140 1240 1206; x_wconf 90' lang='grc' dir='ltr'>πέλεκυν,</span> <span class='ocrx_word' id='word_1_76' title='bbox 1270 1141 1365 1194; x_wconf 74' lang='grc' dir='ltr'>καὶ</span> <span class='ocrx_word' id='word_1_77' title='bbox 1409 1141 1572 1212; x_wconf 76' lang='grc' dir='ltr'>ἕτερα</span> <span class='ocrx_word' id='word_1_78' title='bbox 1603 1140 1825 1194; x_wconf 81' lang='grc' dir='ltr'>πλείονα</span> 
     </span>
    </p>
   </div>
   <div class='ocr_carea' id='block_1_11' title="bbox 115 1221 1826 1296">
    <p class='ocr_par' dir='ltr' id='par_1_11' title="bbox 115 1221 1826 1296">
     <span class='ocr_line' id='line_1_11' title="bbox 115 1221 1826 1296; baseline 0.002 -22"><span class='ocrx_word' id='word_1_79' title='bbox 115 1221 461 1292; x_wconf 77' lang='grc' dir='ltr'>ὃανείζηται</span> <span class='ocrx_word' id='word_1_80' title='bbox 511 1222 642 1289; x_wconf 80' lang='grc' dir='ltr'>παρ’</span> <span class='ocrx_word' id='word_1_81' title='bbox 667 1222 870 1292; x_wconf 82' lang='grc' dir='ltr'>αὐτῆς·</span> <span class='ocrx_word' id='word_1_82' title='bbox 921 1224 1016 1277; x_wconf 74' lang='grc' dir='ltr'>καὶ</span> <span class='ocrx_word' id='word_1_83' title='bbox 1054 1223 1164 1294; x_wconf 82' lang='grc' dir='ltr'>τὴν·</span> <span class='ocrx_word' id='word_1_84' title='bbox 1203 1225 1540 1296; x_wconf 81' lang='grc' dir='ltr'>τεκτονικὴν,</span> <span class='ocrx_word' id='word_1_85' title='bbox 1561 1224 1700 1278; x_wconf 85' lang='grc' dir='ltr'>ὥστε</span> <span class='ocrx_word' id='word_1_86' title='bbox 1733 1225 1826 1278; x_wconf 73' lang='grc' dir='ltr'>καὶ</span> 
     </span>
    </p>
   </div>
   <div class='ocr_carea' id='block_1_12' title="bbox 117 1302 1824 1380">
    <p class='ocr_par' dir='ltr' id='par_1_12' title="bbox 117 1302 1824 1380">
     <span class='ocr_line' id='line_1_12' title="bbox 117 1302 1824 1380; baseline 0.002 -22"><span class='ocrx_word' id='word_1_87' title='bbox 117 1306 386 1375; x_wconf 83' lang='grc' dir='ltr'>ἄροτρον</span> <span class='ocrx_word' id='word_1_88' title='bbox 405 1302 592 1373; x_wconf 80' lang='grc' dir='ltr'>πῆξαι,</span> <span class='ocrx_word' id='word_1_89' title='bbox 613 1305 708 1358; x_wconf 73' lang='grc' dir='ltr'>καὶ</span> <span class='ocrx_word' id='word_1_90' title='bbox 735 1305 971 1376; x_wconf 81' lang='grc' dir='ltr'>ζεύγλην.</span> <span class='ocrx_word' id='word_1_91' title='bbox 997 1310 1428 1372; x_wconf 79' lang='grc' dir='ltr'>κατασκευάσαι,</span> <span class='ocrx_word' id='word_1_92' title='bbox 1461 1310 1555 1364; x_wconf 75' lang='grc' dir='ltr'>καὶ</span> <span class='ocrx_word' id='word_1_93' title='bbox 1584 1309 1824 1380; x_wconf 75' lang='grc' dir='ltr'>ἄμαξαν,</span> 
     </span>
    </p>
   </div>
   <div class='ocr_carea' id='block_1_13' title="bbox 118 1387 1828 1464">
    <p class='ocr_par' dir='ltr' id='par_1_13' title="bbox 118 1387 1828 1464">
     <span class='ocr_line' id='line_1_13' title="bbox 118 1387 1828 1464; baseline 0.003 -24"><span class='ocrx_word' id='word_1_94' title='bbox 118 1388 288 1441; x_wconf 81' lang='grc' dir='ltr'>ὥστε</span> <span class='ocrx_word' id='word_1_95' title='bbox 318 1387 530 1460; x_wconf 90' lang='grc' dir='ltr'>τρίϐειν</span> <span class='ocrx_word' id='word_1_96' title='bbox 547 1389 844 1458; x_wconf 78' lang='grc' dir='ltr'>ἀστάχυας⁸</span> <span class='ocrx_word' id='word_1_97' title='bbox 871 1391 962 1443; x_wconf 74' lang='grc' dir='ltr'>καὶ</span> <span class='ocrx_word' id='word_1_98' title='bbox 983 1391 1082 1462; x_wconf 67' lang='grc' dir='ltr'>τὴν</span> <span class='ocrx_word' id='word_1_99' title='bbox 1113 1393 1533 1464; x_wconf 85' lang='grc' dir='ltr'>σκυτοτομικὴν,</span> <span class='ocrx_word' id='word_1_100' title='bbox 1563 1391 1702 1445; x_wconf 85' lang='grc' dir='ltr'>ὥστε</span> <span class='ocrx_word' id='word_1_101' title='bbox 1733 1394 1828 1446; x_wconf 75' lang='grc' dir='ltr'>καὶ</span> 
     </span>
    </p>
   </div>
   <div class='ocr_carea' id='block_1_14' title="bbox 123 1472 1828 1546">
    <p class='ocr_par' dir='ltr' id='par_1_14' title="bbox 123 1472 1828 1546">
     <span class='ocr_line' id='line_1_14' title="bbox 123 1472 1828 1546; baseline 0.002 -22"><span class='ocrx_word' id='word_1_102' title='bbox 123 1472 354 1541; x_wconf 75' lang='grc' dir='ltr'>ἱμάντα</span> <span class='ocrx_word' id='word_1_103' title='bbox 401 1472 770 1543; x_wconf 87' lang='grc' dir='ltr'>ἐργάσασθαι·</span> <span class='ocrx_word' id='word_1_104' title='bbox 825 1475 918 1527; x_wconf 78' lang='grc' dir='ltr'>καὶ</span> <span class='ocrx_word' id='word_1_105' title='bbox 968 1474 1068 1544; x_wconf 81' lang='grc' dir='ltr'>τὴν</span> <span class='ocrx_word' id='word_1_106' title='bbox 1122 1475 1488 1546; x_wconf 79' lang='grc' dir='ltr'>οἰκοδομικὴν,</span> <span class='ocrx_word' id='word_1_107' title='bbox 1541 1475 1683 1529; x_wconf 81' lang='grc' dir='ltr'>ὥστε</span> <span class='ocrx_word' id='word_1_108' title='bbox 1734 1477 1828 1530; x_wconf 74' lang='grc' dir='ltr'>καὶ</span> 
     </span>
    </p>
   </div>
   <div class='ocr_carea' id='block_1_15' title="bbox 119 1557 1830 1632">
    <p class='ocr_par' dir='ltr' id='par_1_15' title="bbox 119 1557 1830 1632">
     <span class='ocr_line' id='line_1_15' title="bbox 119 1557 1830 1632; baseline 0.002 -23"><span class='ocrx_word' id='word_1_109' title='bbox 119 1558 254 1620; x_wconf 71' lang='grc' dir='ltr'>τοῖς</span> <span class='ocrx_word' id='word_1_110' title='bbox 288 1557 591 1629; x_wconf 44' lang='grc' dir='ltr'>ἀροτμριῶσι</span> <span class='ocrx_word' id='word_1_111' title='bbox 611 1557 832 1628; x_wconf 83' lang='grc' dir='ltr'>ταύροις</span> <span class='ocrx_word' id='word_1_112' title='bbox 864 1557 1176 1629; x_wconf 72' lang='grc' dir='ltr'>βουστάσιον</span> <span class='ocrx_word' id='word_1_113' title='bbox 1201 1561 1573 1632; x_wconf 84' lang='grc' dir='ltr'>οἰκοδομῆσαι,</span> <span class='ocrx_word' id='word_1_114' title='bbox 1601 1562 1696 1615; x_wconf 77' lang='grc' dir='ltr'>καὶ</span> <span class='ocrx_word' id='word_1_115' title='bbox 1719 1563 1830 1624; x_wconf 79' lang='grc' dir='ltr'>τοῖς</span> 
     </span>
    </p>
   </div>
   <div class='ocr_carea' id='block_1_16' title="bbox 124 1641 1827 1715">
    <p class='ocr_par' dir='ltr' id='par_1_16' title="bbox 124 1641 1827 1715">
     <span class='ocr_line' id='line_1_16' title="bbox 124 1641 1827 1715; baseline 0.003 -24"><span class='ocrx_word' id='word_1_116' title='bbox 124 1641 438 1711; x_wconf 73' lang='grc' dir='ltr'>σπείρουσι</span> <span class='ocrx_word' id='word_1_117' title='bbox 489 1643 764 1712; x_wconf 76' lang='grc' dir='ltr'>γεωργοῖς,</span> <span class='ocrx_word' id='word_1_118' title='bbox 791 1642 968 1705; x_wconf 87' lang='grc' dir='ltr'>οἰκίας</span> <span class='ocrx_word' id='word_1_119' title='bbox 985 1643 1060 1674; x_wconf 65' lang='grc'><strong><em>⁵³⁸</em></strong></span> <span class='ocrx_word' id='word_1_120' title='bbox 1110 1644 1204 1698; x_wconf 79' lang='grc' dir='ltr'>καὶ</span> <span class='ocrx_word' id='word_1_121' title='bbox 1250 1644 1348 1715; x_wconf 84' lang='grc' dir='ltr'>τὴν</span> <span class='ocrx_word' id='word_1_122' title='bbox 1402 1643 1827 1715; x_wconf 82' lang='grc' dir='ltr'>δρυμοτομικὴν,</span> 
     </span>
    </p>
   </div>
   <div class='ocr_carea' id='block_1_17' title="bbox 123 1723 1826 1797">
    <p class='ocr_par' dir='ltr' id='par_1_17' title="bbox 123 1723 1826 1797">
     <span class='ocr_line' id='line_1_17' title="bbox 123 1723 1826 1797; baseline 0.003 -21"><span class='ocrx_word' id='word_1_123' title='bbox 123 1724 291 1777; x_wconf 81' lang='grc' dir='ltr'>ὥστε</span> <span class='ocrx_word' id='word_1_124' title='bbox 329 1723 464 1791; x_wconf 81' lang='grc' dir='ltr'>ξύλα</span> <span class='ocrx_word' id='word_1_125' title='bbox 496 1723 748 1794; x_wconf 75' lang='grc' dir='ltr'>τέμνειψ</span> <span class='ocrx_word' id='word_1_126' title='bbox 781 1723 876 1779; x_wconf 74' lang='grc' dir='ltr'>καὶ</span> <span class='ocrx_word' id='word_1_127' title='bbox 913 1723 1460 1797; x_wconf 66' lang='grc' dir='ltr'>τὴν-ἀρτοποιητικὴν</span> <span class='ocrx_word' id='word_1_128' title='bbox 1493 1725 1630 1797; x_wconf 87' lang='grc' dir='ltr'>μετά</span> <span class='ocrx_word' id='word_1_129' title='bbox 1655 1727 1826 1781; x_wconf 89' lang='grc' dir='ltr'>ταῦτα</span> 
     </span>
    </p>
   </div>
   <div class='ocr_carea' id='block_1_18' title="bbox 125 1807 1822 1882">
    <p class='ocr_par' dir='ltr' id='par_1_18' title="bbox 125 1807 1822 1882">
     <span class='ocr_line' id='line_1_18' title="bbox 125 1807 1822 1882; baseline 0.002 -21"><span class='ocrx_word' id='word_1_130' title='bbox 125 1809 352 1870; x_wconf 81' lang='grc' dir='ltr'>πάντα,</span> <span class='ocrx_word' id='word_1_131' title='bbox 410 1807 648 1879; x_wconf 78' lang='grc' dir='ltr'>οὐδαμοῦ</span> <span class='ocrx_word' id='word_1_132' title='bbox 709 1807 1043 1876; x_wconf 70' lang='grc' dir='ltr'>φαίνεταιδί.</span> <span class='ocrx_word' id='word_1_133' title='bbox 1097 1807 1254 1862; x_wconf 87' lang='grc' dir='ltr'>Οῦτω</span> <span class='ocrx_word' id='word_1_134' title='bbox 1301 1811 1466 1881; x_wconf 82' lang='grc' dir='ltr'>καίή</span> <span class='ocrx_word' id='word_1_135' title='bbox 1533 1810 1822 1882; x_wconf 81' lang='grc' dir='ltr'>ὑφαντικὴ,</span> 
     </span>
    </p>
   </div>
   <div class='ocr_carea' id='block_1_19' title="bbox 125 1883 1826 1967">
    <p class='ocr_par' dir='ltr' id='par_1_19' title="bbox 125 1883 1826 1967">
     <span class='ocr_line' id='line_1_19' title="bbox 125 1883 1826 1967; baseline 0.002 -20"><span class='ocrx_word' id='word_1_136' title='bbox 125 1897 277 1948; x_wconf 77' lang='grc' dir='ltr'>ὅταν</span> <span class='ocrx_word' id='word_1_137' title='bbox 309 1912 370 1947; x_wconf 73' lang='grc' dir='ltr'>τι</span> <span class='ocrx_word' id='word_1_138' title='bbox 417 1896 566 1964; x_wconf 82' lang='grc' dir='ltr'>ποιῇ,</span> <span class='ocrx_word' id='word_1_139' title='bbox 615 1892 817 1958; x_wconf 88' lang='grc' dir='ltr'>πολλάς</span> <span class='ocrx_word' id='word_1_140' title='bbox 858 1894 990 1964; x_wconf 77' lang='grc' dir='ltr'>μεθ⁹“</span> <span class='ocrx_word' id='word_1_141' title='bbox 1010 1883 1208 1964; x_wconf 78' lang='grc' dir='ltr'>ἑαυτῆς</span> <span class='ocrx_word' id='word_1_142' title='bbox 1240 1894 1396 1948; x_wconf 85' lang='grc' dir='ltr'>καλεῖ</span> <span class='ocrx_word' id='word_1_143' title='bbox 1423 1896 1618 1967; x_wconf 84' lang='grc' dir='ltr'>τέχνας</span> <span class='ocrx_word' id='word_1_144' title='bbox 1637 1935 1651 1960; x_wconf 94' lang='grc'>,</span> <span class='ocrx_word' id='word_1_145' title='bbox 1686 1895 1826 1950; x_wconf 82' lang='grc' dir='ltr'>ὥστε</span> 
     </span>
    </p>
   </div>
   <div class='ocr_carea' id='block_1_20' title="bbox 126 1977 1828 2050">
    <p class='ocr_par' dir='ltr' id='par_1_20' title="bbox 126 1977 1828 2050">
     <span class='ocr_line' id='line_1_20' title="bbox 126 1977 1828 2050; baseline 0 -18"><span class='ocrx_word' id='word_1_146' title='bbox 126 1979 287 2050; x_wconf 70' lang='grc' dir='ltr'>αὐτῇ</span> <span class='ocrx_word' id='word_1_147' title='bbox 326 1977 740 2048; x_wconf 77' lang='grc' dir='ltr'>συνεφάψασθαι</span> <span class='ocrx_word' id='word_1_148' title='bbox 789 1977 898 2030; x_wconf 90' lang='grc' dir='ltr'>τῶν</span> <span class='ocrx_word' id='word_1_149' title='bbox 948 1978 1349 2050; x_wconf 78' lang='grc' dir='ltr'>προκειμένων·</span> <span class='ocrx_word' id='word_1_150' title='bbox 1395 1978 1497 2032; x_wconf 83' lang='grc' dir='ltr'>κᾶν</span> <span class='ocrx_word' id='word_1_151' title='bbox 1543 1979 1618 2050; x_wconf 80' lang='grc' dir='ltr'>μὴ</span> <span class='ocrx_word' id='word_1_152' title='bbox 1657 1996 1828 2050; x_wconf 85' lang='grc' dir='ltr'>παρα-</span> 
     </span>
    </p>
   </div>
   <div class='ocr_carea' id='block_1_21' title="bbox 127 2061 1825 2134">
    <p class='ocr_par' dir='ltr' id='par_1_21' title="bbox 127 2061 1825 2134">
     <span class='ocr_line' id='line_1_21' title="bbox 127 2061 1825 2134; baseline 0.001 -19"><span class='ocrx_word' id='word_1_153' title='bbox 127 2062 420 2129; x_wconf 81' lang='grc' dir='ltr'>γένωνται</span> <span class='ocrx_word' id='word_1_154' title='bbox 473 2063 568 2116; x_wconf 76' lang='grc' dir='ltr'>καὶ</span> <span class='ocrx_word' id='word_1_155' title='bbox 624 2064 780 2134; x_wconf 85' lang='grc' dir='ltr'>χεῖρα</span> <span class='ocrx_word' id='word_1_156' title='bbox 823 2061 1110 2132; x_wconf 78' lang='grc' dir='ltr'>όρέξωσιν,</span> <span class='ocrx_word' id='word_1_157' title='bbox 1145 2061 1340 2132; x_wconf 74' lang='grc' dir='ltr'>ἕστηκε</span> <span class='ocrx_word' id='word_1_158' title='bbox 1382 2063 1476 2116; x_wconf 74' lang='grc' dir='ltr'>καὶ</span> <span class='ocrx_word' id='word_1_159' title='bbox 1517 2061 1656 2134; x_wconf 81' lang='grc' dir='ltr'>αῦτη</span> <span class='ocrx_word' id='word_1_160' title='bbox 1706 2065 1825 2117; x_wconf 81' lang='grc' dir='ltr'>κατ’</span> 
     </span>
    </p>
   </div>
   <div class='ocr_carea' id='block_1_22' title="bbox 130 2145 1828 2222">
    <p class='ocr_par' dir='ltr' id='par_1_22' title="bbox 130 2145 1828 2222">
     <span class='ocr_line' id='line_1_22' title="bbox 130 2145 1828 2222; baseline 0.001 -23"><span class='ocrx_word' id='word_1_161' title='bbox 130 2145 372 2217; x_wconf 76' lang='grc' dir='ltr'>ἐκείνην</span> <span class='ocrx_word' id='word_1_162' title='bbox 404 2145 782 2222; x_wconf 74' lang='grc' dir='ltr'>ἀπορουμένη.</span> <span class='ocrx_word' id='word_1_163' title='bbox 829 2147 938 2199; x_wconf 74' lang='grc' dir='ltr'>Καὶ</span> <span class='ocrx_word' id='word_1_164' title='bbox 971 2147 1174 2217; x_wconf 88' lang='grc' dir='ltr'>ἐκάστη</span> <span class='ocrx_word' id='word_1_165' title='bbox 1226 2147 1283 2200; x_wconf 87' lang='grc' dir='ltr'>δὲ</span> <span class='ocrx_word' id='word_1_166' title='bbox 1328 2147 1436 2201; x_wconf 90' lang='grc' dir='ltr'>τῶν</span> <span class='ocrx_word' id='word_1_167' title='bbox 1473 2148 1678 2219; x_wconf 89' lang='grc' dir='ltr'>τεχνῶν</span> <span class='ocrx_word' id='word_1_168' title='bbox 1729 2148 1828 2219; x_wconf 83' lang='grc' dir='ltr'>τῆς</span> 
     </span>
    </p>
   </div>
   <div class='ocr_carea' id='block_1_23' title="bbox 130 2230 1830 2303">
    <p class='ocr_par' dir='ltr' id='par_1_23' title="bbox 130 2230 1830 2303">
     <span class='ocr_line' id='line_1_23' title="bbox 130 2230 1830 2303; baseline 0.002 -19"><span class='ocrx_word' id='word_1_169' title='bbox 130 2231 347 2302; x_wconf 76' lang='grc' dir='ltr'>ἐτέρας</span> <span class='ocrx_word' id='word_1_170' title='bbox 375 2230 563 2285; x_wconf 87' lang='grc' dir='ltr'>δεῖται.</span> <span class='ocrx_word' id='word_1_171' title='bbox 589 2231 758 2285; x_wconf 87' lang='grc' dir='ltr'>Ὅταν</span> <span class='ocrx_word' id='word_1_172' title='bbox 787 2230 844 2284; x_wconf 82' lang='grc' dir='ltr'>δέ</span> <span class='ocrx_word' id='word_1_173' title='bbox 892 2231 1110 2303; x_wconf 82' lang='grc' dir='ltr'>ἐλεῆσαι</span> <span class='ocrx_word' id='word_1_174' title='bbox 1148 2231 1272 2303; x_wconf 87' lang='grc' dir='ltr'>δέῃ,</span> <span class='ocrx_word' id='word_1_175' title='bbox 1314 2231 1526 2295; x_wconf 81' lang='grc' dir='ltr'>οὐδενὸς</span> <span class='ocrx_word' id='word_1_176' title='bbox 1576 2233 1708 2302; x_wconf 82' lang='grc' dir='ltr'>ἡμῖν</span> <span class='ocrx_word' id='word_1_177' title='bbox 1749 2231 1830 2287; x_wconf 83' lang='grc' dir='ltr'>δεῖ</span> 
     </span>
    </p>
   </div>
   <div class='ocr_carea' id='block_1_24' title="bbox 129 2312 1828 2386">
    <p class='ocr_par' dir='ltr' id='par_1_24' title="bbox 129 2312 1828 2386">
     <span class='ocr_line' id='line_1_24' title="bbox 129 2312 1828 2386; baseline 0 -19"><span class='ocrx_word' id='word_1_178' title='bbox 129 2315 340 2386; x_wconf 81' lang='grc' dir='ltr'>ἐτέρου</span> <span class='ocrx_word' id='word_1_179' title='bbox 364 2312 432 2378; x_wconf 87' lang='grc'>³⁸,</span> <span class='ocrx_word' id='word_1_180' title='bbox 465 2313 599 2368; x_wconf 89' lang='grc' dir='ltr'>ἀλλά</span> <span class='ocrx_word' id='word_1_181' title='bbox 626 2312 852 2385; x_wconf 85' lang='grc' dir='ltr'>γνώμης</span> <span class='ocrx_word' id='word_1_182' title='bbox 878 2313 1049 2367; x_wconf 90' lang='grc' dir='ltr'>δεῖται</span> <span class='ocrx_word' id='word_1_183' title='bbox 1092 2314 1270 2382; x_wconf 82' lang='grc' dir='ltr'>μόνον.</span> <span class='ocrx_word' id='word_1_184' title='bbox 1328 2315 1399 2367; x_wconf 82' lang='grc' dir='ltr'>Εἰ</span> <span class='ocrx_word' id='word_1_185' title='bbox 1430 2314 1487 2367; x_wconf 83' lang='grc' dir='ltr'>δὲ</span> <span class='ocrx_word' id='word_1_186' title='bbox 1515 2313 1716 2382; x_wconf 83' lang='grc' dir='ltr'>λέγοις,</span> <span class='ocrx_word' id='word_1_187' title='bbox 1748 2315 1828 2367; x_wconf 82' lang='grc' dir='ltr'>δτι</span> 
     </span>
    </p>
   </div>
   <div class='ocr_carea' id='block_1_25' title="bbox 131 2396 1830 2468">
    <p class='ocr_par' dir='ltr' id='par_1_25' title="bbox 131 2396 1830 2468">
     <span class='ocr_line' id='line_1_25' title="bbox 131 2396 1830 2468; baseline 0.002 -20"><span class='ocrx_word' id='word_1_188' title='bbox 131 2397 453 2468; x_wconf 64' lang='grc' dir='ltr'>χρημάτων</span> <span class='ocrx_word' id='word_1_189' title='bbox 505 2397 696 2462; x_wconf 89' lang='grc' dir='ltr'>δεῖται,</span> <span class='ocrx_word' id='word_1_190' title='bbox 745 2398 839 2450; x_wconf 81' lang='grc' dir='ltr'>καί</span> <span class='ocrx_word' id='word_1_191' title='bbox 881 2398 1218 2468; x_wconf 89' lang='grc' dir='ltr'>οἰκημάτων,</span> <span class='ocrx_word' id='word_1_192' title='bbox 1283 2396 1378 2450; x_wconf 80' lang='grc' dir='ltr'>καὶ</span> <span class='ocrx_word' id='word_1_193' title='bbox 1435 2397 1684 2468; x_wconf 78' lang='grc' dir='ltr'>ἱματίων,</span> <span class='ocrx_word' id='word_1_194' title='bbox 1734 2397 1830 2451; x_wconf 71' lang='grc' dir='ltr'>καί.</span> 
     </span>
    </p>
   </div>
   <div class='ocr_carea' id='block_1_26' title="bbox 133 2479 1827 2552">
    <p class='ocr_par' dir='ltr' id='par_1_26' title="bbox 133 2479 1827 2552">
     <span class='ocr_line' id='line_1_26' title="bbox 133 2479 1827 2552; baseline -0.002 -17"><span class='ocrx_word' id='word_1_195' title='bbox 133 2481 549 2552; x_wconf 79' lang='grc' dir='ltr'>ὑποδημάτων,</span> <span class='ocrx_word' id='word_1_196' title='bbox 579 2479 854 2548; x_wconf 88' lang='grc' dir='ltr'>ἀνάγνωθι</span> <span class='ocrx_word' id='word_1_197' title='bbox 884 2479 955 2533; x_wconf 84' lang='grc' dir='ltr'>τὰ</span> <span class='ocrx_word' id='word_1_198' title='bbox 983 2481 1203 2551; x_wconf 81' lang='grc' dir='ltr'>ῥήματα</span> <span class='ocrx_word' id='word_1_199' title='bbox 1233 2479 1323 2533; x_wconf 88' lang='grc' dir='ltr'>τοῦ</span> <span class='ocrx_word' id='word_1_200' title='bbox 1351 2481 1586 2552; x_wconf 82' lang='grc' dir='ltr'>Χριστοῦ</span> <span class='ocrx_word' id='word_1_201' title='bbox 1621 2481 1827 2545; x_wconf 85' lang='grc' dir='ltr'>ἐκεῖνα,</span> 
     </span>
    </p>
   </div>
   <div class='ocr_carea' id='block_1_27' title="bbox 130 2559 1824 2636">
    <p class='ocr_par' dir='ltr' id='par_1_27' title="bbox 130 2559 1824 2636">
     <span class='ocr_line' id='line_1_27' title="bbox 130 2559 1824 2636; baseline -0.002 -17"><span class='ocrx_word' id='word_1_202' title='bbox 130 2566 172 2619; x_wconf 72' lang='grc' dir='ltr'>ἃ</span> <span class='ocrx_word' id='word_1_203' title='bbox 198 2566 341 2635; x_wconf 77' lang='grc' dir='ltr'>περὶ</span> <span class='ocrx_word' id='word_1_204' title='bbox 365 2565 461 2634; x_wconf 84' lang='grc' dir='ltr'>τῆς</span> <span class='ocrx_word' id='word_1_205' title='bbox 484 2565 660 2636; x_wconf 88' lang='grc' dir='ltr'>χήρας</span> <span class='ocrx_word' id='word_1_206' title='bbox 685 2559 827 2627; x_wconf 77' lang='grc' dir='ltr'>εἰπε,</span> <span class='ocrx_word' id='word_1_207' title='bbox 859 2563 954 2617; x_wconf 83' lang='grc' dir='ltr'>καὶ</span> <span class='ocrx_word' id='word_1_208' title='bbox 982 2563 1187 2617; x_wconf 89' lang='grc' dir='ltr'>παῦσαι</span> <span class='ocrx_word' id='word_1_209' title='bbox 1216 2563 1421 2632; x_wconf 85' lang='grc' dir='ltr'>ταύτης</span> <span class='ocrx_word' id='word_1_210' title='bbox 1447 2563 1544 2633; x_wconf 81' lang='grc' dir='ltr'>τῆς</span> <span class='ocrx_word' id='word_1_211' title='bbox 1567 2561 1824 2632; x_wconf 78' lang='grc' dir='ltr'>ἀγωνίας.</span> 
     </span>
    </p>
   </div>
   <div class='ocr_carea' id='block_1_28' title="bbox 132 2641 1826 2720">
    <p class='ocr_par' dir='ltr' id='par_1_28' title="bbox 132 2641 1826 2720">
     <span class='ocr_line' id='line_1_28' title="bbox 132 2641 1826 2720; baseline -0.001 -19"><span class='ocrx_word' id='word_1_212' title='bbox 132 2648 272 2702; x_wconf 69' lang='grc' dir='ltr'>Κᾶν</span> <span class='ocrx_word' id='word_1_213' title='bbox 305 2646 416 2720; x_wconf 86' lang='lat'>7&amp;9</span> <span class='ocrx_word' id='word_1_214' title='bbox 443 2647 644 2718; x_wconf 85' lang='grc' dir='ltr'>σφόδρα</span> <span class='ocrx_word' id='word_1_215' title='bbox 678 2647 852 2717; x_wconf 45' lang='grc' dir='ltr'>πένης,</span> <span class='ocrx_word' id='word_1_216' title='bbox 874 2641 962 2720; x_wconf 82' lang='grc' dir='ltr'>ᾖς,</span> <span class='ocrx_word' id='word_1_217' title='bbox 1020 2647 1119 2699; x_wconf 75' lang='grc' dir='ltr'>καῖ</span> <span class='ocrx_word' id='word_1_218' title='bbox 1146 2647 1252 2699; x_wconf 89' lang='grc' dir='ltr'>τῶν</span> <span class='ocrx_word' id='word_1_219' title='bbox 1297 2646 1737 2716; x_wconf 85' lang='grc' dir='ltr'>προσαιτούντων</span> <span class='ocrx_word' id='word_1_220' title='bbox 1759 2646 1826 2713; x_wconf 62' lang='grc'>⁸⁸,</span> 
     </span>
    </p>
   </div>
   <div class='ocr_carea' id='block_1_29' title="bbox 129 2728 1829 2803">
    <p class='ocr_par' dir='ltr' id='par_1_29' title="bbox 129 2728 1829 2803">
     <span class='ocr_line' id='line_1_29' title="bbox 129 2728 1829 2803; baseline -0.001 -18"><span class='ocrx_word' id='word_1_221' title='bbox 129 2732 242 2786; x_wconf 81' lang='grc' dir='ltr'>δύο</span> <span class='ocrx_word' id='word_1_222' title='bbox 269 2731 444 2785; x_wconf 86' lang='grc' dir='ltr'>λεπτά</span> <span class='ocrx_word' id='word_1_223' title='bbox 470 2731 537 2786; x_wconf 81' lang='grc' dir='ltr'>ἂν</span> <span class='ocrx_word' id='word_1_224' title='bbox 588 2730 774 2803; x_wconf 81' lang='grc' dir='ltr'>βάλῃς,</span> <span class='ocrx_word' id='word_1_225' title='bbox 821 2731 882 2784; x_wconf 82' lang='grc' dir='ltr'>τὸ</span> <span class='ocrx_word' id='word_1_226' title='bbox 916 2732 1023 2784; x_wconf 80' lang='grc' dir='ltr'>πᾶν</span> <span class='ocrx_word' id='word_1_227' title='bbox 1053 2730 1360 2801; x_wconf 82' lang='grc' dir='ltr'>άπήρτισας</span> <span class='ocrx_word' id='word_1_228' title='bbox 1387 2747 1399 2759; x_wconf 91' lang='grc'><strong>·</strong></span> <span class='ocrx_word' id='word_1_229' title='bbox 1435 2729 1540 2783; x_wconf 77' lang='grc' dir='ltr'>κᾶν</span> <span class='ocrx_word' id='word_1_230' title='bbox 1571 2728 1677 2799; x_wconf 83' lang='grc' dir='ltr'>δῷς</span> <span class='ocrx_word' id='word_1_231' title='bbox 1724 2729 1829 2801; x_wconf 89' lang='grc' dir='ltr'>μά-</span> 
     </span>
    </p>
   </div>
   <div class='ocr_carea' id='block_1_30' title="bbox 132 2809 1831 2885">
    <p class='ocr_par' dir='ltr' id='par_1_30' title="bbox 132 2809 1831 2885">
     <span class='ocr_line' id='line_1_30' title="bbox 132 2809 1831 2885; baseline 0 -18"><span class='ocrx_word' id='word_1_232' title='bbox 132 2812 340 2880; x_wconf 73' lang='grc' dir='ltr'>ζανη,</span> <span class='ocrx_word' id='word_1_233' title='bbox 392 2813 596 2885; x_wconf 89' lang='grc' dir='ltr'>ταύτην</span> <span class='ocrx_word' id='word_1_234' title='bbox 635 2813 773 2884; x_wconf 70' lang='grc' dir='ltr'>ἔχων</span> <span class='ocrx_word' id='word_1_235' title='bbox 826 2814 1008 2884; x_wconf 92' lang='grc' dir='ltr'>μόνον,</span> <span class='ocrx_word' id='word_1_236' title='bbox 1047 2813 1182 2883; x_wconf 77' lang='grc' dir='ltr'>πρὸς</span> <span class='ocrx_word' id='word_1_237' title='bbox 1227 2812 1286 2865; x_wconf 84' lang='grc' dir='ltr'>τὸ</span> <span class='ocrx_word' id='word_1_238' title='bbox 1323 2812 1474 2876; x_wconf 82' lang='grc' dir='ltr'>τέλος</span> <span class='ocrx_word' id='word_1_239' title='bbox 1518 2809 1682 2883; x_wconf 82' lang='grc' dir='ltr'>ἦλθες</span> <span class='ocrx_word' id='word_1_240' title='bbox 1731 2814 1831 2884; x_wconf 87' lang='grc' dir='ltr'>τῆς</span> 
     </span>
    </p>
   </div>
   <div class='ocr_carea' id='block_1_31' title="bbox 133 2895 1831 2969">
    <p class='ocr_par' dir='ltr' id='par_1_31' title="bbox 133 2895 1831 2969">
     <span class='ocr_line' id='line_1_31' title="bbox 133 2895 1831 2969; baseline 0.001 -18"><span class='ocrx_word' id='word_1_241' title='bbox 133 2901 371 2969; x_wconf 84' lang='grc' dir='ltr'>τέχνης.</span> <span class='ocrx_word' id='word_1_242' title='bbox 407 2897 623 2968; x_wconf 88' lang='grc' dir='ltr'>Ταύτην</span> <span class='ocrx_word' id='word_1_243' title='bbox 673 2897 853 2952; x_wconf 82' lang='grc' dir='ltr'>τοίνυν</span> <span class='ocrx_word' id='word_1_244' title='bbox 902 2896 1180 2968; x_wconf 79' lang='grc' dir='ltr'>δεξώμεθα</span> <span class='ocrx_word' id='word_1_245' title='bbox 1225 2895 1322 2966; x_wconf 82' lang='grc' dir='ltr'>τὴν</span> <span class='ocrx_word' id='word_1_246' title='bbox 1353 2897 1696 2967; x_wconf 86' lang='grc' dir='ltr'>ἐπιστήμην,</span> <span class='ocrx_word' id='word_1_247' title='bbox 1737 2899 1831 2952; x_wconf 73' lang='grc' dir='ltr'>καὶ</span> 
     </span>
    </p>
   </div>
   <div class='ocr_carea' id='block_1_32' title="bbox 134 2980 1830 3053">
    <p class='ocr_par' dir='ltr' id='par_1_32' title="bbox 134 2980 1830 3053">
     <span class='ocr_line' id='line_1_32' title="bbox 134 2980 1830 3053; baseline 0 -18"><span class='ocrx_word' id='word_1_248' title='bbox 134 2980 607 3052; x_wconf 75' lang='grc' dir='ltr'>κατορθώσωμεν.</span> <span class='ocrx_word' id='word_1_249' title='bbox 633 2982 742 3034; x_wconf 83' lang='lat' dir='ltr'>Kal</span> <span class='ocrx_word' id='word_1_250' title='bbox 769 2981 880 3052; x_wconf 84' lang='lat'>7&amp;9</span> <span class='ocrx_word' id='word_1_251' title='bbox 912 2980 1121 3051; x_wconf 87' lang='grc' dir='ltr'>βέλτιον</span> <span class='ocrx_word' id='word_1_252' title='bbox 1143 2981 1346 3051; x_wconf 88' lang='grc' dir='ltr'>ταύτην</span> <span class='ocrx_word' id='word_1_253' title='bbox 1368 2981 1586 3047; x_wconf 89' lang='grc' dir='ltr'>εἰδέναι,</span> <span class='ocrx_word' id='word_1_254' title='bbox 1618 2982 1650 3052; x_wconf 80' lang='grc' dir='ltr'>ἢ</span> <span class='ocrx_word' id='word_1_255' title='bbox 1678 2982 1830 3053; x_wconf 88' lang='grc' dir='ltr'>βασι-</span> 
     </span>
    </p>
   </div>
   <div class='ocr_carea' id='block_1_33' title="bbox 135 3060 1832 3136">
    <p class='ocr_par' dir='ltr' id='par_1_33' title="bbox 135 3060 1832 3136">
     <span class='ocr_line' id='line_1_33' title="bbox 135 3060 1832 3136; baseline -0.001 -19"><span class='ocrx_word' id='word_1_256' title='bbox 135 3066 249 3119; x_wconf 82' lang='grc' dir='ltr'>λέα</span> <span class='ocrx_word' id='word_1_257' title='bbox 274 3060 441 3128; x_wconf 75' lang='grc' dir='ltr'>εἶναι,</span> <span class='ocrx_word' id='word_1_258' title='bbox 478 3064 572 3118; x_wconf 78' lang='grc' dir='ltr'>καὶ</span> <span class='ocrx_word' id='word_1_259' title='bbox 594 3064 834 3134; x_wconf 87' lang='grc' dir='ltr'>διάδημα</span> <span class='ocrx_word' id='word_1_260' title='bbox 886 3064 1248 3135; x_wconf 86' lang='grc' dir='ltr'>περικεῖσθαι.</span> <span class='ocrx_word' id='word_1_261' title='bbox 1292 3065 1367 3118; x_wconf 84' lang='grc' dir='ltr'>Οὐ</span> <span class='ocrx_word' id='word_1_262' title='bbox 1406 3065 1517 3136; x_wconf 87' lang='grc' dir='ltr'>γὰρ</span> <span class='ocrx_word' id='word_1_263' title='bbox 1559 3064 1623 3134; x_wconf 81' lang='grc' dir='ltr'>δὴ</span> <span class='ocrx_word' id='word_1_264' title='bbox 1675 3062 1832 3116; x_wconf 86' lang='grc' dir='ltr'>τοῦτό</span> 
     </span>
    </p>
   </div>
   <div class='ocr_carea' id='block_1_34' title="bbox 136 3146 1831 3218">
    <p class='ocr_par' dir='ltr' id='par_1_34' title="bbox 136 3146 1831 3218">
     <span class='ocr_line' id='line_1_34' title="bbox 136 3146 1831 3218; baseline -0.002 -17"><span class='ocrx_word' id='word_1_265' title='bbox 136 3151 268 3201; x_wconf 85' lang='grc' dir='ltr'>ἐστι</span> <span class='ocrx_word' id='word_1_266' title='bbox 296 3147 363 3200; x_wconf 79' lang='grc' dir='ltr'>τδ</span> <span class='ocrx_word' id='word_1_267' title='bbox 391 3146 770 3218; x_wconf 83' lang='grc' dir='ltr'>πλεονέκτημα</span> <span class='ocrx_word' id='word_1_268' title='bbox 801 3147 971 3218; x_wconf 84' lang='grc' dir='ltr'>αὐτῆς</span> <span class='ocrx_word' id='word_1_269' title='bbox 1003 3148 1182 3218; x_wconf 82' lang='grc' dir='ltr'>μόνον,</span> <span class='ocrx_word' id='word_1_270' title='bbox 1209 3149 1290 3201; x_wconf 84' lang='grc' dir='ltr'>δτι</span> <span class='ocrx_word' id='word_1_271' title='bbox 1324 3149 1384 3201; x_wconf 89' lang='grc' dir='ltr'>οὐ</span> <span class='ocrx_word' id='word_1_272' title='bbox 1412 3149 1581 3203; x_wconf 86' lang='grc' dir='ltr'>δεῖται</span> <span class='ocrx_word' id='word_1_273' title='bbox 1605 3146 1831 3218; x_wconf 86' lang='grc' dir='ltr'>ἐτέρων,</span> 
     </span>
    </p>
   </div>
   <div class='ocr_carea' id='block_1_35' title="bbox 137 3228 1835 3301">
    <p class='ocr_par' dir='ltr' id='par_1_35' title="bbox 137 3228 1835 3301">
     <span class='ocr_line' id='line_1_35' title="bbox 137 3228 1835 3301; baseline -0.003 -14"><span class='ocrx_word' id='word_1_274' title='bbox 137 3230 292 3287; x_wconf 76' lang='grc' dir='ltr'>ἀλλά</span> <span class='ocrx_word' id='word_1_275' title='bbox 310 3229 359 3262; x_wconf 79' lang='grc'>⁸⁸</span> <span class='ocrx_word' id='word_1_276' title='bbox 385 3229 481 3283; x_wconf 80' lang='grc' dir='ltr'>καὶ</span> <span class='ocrx_word' id='word_1_277' title='bbox 510 3229 769 3285; x_wconf 80' lang='grc' dir='ltr'>ποικίλων</span> <span class='ocrx_word' id='word_1_278' title='bbox 821 3230 1167 3301; x_wconf 85' lang='grc' dir='ltr'>πραγμάτων</span> <span class='ocrx_word' id='word_1_279' title='bbox 1218 3231 1366 3284; x_wconf 74' lang='grc' dir='ltr'>ἐστὶν</span> <span class='ocrx_word' id='word_1_280' title='bbox 1411 3230 1700 3300; x_wconf 84' lang='grc' dir='ltr'>ἀνυστικὴ,</span> <span class='ocrx_word' id='word_1_281' title='bbox 1743 3228 1835 3283; x_wconf 80' lang='grc' dir='ltr'>καὶ</span> 
     </span>
    </p>
   </div>
   <div class='ocr_carea' id='block_1_36' title="bbox 135 3311 1832 3384">
    <p class='ocr_par' dir='ltr' id='par_1_36' title="bbox 135 3311 1832 3384">
     <span class='ocr_line' id='line_1_36' title="bbox 135 3311 1832 3384; baseline -0.002 -16"><span class='ocrx_word' id='word_1_282' title='bbox 135 3312 371 3368; x_wconf 72' lang='grc' dir='ltr'>πολλῶν</span> <span class='ocrx_word' id='word_1_283' title='bbox 400 3313 493 3367; x_wconf 71' lang='grc' dir='ltr'>καὶ</span> <span class='ocrx_word' id='word_1_284' title='bbox 511 3313 891 3367; x_wconf 86' lang='grc' dir='ltr'>παντοδαπῶν.</span> <span class='ocrx_word' id='word_1_285' title='bbox 937 3314 1045 3368; x_wconf 82' lang='lat' dir='ltr'>Kal</span> <span class='ocrx_word' id='word_1_286' title='bbox 1080 3313 1188 3384; x_wconf 89' lang='lat'>7&amp;9</span> <span class='ocrx_word' id='word_1_287' title='bbox 1223 3314 1402 3376; x_wconf 88' lang='grc' dir='ltr'>οἰκίας</span> <span class='ocrx_word' id='word_1_288' title='bbox 1435 3313 1710 3384; x_wconf 90' lang='grc' dir='ltr'>οἰκοδομεῖ</span> <span class='ocrx_word' id='word_1_289' title='bbox 1732 3311 1832 3374; x_wconf 88' lang='grc' dir='ltr'>τάς</span> 
     </span>
    </p>
   </div>
   <div class='ocr_carea' id='block_1_37' title="bbox 136 3395 1836 3470">
    <p class='ocr_par' dir='ltr' id='par_1_37' title="bbox 136 3395 1836 3470">
     <span class='ocr_line' id='line_1_37' title="bbox 136 3395 1836 3470; baseline -0.003 -17"><span class='ocrx_word' id='word_1_290' title='bbox 136 3400 241 3454; x_wconf 74' lang='grc' dir='ltr'>ἀεὶ</span> <span class='ocrx_word' id='word_1_291' title='bbox 276 3396 545 3469; x_wconf 80' lang='grc' dir='ltr'>μενούσας</span> <span class='ocrx_word' id='word_1_292' title='bbox 575 3399 634 3451; x_wconf 91' lang='grc' dir='ltr'>ἐν</span> <span class='ocrx_word' id='word_1_293' title='bbox 663 3398 932 3470; x_wconf 88' lang='grc' dir='ltr'>οὐρανοῖς,</span> <span class='ocrx_word' id='word_1_294' title='bbox 975 3397 1068 3450; x_wconf 75' lang='grc' dir='ltr'>καὶ</span> <span class='ocrx_word' id='word_1_295' title='bbox 1095 3397 1335 3450; x_wconf 87' lang='grc' dir='ltr'>διδάσκει</span> <span class='ocrx_word' id='word_1_296' title='bbox 1369 3398 1495 3460; x_wconf 82' lang='grc' dir='ltr'>τοὺς</span> <span class='ocrx_word' id='word_1_297' title='bbox 1542 3395 1836 3465; x_wconf 87' lang='grc' dir='ltr'>κατωρθω-</span> 
     </span>
    </p>
   </div>
   <div class='ocr_carea' id='block_1_38' title="bbox 140 3479 1832 3551">
    <p class='ocr_par' dir='ltr' id='par_1_38' title="bbox 140 3479 1832 3551">
     <span class='ocr_line' id='line_1_38' title="bbox 140 3479 1832 3551; baseline -0.003 -15"><span class='ocrx_word' id='word_1_298' title='bbox 140 3483 326 3544; x_wconf 82' lang='grc' dir='ltr'>κότας</span> <span class='ocrx_word' id='word_1_299' title='bbox 351 3481 542 3551; x_wconf 82' lang='grc' dir='ltr'>αὐτὴν,</span> <span class='ocrx_word' id='word_1_300' title='bbox 565 3480 682 3544; x_wconf 91' lang='grc' dir='ltr'>πῶς</span> <span class='ocrx_word' id='word_1_301' title='bbox 697 3480 762 3534; x_wconf 83' lang='grc' dir='ltr'>ἀν</span> <span class='ocrx_word' id='word_1_302' title='bbox 780 3481 869 3533; x_wconf 79' lang='grc' dir='ltr'>τὸν</span> <span class='ocrx_word' id='word_1_303' title='bbox 897 3481 1214 3534; x_wconf 80' lang='grc' dir='ltr'>ἀθάνατον⁸⁷</span> <span class='ocrx_word' id='word_1_304' title='bbox 1240 3480 1470 3535; x_wconf 89' lang='grc' dir='ltr'>θάνατον</span> <span class='ocrx_word' id='word_1_305' title='bbox 1495 3479 1832 3548; x_wconf 75' lang='grc' dir='ltr'>διαφύγοιενο</span> 
     </span>
    </p>
   </div>
   <div class='ocr_carea' id='block_1_39' title="bbox 140 3564 1832 3637">
    <p class='ocr_par' dir='ltr' id='par_1_39' title="bbox 140 3564 1832 3637">
     <span class='ocr_line' id='line_1_39' title="bbox 140 3564 1832 3637; baseline -0.003 -16"><span class='ocrx_word' id='word_1_306' title='bbox 140 3568 250 3621; x_wconf 76' lang='grc' dir='ltr'>καὶ</span> <span class='ocrx_word' id='word_1_307' title='bbox 267 3564 578 3636; x_wconf 80' lang='grc' dir='ltr'>θησαυρούς</span> <span class='ocrx_word' id='word_1_308' title='bbox 595 3582 678 3618; x_wconf 91' lang='grc' dir='ltr'>σοι</span> <span class='ocrx_word' id='word_1_309' title='bbox 693 3567 943 3636; x_wconf 87' lang='grc' dir='ltr'>δωρεῖται</span> <span class='ocrx_word' id='word_1_310' title='bbox 959 3564 1106 3637; x_wconf 75' lang='grc'><strong>[5551</strong></span> <span class='ocrx_word' id='word_1_311' title='bbox 1118 3566 1385 3636; x_wconf 89' lang='grc' dir='ltr'>μηδέποτε</span> <span class='ocrx_word' id='word_1_312' title='bbox 1395 3564 1832 3635; x_wconf 83' lang='grc' dir='ltr'>δαπανωμένους,</span> 
     </span>
    </p>
   </div>
   <div class='ocr_carea' id='block_1_40' title="bbox 141 3649 1835 3720">
    <p class='ocr_par' dir='ltr' id='par_1_40' title="bbox 141 3649 1835 3720">
     <span class='ocr_line' id='line_1_40' title="bbox 141 3649 1835 3720; baseline -0.001 -17"><span class='ocrx_word' id='word_1_313' title='bbox 141 3651 294 3709; x_wconf 80' lang='grc' dir='ltr'>ἀλλά</span> <span class='ocrx_word' id='word_1_314' title='bbox 318 3651 500 3703; x_wconf 76' lang='grc' dir='ltr'>πᾶσαν</span> <span class='ocrx_word' id='word_1_315' title='bbox 524 3649 916 3718; x_wconf 78' lang='grc' dir='ltr'>διαφεύγοντας</span> <span class='ocrx_word' id='word_1_316' title='bbox 943 3649 1169 3720; x_wconf 89' lang='grc' dir='ltr'>βλάϐην,</span> <span class='ocrx_word' id='word_1_317' title='bbox 1196 3652 1290 3705; x_wconf 82' lang='grc' dir='ltr'>καί</span> <span class='ocrx_word' id='word_1_318' title='bbox 1325 3651 1426 3720; x_wconf 85' lang='grc' dir='ltr'>τὴν</span> <span class='ocrx_word' id='word_1_319' title='bbox 1466 3649 1574 3705; x_wconf 83' lang='grc' dir='ltr'>ἀπδ</span> <span class='ocrx_word' id='word_1_320' title='bbox 1601 3649 1835 3719; x_wconf 81' lang='grc' dir='ltr'>λῃστῶν,</span> 
     </span>
    </p>
   </div>
   <div class='ocr_carea' id='block_1_41' title="bbox 143 3731 1839 3805">
    <p class='ocr_par' dir='ltr' id='par_1_41' title="bbox 143 3731 1839 3805">
     <span class='ocr_line' id='line_1_41' title="bbox 143 3731 1839 3805; baseline -0.002 -18"><span class='ocrx_word' id='word_1_321' title='bbox 143 3735 251 3792; x_wconf 63' lang='grc' dir='ltr'>καὶ</span> <span class='ocrx_word' id='word_1_322' title='bbox 281 3733 383 3804; x_wconf 81' lang='grc' dir='ltr'>τὴν</span> <span class='ocrx_word' id='word_1_323' title='bbox 403 3733 510 3786; x_wconf 76' lang='grc' dir='ltr'>ἀπὸ</span> <span class='ocrx_word' id='word_1_324' title='bbox 536 3732 853 3803; x_wconf 85' lang='grc' dir='ltr'>σκωλήκων,</span> <span class='ocrx_word' id='word_1_325' title='bbox 879 3734 972 3786; x_wconf 76' lang='grc' dir='ltr'>καὶ</span> <span class='ocrx_word' id='word_1_326' title='bbox 999 3733 1096 3805; x_wconf 79' lang='grc' dir='ltr'>τὴν</span> <span class='ocrx_word' id='word_1_327' title='bbox 1125 3733 1231 3787; x_wconf 73' lang='grc' dir='ltr'>ἀπὸ</span> <span class='ocrx_word' id='word_1_328' title='bbox 1263 3735 1461 3805; x_wconf 91' lang='grc' dir='ltr'>σητῶν,</span> <span class='ocrx_word' id='word_1_329' title='bbox 1493 3734 1585 3786; x_wconf 74' lang='grc' dir='ltr'>καὶ</span> <span class='ocrx_word' id='word_1_330' title='bbox 1613 3732 1712 3803; x_wconf 85' lang='grc' dir='ltr'>τὴν</span> <span class='ocrx_word' id='word_1_331' title='bbox 1731 3731 1839 3785; x_wconf 81' lang='grc' dir='ltr'>ἀπὸ</span> 
     </span>
    </p>
   </div>
   <div class='ocr_carea' id='block_1_42' title="bbox 144 3819 1839 3893">
    <p class='ocr_par' dir='ltr' id='par_1_42' title="bbox 144 3819 1839 3893">
     <span class='ocr_line' id='line_1_42' title="bbox 144 3819 1839 3893; baseline -0.002 -17"><span class='ocrx_word' id='word_1_332' title='bbox 144 3823 253 3876; x_wconf 80' lang='grc' dir='ltr'>τοῦ</span> <span class='ocrx_word' id='word_1_333' title='bbox 277 3821 495 3893; x_wconf 86' lang='grc' dir='ltr'>χρόνου.</span> <span class='ocrx_word' id='word_1_334' title='bbox 527 3819 782 3888; x_wconf 83' lang='grc' dir='ltr'>Καίτοιγε</span> <span class='ocrx_word' id='word_1_335' title='bbox 815 3823 862 3874; x_wconf 90' lang='grc' dir='ltr'>εί</span> <span class='ocrx_word' id='word_1_336' title='bbox 885 3823 976 3875; x_wconf 76' lang='grc' dir='ltr'>ἐπὶ</span> <span class='ocrx_word' id='word_1_337' title='bbox 1017 3821 1200 3892; x_wconf 84' lang='grc' dir='ltr'>πυρῶν</span> <span class='ocrx_word' id='word_1_338' title='bbox 1231 3822 1448 3892; x_wconf 77' lang='grc' dir='ltr'>φυλακῇ</span> <span class='ocrx_word' id='word_1_339' title='bbox 1474 3820 1634 3874; x_wconf 88' lang='grc' dir='ltr'>τοῦτο</span> <span class='ocrx_word' id='word_1_340' title='bbox 1681 3821 1839 3891; x_wconf 86' lang='grc' dir='ltr'>μόνον</span> 
     </span>
    </p>
   </div>
   <div class='ocr_carea' id='block_1_43' title="bbox 149 3901 1840 3976">
    <p class='ocr_par' dir='ltr' id='par_1_43' title="bbox 149 3901 1840 3976">
     <span class='ocr_line' id='line_1_43' title="bbox 149 3901 1840 3976; baseline -0.005 -14"><span class='ocrx_word' id='word_1_341' title='bbox 149 3908 219 3962; x_wconf 77' lang='grc' dir='ltr'>σέ</span> <span class='ocrx_word' id='word_1_342' title='bbox 253 3925 341 3969; x_wconf 87' lang='grc' dir='ltr'>τις</span> <span class='ocrx_word' id='word_1_343' title='bbox 366 3905 590 3971; x_wconf 75' lang='grc' dir='ltr'>ἐδίδαξε,</span> <span class='ocrx_word' id='word_1_344' title='bbox 613 3905 666 3958; x_wconf 88' lang='grc' dir='ltr'>τί</span> <span class='ocrx_word' id='word_1_345' title='bbox 696 3905 795 3958; x_wconf 84' lang='grc' dir='ltr'>οὐκ</span> <span class='ocrx_word' id='word_1_346' title='bbox 826 3905 896 3958; x_wconf 73' lang='grc' dir='ltr'>ἂν</span> <span class='ocrx_word' id='word_1_347' title='bbox 926 3905 1147 3970; x_wconf 80' lang='grc' dir='ltr'>ἔδωκας,</span> <span class='ocrx_word' id='word_1_348' title='bbox 1171 3904 1310 3959; x_wconf 88' lang='grc' dir='ltr'>ῶστε</span> <span class='ocrx_word' id='word_1_349' title='bbox 1337 3923 1398 3958; x_wconf 87' lang='grc' dir='ltr'>σε</span> <span class='ocrx_word' id='word_1_350' title='bbox 1427 3904 1717 3976; x_wconf 86' lang='grc' dir='ltr'>δυνηθῆναι</span> <span class='ocrx_word' id='word_1_351' title='bbox 1747 3901 1840 3954; x_wconf 73' lang='grc' dir='ltr'>ἐπὶ</span> 
     </span>
    </p>
   </div>
   <div class='ocr_carea' id='block_1_44' title="bbox 149 3983 1839 4058">
    <p class='ocr_par' dir='ltr' id='par_1_44' title="bbox 149 3983 1839 4058">
     <span class='ocr_line' id='line_1_44' title="bbox 149 3983 1839 4058; baseline -0.002 -17"><span class='ocrx_word' id='word_1_352' title='bbox 149 3988 378 4052; x_wconf 80' lang='grc' dir='ltr'>πολλοῖς</span> <span class='ocrx_word' id='word_1_353' title='bbox 412 3989 588 4042; x_wconf 81' lang='grc' dir='ltr'>έτεσιν</span> <span class='ocrx_word' id='word_1_354' title='bbox 641 3987 917 4043; x_wconf 84' lang='grc' dir='ltr'>ἀνάλωτον</span> <span class='ocrx_word' id='word_1_355' title='bbox 967 3987 1294 4058; x_wconf 85' lang='grc' dir='ltr'>διατηρῆσαι</span> <span class='ocrx_word' id='word_1_356' title='bbox 1351 3988 1442 4042; x_wconf 76' lang='grc' dir='ltr'>τὸν</span> <span class='ocrx_word' id='word_1_357' title='bbox 1483 3991 1661 4047; x_wconf 86' lang='grc' dir='ltr'>σῖτον;</span> <span class='ocrx_word' id='word_1_358' title='bbox 1699 3983 1839 4039; x_wconf 83' lang='grc' dir='ltr'>Ἀλλ’</span> 
     </span>
    </p>
   </div>
   <div class='ocr_carea' id='block_1_45' title="bbox 154 4070 1842 4142">
    <p class='ocr_par' dir='ltr' id='par_1_45' title="bbox 154 4070 1842 4142">
     <span class='ocr_line' id='line_1_45' title="bbox 154 4070 1842 4142; baseline -0.004 -14"><span class='ocrx_word' id='word_1_359' title='bbox 154 4071 274 4128; x_wconf 73' lang='grc' dir='ltr'>ἰδού</span> <span class='ocrx_word' id='word_1_360' title='bbox 313 4089 373 4125; x_wconf 91' lang='grc' dir='ltr'>σε</span> <span class='ocrx_word' id='word_1_361' title='bbox 430 4071 569 4142; x_wconf 86' lang='grc' dir='ltr'>αῦτη</span> <span class='ocrx_word' id='word_1_362' title='bbox 605 4072 704 4124; x_wconf 83' lang='grc' dir='ltr'>ούκ</span> <span class='ocrx_word' id='word_1_363' title='bbox 759 4072 851 4124; x_wconf 69' lang='grc' dir='ltr'>ἐπὶ</span> <span class='ocrx_word' id='word_1_364' title='bbox 911 4072 1084 4142; x_wconf 88' lang='grc' dir='ltr'>πυροῦ</span> <span class='ocrx_word' id='word_1_365' title='bbox 1133 4073 1311 4140; x_wconf 81' lang='grc' dir='ltr'>μόνον,</span> <span class='ocrx_word' id='word_1_366' title='bbox 1346 4073 1458 4126; x_wconf 83' lang='grc' dir='ltr'>ἀλλ’</span> <span class='ocrx_word' id='word_1_367' title='bbox 1501 4072 1595 4125; x_wconf 70' lang='grc' dir='ltr'>ἐπὶ</span> <span class='ocrx_word' id='word_1_368' title='bbox 1625 4070 1842 4125; x_wconf 83' lang='grc' dir='ltr'>πάντων</span> 
     </span>
    </p>
   </div>
   <div class='ocr_carea' id='block_1_46' title="bbox 151 4153 1844 4228">
    <p class='ocr_par' dir='ltr' id='par_1_46' title="bbox 151 4153 1844 4228">
     <span class='ocr_line' id='line_1_46' title="bbox 151 4153 1844 4228; baseline -0.004 -17"><span class='ocrx_word' id='word_1_369' title='bbox 151 4155 435 4219; x_wconf 84' lang='grc' dir='ltr'>παιδεύει,</span> <span class='ocrx_word' id='word_1_370' title='bbox 455 4157 548 4210; x_wconf 78' lang='grc' dir='ltr'>καὶ</span> <span class='ocrx_word' id='word_1_371' title='bbox 575 4155 692 4218; x_wconf 90' lang='grc' dir='ltr'>πῶς</span> <span class='ocrx_word' id='word_1_372' title='bbox 726 4154 792 4208; x_wconf 81' lang='grc' dir='ltr'>ἂν</span> <span class='ocrx_word' id='word_1_373' title='bbox 821 4157 915 4208; x_wconf 79' lang='grc' dir='ltr'>καὶ</span> <span class='ocrx_word' id='word_1_374' title='bbox 943 4155 1011 4208; x_wconf 68' lang='grc' dir='ltr'>τά</span> <span class='ocrx_word' id='word_1_375' title='bbox 1039 4156 1352 4228; x_wconf 83' lang='grc' dir='ltr'>ὑπάρχοντα</span> <span class='ocrx_word' id='word_1_376' title='bbox 1386 4157 1478 4210; x_wconf 74' lang='grc' dir='ltr'>καὶ</span> <span class='ocrx_word' id='word_1_377' title='bbox 1503 4158 1536 4227; x_wconf 90' lang='grc' dir='ltr'>ή</span> <span class='ocrx_word' id='word_1_378' title='bbox 1569 4153 1716 4225; x_wconf 79' lang='grc' dir='ltr'>ψυχὴ</span> <span class='ocrx_word' id='word_1_379' title='bbox 1748 4153 1844 4206; x_wconf 78' lang='grc' dir='ltr'>καὶ</span> 
     </span>
    </p>
   </div>
   <div class='ocr_carea' id='block_1_47' title="bbox 149 4236 1844 4310">
    <p class='ocr_par' dir='ltr' id='par_1_47' title="bbox 149 4236 1844 4310">
     <span class='ocr_line' id='line_1_47' title="bbox 149 4236 1844 4310; baseline -0.002 -16"><span class='ocrx_word' id='word_1_380' title='bbox 149 4242 222 4295; x_wconf 80' lang='grc' dir='ltr'>τὸ</span> <span class='ocrx_word' id='word_1_381' title='bbox 254 4238 416 4308; x_wconf 88' lang='grc' dir='ltr'>σῶμα</span> <span class='ocrx_word' id='word_1_382' title='bbox 461 4239 712 4293; x_wconf 80' lang='grc' dir='ltr'>ἀνάλωτα</span> <span class='ocrx_word' id='word_1_383' title='bbox 766 4239 978 4310; x_wconf 88' lang='grc' dir='ltr'>μένοιεν</span> <span class='ocrx_word' id='word_1_384' title='bbox 1021 4240 1286 4294; x_wconf 88' lang='grc' dir='ltr'>δείκνυσι.</span> <span class='ocrx_word' id='word_1_385' title='bbox 1325 4241 1437 4294; x_wconf 79' lang='lat' dir='ltr'>Kal</span> <span class='ocrx_word' id='word_1_386' title='bbox 1486 4239 1538 4293; x_wconf 91' lang='grc' dir='ltr'>τί</span> <span class='ocrx_word' id='word_1_387' title='bbox 1581 4240 1662 4292; x_wconf 89' lang='grc' dir='ltr'>δεῖ</span> <span class='ocrx_word' id='word_1_388' title='bbox 1701 4236 1844 4291; x_wconf 82' lang='grc' dir='ltr'>κατὰ</span> 
     </span>
    </p>
   </div>
   <div class='ocr_carea' id='block_1_48' title="bbox 157 4321 1840 4395">
    <p class='ocr_par' dir='ltr' id='par_1_48' title="bbox 157 4321 1840 4395">
     <span class='ocr_line' id='line_1_48' title="bbox 157 4321 1840 4395; baseline 0 -19"><span class='ocrx_word' id='word_1_389' title='bbox 157 4324 336 4395; x_wconf 83' lang='grc' dir='ltr'>μέρος</span> <span class='ocrx_word' id='word_1_390' title='bbox 361 4324 576 4378; x_wconf 77' lang='grc' dir='ltr'>ᾶπαντα</span> <span class='ocrx_word' id='word_1_391' title='bbox 608 4322 789 4392; x_wconf 83' lang='grc' dir='ltr'>λέγειν</span> <span class='ocrx_word' id='word_1_392' title='bbox 831 4323 930 4393; x_wconf 84' lang='grc' dir='ltr'>τῆς</span> <span class='ocrx_word' id='word_1_393' title='bbox 969 4324 1164 4395; x_wconf 84' lang='grc' dir='ltr'>τέχνης</span> <span class='ocrx_word' id='word_1_394' title='bbox 1202 4325 1406 4394; x_wconf 87' lang='grc' dir='ltr'>ταύτης</span> <span class='ocrx_word' id='word_1_395' title='bbox 1457 4323 1527 4376; x_wconf 90' lang='grc' dir='ltr'>τά</span> <span class='ocrx_word' id='word_1_396' title='bbox 1561 4321 1840 4393; x_wconf 87' lang='grc' dir='ltr'>κατορθώ-</span> 
     </span>
    </p>
   </div>
   <div class='ocr_carea' id='block_1_49' title="bbox 158 4404 1840 4478">
    <p class='ocr_par' dir='ltr' id='par_1_49' title="bbox 158 4404 1840 4478">
     <span class='ocr_line' id='line_1_49' title="bbox 158 4404 1840 4478; baseline -0.002 -19"><span class='ocrx_word' id='word_1_397' title='bbox 158 4422 343 4478; x_wconf 58' lang='lat' dir='ltr'><strong>pata;</strong></span> <span class='ocrx_word' id='word_1_398' title='bbox 360 4405 504 4477; x_wconf 79' lang='grc' dir='ltr'>Αῦτη</span> <span class='ocrx_word' id='word_1_399' title='bbox 539 4405 648 4475; x_wconf 84' lang='grc' dir='ltr'>γάρ</span> <span class='ocrx_word' id='word_1_400' title='bbox 682 4423 740 4458; x_wconf 93' lang='grc' dir='ltr'>σε</span> <span class='ocrx_word' id='word_1_401' title='bbox 769 4406 1030 4472; x_wconf 88' lang='grc' dir='ltr'>διδάσκει,</span> <span class='ocrx_word' id='word_1_402' title='bbox 1055 4407 1173 4470; x_wconf 86' lang='grc' dir='ltr'>πῶς</span> <span class='ocrx_word' id='word_1_403' title='bbox 1195 4407 1261 4460; x_wconf 84' lang='grc' dir='ltr'>ἂν</span> <span class='ocrx_word' id='word_1_404' title='bbox 1289 4407 1467 4474; x_wconf 88' lang='grc' dir='ltr'>γένοιο</span> <span class='ocrx_word' id='word_1_405' title='bbox 1495 4404 1613 4476; x_wconf 88' lang='grc' dir='ltr'>Θεῷ</span> <span class='ocrx_word' id='word_1_406' title='bbox 1637 4406 1840 4475; x_wconf 84' lang='grc' dir='ltr'>ὅμοιος,</span> 
     </span>
    </p>
   </div>
   <div class='ocr_carea' id='block_1_50' title="bbox 152 4487 1844 4559">
    <p class='ocr_par' dir='ltr' id='par_1_50' title="bbox 152 4487 1844 4559">
     <span class='ocr_line' id='line_1_50' title="bbox 152 4487 1844 4559; baseline -0.001 -17"><span class='ocrx_word' id='word_1_407' title='bbox 152 4489 189 4542; x_wconf 83' lang='grc' dir='ltr'>δ</span> <span class='ocrx_word' id='word_1_408' title='bbox 221 4488 440 4542; x_wconf 86' lang='grc' dir='ltr'>πάντων</span> <span class='ocrx_word' id='word_1_409' title='bbox 477 4489 596 4542; x_wconf 83' lang='grc' dir='ltr'>ἐστί</span> <span class='ocrx_word' id='word_1_410' title='bbox 648 4488 942 4558; x_wconf 81' lang='grc' dir='ltr'>κεφάλαιον</span> <span class='ocrx_word' id='word_1_411' title='bbox 967 4489 1076 4542; x_wconf 88' lang='grc' dir='ltr'>τῶν</span> <span class='ocrx_word' id='word_1_412' title='bbox 1113 4488 1354 4558; x_wconf 82' lang='grc' dir='ltr'>ἀγαθῶν.</span> <span class='ocrx_word' id='word_1_413' title='bbox 1398 4489 1563 4559; x_wconf 75' lang='grc' dir='ltr'>Ὁρᾷς</span> <span class='ocrx_word' id='word_1_414' title='bbox 1601 4487 1718 4551; x_wconf 89' lang='grc' dir='ltr'>πῶς</span> <span class='ocrx_word' id='word_1_415' title='bbox 1746 4487 1844 4558; x_wconf 87' lang='grc' dir='ltr'>ούχ</span> 
     </span>
    </p>
   </div>
   <div class='ocr_carea' id='block_1_51' title="bbox 157 4570 1844 4644">
    <p class='ocr_par' dir='ltr' id='par_1_51' title="bbox 157 4570 1844 4644">
     <span class='ocr_line' id='line_1_51' title="bbox 157 4570 1844 4644; baseline -0.001 -19"><span class='ocrx_word' id='word_1_416' title='bbox 157 4572 224 4625; x_wconf 75' lang='grc' dir='ltr'>ἓν</span> <span class='ocrx_word' id='word_1_417' title='bbox 249 4573 422 4642; x_wconf 81' lang='grc' dir='ltr'>αὐτῆς</span> <span class='ocrx_word' id='word_1_418' title='bbox 453 4573 516 4626; x_wconf 82' lang='grc' dir='ltr'>τὸ</span> <span class='ocrx_word' id='word_1_419' title='bbox 537 4572 718 4642; x_wconf 80' lang='grc' dir='ltr'>ἔργον,</span> <span class='ocrx_word' id='word_1_420' title='bbox 749 4573 884 4626; x_wconf 86' lang='grc' dir='ltr'>ἀλλὰ</span> <span class='ocrx_word' id='word_1_421' title='bbox 910 4573 1105 4638; x_wconf 83' lang='grc' dir='ltr'>πολλά;</span> <span class='ocrx_word' id='word_1_422' title='bbox 1136 4574 1208 4626; x_wconf 88' lang='grc' dir='ltr'>Ού</span> <span class='ocrx_word' id='word_1_423' title='bbox 1244 4573 1472 4644; x_wconf 78' lang='grc' dir='ltr'>δεομένη</span> <span class='ocrx_word' id='word_1_424' title='bbox 1500 4572 1696 4644; x_wconf 81' lang='grc' dir='ltr'>τέχνης</span> <span class='ocrx_word' id='word_1_425' title='bbox 1725 4570 1844 4625; x_wconf 83' lang='grc' dir='ltr'>ἐτέ-</span> 
     </span>
    </p>
   </div>
   <div class='ocr_carea' id='block_1_52' title="bbox 161 4655 1845 4730">
    <p class='ocr_par' dir='ltr' id='par_1_52' title="bbox 161 4655 1845 4730">
     <span class='ocr_line' id='line_1_52' title="bbox 161 4655 1845 4730; baseline -0.001 -21"><span class='ocrx_word' id='word_1_426' title='bbox 161 4674 292 4730; x_wconf 84' lang='grc' dir='ltr'>ρας,</span> <span class='ocrx_word' id='word_1_427' title='bbox 329 4656 505 4716; x_wconf 82' lang='grc' dir='ltr'>οἰκίας</span> <span class='ocrx_word' id='word_1_428' title='bbox 538 4657 828 4725; x_wconf 77' lang='grc' dir='ltr'>οἰκοδομεῖ,</span> <span class='ocrx_word' id='word_1_429' title='bbox 860 4658 1050 4727; x_wconf 89' lang='grc' dir='ltr'>ίμάτια</span> <span class='ocrx_word' id='word_1_430' title='bbox 1081 4656 1325 4725; x_wconf 82' lang='grc' dir='ltr'>ὑφαίνει.</span> <span class='ocrx_word' id='word_1_431' title='bbox 1359 4655 1667 4727; x_wconf 77' lang='grc' dir='ltr'>θησαυροὺς</span> <span class='ocrx_word' id='word_1_432' title='bbox 1711 4655 1845 4708; x_wconf 85' lang='grc' dir='ltr'>ἀνα-</span> 
     </span>
    </p>
   </div>
   <div class='ocr_carea' id='block_1_53' title="bbox 157 4738 1847 4811">
    <p class='ocr_par' dir='ltr' id='par_1_53' title="bbox 157 4738 1847 4811">
     <span class='ocr_line' id='line_1_53' title="bbox 157 4738 1847 4811; baseline -0.003 -15"><span class='ocrx_word' id='word_1_433' title='bbox 157 4740 372 4805; x_wconf 66' lang='grc' dir='ltr'>λώτους</span> <span class='ocrx_word' id='word_1_434' title='bbox 403 4739 822 4805; x_wconf 79' lang='grc' dir='ltr'>κατασκευάζει,</span> <span class='ocrx_word' id='word_1_435' title='bbox 849 4741 1076 4795; x_wconf 85' lang='grc' dir='ltr'>θανάτου</span> <span class='ocrx_word' id='word_1_436' title='bbox 1104 4739 1487 4811; x_wconf 84' lang='grc' dir='ltr'>περιγενέσθαι</span> <span class='ocrx_word' id='word_1_437' title='bbox 1514 4741 1658 4792; x_wconf 84' lang='grc' dir='ltr'>ποιεῖ</span> <span class='ocrx_word' id='word_1_438' title='bbox 1676 4779 1690 4798; x_wconf 86' lang='grc'><strong>.</strong></span> <span class='ocrx_word' id='word_1_439' title='bbox 1733 4738 1847 4792; x_wconf 82' lang='grc' dir='ltr'>δια-</span> 
     </span>
    </p>
   </div>
   <div class='ocr_carea' id='block_1_54' title="bbox 159 4823 1848 4896">
    <p class='ocr_par' dir='ltr' id='par_1_54' title="bbox 159 4823 1848 4896">
     <span class='ocr_line' id='line_1_54' title="bbox 159 4823 1848 4896; baseline -0.001 -17"><span class='ocrx_word' id='word_1_440' title='bbox 159 4824 328 4879; x_wconf 67' lang='grc' dir='ltr'>δόλου</span> <span class='ocrx_word' id='word_1_441' title='bbox 360 4827 581 4896; x_wconf 86' lang='grc' dir='ltr'>κρατεῖν</span> <span class='ocrx_word' id='word_1_442' title='bbox 602 4826 670 4887; x_wconf 79' lang='grc'>⁵⁸,</span> <span class='ocrx_word' id='word_1_443' title='bbox 702 4824 821 4895; x_wconf 86' lang='grc' dir='ltr'>Θεῷ</span> <span class='ocrx_word' id='word_1_444' title='bbox 859 4823 1259 4888; x_wconf 75' lang='grc' dir='ltr'>κατασκευάζει</span> <span class='ocrx_word' id='word_1_445' title='bbox 1293 4823 1532 4894; x_wconf 84' lang='grc' dir='ltr'>ὁμοίους.</span> <span class='ocrx_word' id='word_1_446' title='bbox 1579 4823 1644 4877; x_wconf 83' lang='grc' dir='ltr'>Τί</span> <span class='ocrx_word' id='word_1_447' title='bbox 1670 4823 1848 4878; x_wconf 86' lang='grc' dir='ltr'>τοίνυν</span> 
     </span>
    </p>
   </div>
   <div class='ocr_carea' id='block_1_55' title="bbox 159 4907 1849 4981">
    <p class='ocr_par' dir='ltr' id='par_1_55' title="bbox 159 4907 1849 4981">
     <span class='ocr_line' id='line_1_55' title="bbox 159 4907 1849 4981; baseline 0 -20"><span class='ocrx_word' id='word_1_448' title='bbox 159 4908 267 4978; x_wconf 82' lang='grc' dir='ltr'>τῆς</span> <span class='ocrx_word' id='word_1_449' title='bbox 297 4908 491 4978; x_wconf 88' lang='grc' dir='ltr'>τέχνης</span> <span class='ocrx_word' id='word_1_450' title='bbox 507 4907 712 4978; x_wconf 87' lang='grc' dir='ltr'>ταύτης</span> <span class='ocrx_word' id='word_1_451' title='bbox 740 4907 1154 4981; x_wconf 87' lang='grc' dir='ltr'>χρησιμώτερον</span> <span class='ocrx_word' id='word_1_452' title='bbox 1173 4908 1370 4977; x_wconf 83' lang='grc' dir='ltr'>γένοιτ’</span> <span class='ocrx_word' id='word_1_453' title='bbox 1399 4908 1465 4962; x_wconf 83' lang='grc' dir='ltr'>ἄν</span> <span class='ocrx_word' id='word_1_454' title='bbox 1484 4925 1498 4974; x_wconf 90' lang='lat'><strong>;</strong></span> <span class='ocrx_word' id='word_1_455' title='bbox 1517 4909 1582 4961; x_wconf 84' lang='grc' dir='ltr'>Αί</span> <span class='ocrx_word' id='word_1_456' title='bbox 1615 4907 1712 4978; x_wconf 77' lang='grc' dir='ltr'>μὲν</span> <span class='ocrx_word' id='word_1_457' title='bbox 1740 4907 1849 4979; x_wconf 85' lang='grc' dir='ltr'>γὰρ</span> 
     </span>
    </p>
   </div>
   <div class='ocr_carea' id='block_1_56' title="bbox 162 4990 1851 5065">
    <p class='ocr_par' dir='ltr' id='par_1_56' title="bbox 162 4990 1851 5065">
     <span class='ocr_line' id='line_1_56' title="bbox 162 4990 1851 5065; baseline -0.002 -17"><span class='ocrx_word' id='word_1_458' title='bbox 162 4991 351 5054; x_wconf 75' lang='grc' dir='ltr'>ἄλλαι,</span> <span class='ocrx_word' id='word_1_459' title='bbox 383 4990 521 5062; x_wconf 82' lang='grc' dir='ltr'>μετὰ</span> <span class='ocrx_word' id='word_1_460' title='bbox 543 4990 655 5045; x_wconf 88' lang='grc' dir='ltr'>τῶν</span> <span class='ocrx_word' id='word_1_461' title='bbox 701 4993 1031 5065; x_wconf 87' lang='grc' dir='ltr'>εἰρημένων,</span> <span class='ocrx_word' id='word_1_462' title='bbox 1057 4993 1154 5047; x_wconf 77' lang='grc' dir='ltr'>καὶ</span> <span class='ocrx_word' id='word_1_463' title='bbox 1193 4991 1274 5062; x_wconf 79' lang='grc' dir='ltr'>τῷ</span> <span class='ocrx_word' id='word_1_464' title='bbox 1307 4991 1538 5063; x_wconf 86' lang='grc' dir='ltr'>παρόντι</span> <span class='ocrx_word' id='word_1_465' title='bbox 1578 5008 1851 5060; x_wconf 88' lang='grc' dir='ltr'>συγκατα-</span> 
     </span>
    </p>
   </div>
   <div class='ocr_carea' id='block_1_57' title="bbox 93 5074 1849 5148">
    <p class='ocr_par' dir='ltr' id='par_1_57' title="bbox 93 5074 1849 5148">
     <span class='ocr_line' id='line_1_57' title="bbox 93 5074 1849 5148; baseline -0.001 -17"><span class='ocrx_word' id='word_1_466' title='bbox 93 5129 96 5132; x_wconf 84' lang='grc'>,</span> <span class='ocrx_word' id='word_1_467' title='bbox 164 5074 540 5145; x_wconf 84' lang='grc' dir='ltr'>λύονταιβίῳ,</span> <span class='ocrx_word' id='word_1_468' title='bbox 571 5075 664 5129; x_wconf 74' lang='grc' dir='ltr'>καὶ</span> <span class='ocrx_word' id='word_1_469' title='bbox 687 5075 981 5131; x_wconf 88' lang='grc' dir='ltr'>νοσούντων</span> <span class='ocrx_word' id='word_1_470' title='bbox 996 5076 1104 5130; x_wconf 90' lang='grc' dir='ltr'>τῶν</span> <span class='ocrx_word' id='word_1_471' title='bbox 1134 5074 1395 5148; x_wconf 85' lang='grc' dir='ltr'>τεχνιτῶν</span> <span class='ocrx_word' id='word_1_472' title='bbox 1443 5074 1680 5146; x_wconf 83' lang='grc' dir='ltr'>οὐδαμοῦ</span> <span class='ocrx_word' id='word_1_473' title='bbox 1725 5075 1849 5144; x_wconf 84' lang='grc' dir='ltr'>φαί-</span> 
     </span>
    </p>
   </div>
   <div class='ocr_carea' id='block_1_58' title="bbox 168 5157 1852 5230">
    <p class='ocr_par' dir='ltr' id='par_1_58' title="bbox 168 5157 1852 5230">
     <span class='ocr_line' id='line_1_58' title="bbox 168 5157 1852 5230; baseline -0.001 -17"><span class='ocrx_word' id='word_1_474' title='bbox 168 5175 378 5222; x_wconf 87' lang='grc' dir='ltr'>νονται,</span> <span class='ocrx_word' id='word_1_475' title='bbox 408 5158 503 5211; x_wconf 81' lang='grc' dir='ltr'>καὶ</span> <span class='ocrx_word' id='word_1_476' title='bbox 530 5159 598 5213; x_wconf 78' lang='grc' dir='ltr'>τά</span> <span class='ocrx_word' id='word_1_477' title='bbox 626 5157 766 5230; x_wconf 78' lang='grc' dir='ltr'>ἔργα</span> <span class='ocrx_word' id='word_1_478' title='bbox 786 5158 967 5213; x_wconf 89' lang='grc' dir='ltr'>αὐτῶν</span> <span class='ocrx_word' id='word_1_479' title='bbox 989 5160 1301 5230; x_wconf 87' lang='grc' dir='ltr'>διακρατεῖν</span> <span class='ocrx_word' id='word_1_480' title='bbox 1329 5159 1430 5212; x_wconf 87' lang='grc' dir='ltr'>οὐκ</span> <span class='ocrx_word' id='word_1_481' title='bbox 1461 5158 1730 5229; x_wconf 85' lang='grc' dir='ltr'>ἰσχύουσι,</span> <span class='ocrx_word' id='word_1_482' title='bbox 1758 5160 1852 5212; x_wconf 84' lang='grc' dir='ltr'>καὶ</span> 
     </span>
    </p>
   </div>
   <div class='ocr_carea' id='block_1_59' title="bbox 167 5241 1849 5315">
    <p class='ocr_par' dir='ltr' id='par_1_59' title="bbox 167 5241 1849 5315">
     <span class='ocr_line' id='line_1_59' title="bbox 167 5241 1849 5315; baseline 0 -20"><span class='ocrx_word' id='word_1_483' title='bbox 167 5242 338 5296; x_wconf 78' lang='grc' dir='ltr'>πόνου</span> <span class='ocrx_word' id='word_1_484' title='bbox 378 5241 593 5296; x_wconf 92' lang='grc' dir='ltr'>δέονται</span> <span class='ocrx_word' id='word_1_485' title='bbox 620 5241 716 5296; x_wconf 80' lang='grc' dir='ltr'>καῖ</span> <span class='ocrx_word' id='word_1_486' title='bbox 747 5241 943 5315; x_wconf 90' lang='grc' dir='ltr'>χρόνου</span> <span class='ocrx_word' id='word_1_487' title='bbox 988 5242 1207 5310; x_wconf 90' lang='grc' dir='ltr'>πολλοῦ,</span> <span class='ocrx_word' id='word_1_488' title='bbox 1235 5244 1332 5296; x_wconf 72' lang='grc' dir='ltr'>καὶ</span> <span class='ocrx_word' id='word_1_489' title='bbox 1374 5242 1581 5315; x_wconf 88' lang='grc' dir='ltr'>μυρίων</span> <span class='ocrx_word' id='word_1_490' title='bbox 1628 5241 1849 5312; x_wconf 85' lang='grc' dir='ltr'>ἐτέρων·</span> 
     </span>
    </p>
   </div>
   <div class='ocr_carea' id='block_1_60' title="bbox 168 5323 1850 5399">
    <p class='ocr_par' dir='ltr' id='par_1_60' title="bbox 168 5323 1850 5399">
     <span class='ocr_line' id='line_1_60' title="bbox 168 5323 1850 5399; baseline 0.001 -21"><span class='ocrx_word' id='word_1_491' title='bbox 168 5323 317 5396; x_wconf 84' lang='grc' dir='ltr'>αῦτη</span> <span class='ocrx_word' id='word_1_492' title='bbox 344 5325 423 5388; x_wconf 84' lang='grc' dir='ltr'>δέ,</span> <span class='ocrx_word' id='word_1_493' title='bbox 443 5325 572 5379; x_wconf 80' lang='grc' dir='ltr'>δταν</span> <span class='ocrx_word' id='word_1_494' title='bbox 592 5326 622 5380; x_wconf 86' lang='grc' dir='ltr'>ό</span> <span class='ocrx_word' id='word_1_495' title='bbox 657 5327 860 5397; x_wconf 82' lang='grc' dir='ltr'>κόσμος</span> <span class='ocrx_word' id='word_1_496' title='bbox 883 5325 1286 5398; x_wconf 83' lang='grc' dir='ltr'>παρέλθῃ,τότε</span> <span class='ocrx_word' id='word_1_497' title='bbox 1317 5327 1550 5399; x_wconf 84' lang='grc' dir='ltr'>μάλιστα</span> <span class='ocrx_word' id='word_1_498' title='bbox 1581 5327 1850 5394; x_wconf 75' lang='grc' dir='ltr'>φαίνεταιο</span> 
     </span>
    </p>
   </div>
   <div class='ocr_carea' id='block_1_61' title="bbox 1268 357 2492 419">
    <p class='ocr_par' dir='ltr' id='par_1_61' title="bbox 1268 357 2492 419">
     <span class='ocr_line' id='line_1_61' title="bbox 1268 357 2492 419; baseline 0.006 -9"><span class='ocrx_word' id='word_1_499' title='bbox 1268 357 1331 410; x_wconf 70' lang='grc' dir='ltr'>ΙΝ</span> <span class='ocrx_word' id='word_1_500' title='bbox 1375 358 1502 411; x_wconf 70' lang='grc' dir='ltr'>ΜᾹΊ</span> <span class='ocrx_word' id='word_1_501' title='bbox 1522 359 1784 416; x_wconf 68' lang='grc' dir='ltr'>ΤιῖίΕυΜ</span> <span class='ocrx_word' id='word_1_502' title='bbox 1829 360 2061 418; x_wconf 81' lang='lat' dir='ltr'><strong>llOMlL.</strong></span> <span class='ocrx_word' id='word_1_503' title='bbox 2091 360 2202 418; x_wconf 84' lang='lat' dir='ltr'>LII.</span> <span class='ocrx_word' id='word_1_504' title='bbox 2247 363 2317 419; x_wconf 86' lang='lat' dir='ltr'><strong>al.</strong></span> <span class='ocrx_word' id='word_1_505' title='bbox 2361 362 2492 418; x_wconf 83' lang='lat' dir='ltr'>LIII.</span> 
     </span>
    </p>
   </div>
   <div class='ocr_carea' id='block_1_62' title="bbox 3491 352 3593 403">
    <p class='ocr_par' dir='ltr' id='par_1_62' title="bbox 3491 352 3593 403">
     <span class='ocr_line' id='line_1_62' title="bbox 3491 352 3593 403; baseline 0 0"><span class='ocrx_word' id='word_1_506' title='bbox 3491 352 3593 403; x_wconf 63' lang='grc' dir='ltr'>εει</span> 
     </span>
    </p>
   </div>
   <div class='ocr_carea' id='block_1_63' title="bbox 1923 472 3595 550">
    <p class='ocr_par' dir='ltr' id='par_1_63' title="bbox 1923 472 3595 550">
     <span class='ocr_line' id='line_1_63' title="bbox 1923 472 3595 550; baseline -0.005 -16"><span class='ocrx_word' id='word_1_507' title='bbox 1923 480 2110 548; x_wconf 89' lang='grc' dir='ltr'>πόνου,</span> <span class='ocrx_word' id='word_1_508' title='bbox 2139 480 2264 534; x_wconf 84' lang='grc' dir='ltr'>οὐτε</span> <span class='ocrx_word' id='word_1_509' title='bbox 2293 481 2461 550; x_wconf 83' lang='grc' dir='ltr'>ἄλλης</span> <span class='ocrx_word' id='word_1_510' title='bbox 2487 479 2630 542; x_wconf 79' lang='grc' dir='ltr'>τινὸς</span> <span class='ocrx_word' id='word_1_511' title='bbox 2655 477 2823 531; x_wconf 86' lang='grc' dir='ltr'>δεῖται</span> <span class='ocrx_word' id='word_1_512' title='bbox 2850 476 3112 548; x_wconf 81' lang='grc' dir='ltr'>ἐργωδίας</span> <span class='ocrx_word' id='word_1_513' title='bbox 3140 477 3390 544; x_wconf 74' lang='grc' dir='ltr'>τοιαύτης</span> <span class='ocrx_word' id='word_1_514' title='bbox 3417 493 3426 504; x_wconf 67' lang='grc'><strong>⁸</strong></span> <span class='ocrx_word' id='word_1_515' title='bbox 3460 472 3595 527; x_wconf 87' lang='grc' dir='ltr'>ἀλλά</span> 
     </span>
    </p>
   </div>
   <div class='ocr_carea' id='block_1_64' title="bbox 1924 554 3595 634">
    <p class='ocr_par' dir='ltr' id='par_1_64' title="bbox 1924 554 3595 634">
     <span class='ocr_line' id='line_1_64' title="bbox 1924 554 3595 634; baseline -0.007 -16"><span class='ocrx_word' id='word_1_516' title='bbox 1924 565 2022 618; x_wconf 78' lang='grc' dir='ltr'>καὶ</span> <span class='ocrx_word' id='word_1_517' title='bbox 2043 564 2324 627; x_wconf 90' lang='grc' dir='ltr'>νοσοῦντός</span> <span class='ocrx_word' id='word_1_518' title='bbox 2352 581 2444 617; x_wconf 92' lang='grc' dir='ltr'>σου</span> <span class='ocrx_word' id='word_1_519' title='bbox 2479 563 2710 634; x_wconf 89' lang='grc' dir='ltr'>ἐνεργεῖ,</span> <span class='ocrx_word' id='word_1_520' title='bbox 2749 561 2843 614; x_wconf 68' lang='grc' dir='ltr'>καὶ</span> <span class='ocrx_word' id='word_1_521' title='bbox 2883 558 3274 630; x_wconf 81' lang='grc' dir='ltr'>γεγηρακότος,</span> <span class='ocrx_word' id='word_1_522' title='bbox 3315 557 3409 610; x_wconf 76' lang='grc' dir='ltr'>καὶ</span> <span class='ocrx_word' id='word_1_523' title='bbox 3459 554 3595 627; x_wconf 80' lang='grc' dir='ltr'>πρὸς</span> 
     </span>
    </p>
   </div>
   <div class='ocr_carea' id='block_1_65' title="bbox 1924 639 3596 718">
    <p class='ocr_par' dir='ltr' id='par_1_65' title="bbox 1924 639 3596 718">
     <span class='ocr_line' id='line_1_65' title="bbox 1924 639 3596 718; baseline -0.005 -18"><span class='ocrx_word' id='word_1_524' title='bbox 1924 646 2029 718; x_wconf 81' lang='grc' dir='ltr'>τὴν</span> <span class='ocrx_word' id='word_1_525' title='bbox 2064 645 2364 718; x_wconf 89' lang='grc' dir='ltr'>μέλλουσάν</span> <span class='ocrx_word' id='word_1_526' title='bbox 2386 663 2468 699; x_wconf 94' lang='grc' dir='ltr'>σοι</span> <span class='ocrx_word' id='word_1_527' title='bbox 2508 645 2652 714; x_wconf 75' lang='grc' dir='ltr'>ζωὴν</span> <span class='ocrx_word' id='word_1_528' title='bbox 2681 643 3055 713; x_wconf 89' lang='grc' dir='ltr'>συναποδημεῖ</span> <span class='ocrx_word' id='word_1_529' title='bbox 3075 684 3090 706; x_wconf 95' lang='grc'>,</span> <span class='ocrx_word' id='word_1_530' title='bbox 3131 641 3224 695; x_wconf 80' lang='grc' dir='ltr'>καὶ</span> <span class='ocrx_word' id='word_1_531' title='bbox 3251 639 3506 694; x_wconf 88' lang='grc' dir='ltr'>οὐδέποτέ</span> <span class='ocrx_word' id='word_1_532' title='bbox 3534 654 3596 691; x_wconf 78' lang='grc' dir='ltr'>σε</span> 
     </span>
    </p>
   </div>
   <div class='ocr_carea' id='block_1_66' title="bbox 1923 724 3586 802">
    <p class='ocr_par' dir='ltr' id='par_1_66' title="bbox 1923 724 3586 802">
     <span class='ocr_line' id='line_1_66' title="bbox 1923 724 3586 802; baseline -0.006 -17"><span class='ocrx_word' id='word_1_533' title='bbox 1923 730 2312 802; x_wconf 87' lang='grc' dir='ltr'>ἀπολιμπάνει.</span> <span class='ocrx_word' id='word_1_534' title='bbox 2347 729 2494 801; x_wconf 82' lang='grc' dir='ltr'>Αῦτη</span> <span class='ocrx_word' id='word_1_535' title='bbox 2527 745 2586 781; x_wconf 89' lang='grc' dir='ltr'>σε</span> <span class='ocrx_word' id='word_1_536' title='bbox 2616 728 2710 782; x_wconf 77' lang='grc' dir='ltr'>καὶ</span> <span class='ocrx_word' id='word_1_537' title='bbox 2732 725 3000 795; x_wconf 82' lang='grc' dir='ltr'>σοφιστῶν</span> <span class='ocrx_word' id='word_1_538' title='bbox 3025 724 3120 778; x_wconf 75' lang='grc' dir='ltr'>καὶ</span> <span class='ocrx_word' id='word_1_539' title='bbox 3147 724 3391 796; x_wconf 85' lang='grc' dir='ltr'>ρητόρων</span> <span class='ocrx_word' id='word_1_540' title='bbox 3425 724 3586 777; x_wconf 85' lang='grc' dir='ltr'>δυνα-</span> 
     </span>
    </p>
   </div>
   <div class='ocr_carea' id='block_1_67' title="bbox 1922 806 3598 884">
    <p class='ocr_par' dir='ltr' id='par_1_67' title="bbox 1922 806 3598 884">
     <span class='ocr_line' id='line_1_67' title="bbox 1922 806 3598 884; baseline -0.005 -18"><span class='ocrx_word' id='word_1_541' title='bbox 1922 811 2156 884; x_wconf 86' lang='grc' dir='ltr'>τώτερον</span> <span class='ocrx_word' id='word_1_542' title='bbox 2185 811 2604 876; x_wconf 79' lang='grc' dir='ltr'>κατασκευάζει.</span> <span class='ocrx_word' id='word_1_543' title='bbox 2633 811 2697 864; x_wconf 72' lang='lat' dir='ltr'><strong>Ol</strong></span> <span class='ocrx_word' id='word_1_544' title='bbox 2724 809 2822 880; x_wconf 84' lang='grc' dir='ltr'>μὲν</span> <span class='ocrx_word' id='word_1_545' title='bbox 2871 808 2979 879; x_wconf 83' lang='grc' dir='ltr'>γὰρ</span> <span class='ocrx_word' id='word_1_546' title='bbox 3013 810 3069 862; x_wconf 89' lang='grc' dir='ltr'>ἐν</span> <span class='ocrx_word' id='word_1_547' title='bbox 3111 807 3347 869; x_wconf 86' lang='grc' dir='ltr'>ἐκείναις</span> <span class='ocrx_word' id='word_1_548' title='bbox 3389 806 3598 860; x_wconf 87' lang='grc' dir='ltr'>εὐδοκι-</span> 
     </span>
    </p>
   </div>
   <div class='ocr_carea' id='block_1_68' title="bbox 1926 891 3596 969">
    <p class='ocr_par' dir='ltr' id='par_1_68' title="bbox 1926 891 3596 969">
     <span class='ocr_line' id='line_1_68' title="bbox 1926 891 3596 969; baseline -0.005 -18"><span class='ocrx_word' id='word_1_549' title='bbox 1926 896 2153 969; x_wconf 89' lang='grc' dir='ltr'>μοῦντες</span> <span class='ocrx_word' id='word_1_550' title='bbox 2181 898 2304 960; x_wconf 89' lang='grc' dir='ltr'>ταῖς</span> <span class='ocrx_word' id='word_1_551' title='bbox 2353 895 2588 968; x_wconf 83' lang='grc' dir='ltr'>τέχναις,</span> <span class='ocrx_word' id='word_1_552' title='bbox 2615 893 2844 957; x_wconf 79' lang='grc' dir='ltr'>πολλοὺς</span> <span class='ocrx_word' id='word_1_553' title='bbox 2869 892 3049 964; x_wconf 84' lang='grc' dir='ltr'>έχουσι</span> <span class='ocrx_word' id='word_1_554' title='bbox 3084 892 3211 956; x_wconf 84' lang='grc' dir='ltr'>τοὺς</span> <span class='ocrx_word' id='word_1_555' title='bbox 3237 891 3562 962; x_wconf 85' lang='grc' dir='ltr'>φθονοῦντας</span> <span class='ocrx_word' id='word_1_556' title='bbox 3583 907 3596 921; x_wconf 90' lang='grc'><strong>·</strong></span> 
     </span>
    </p>
   </div>
   <div class='ocr_carea' id='block_1_69' title="bbox 1923 973 3594 1053">
    <p class='ocr_par' dir='ltr' id='par_1_69' title="bbox 1923 973 3594 1053">
     <span class='ocr_line' id='line_1_69' title="bbox 1923 973 3594 1053; baseline -0.007 -18"><span class='ocrx_word' id='word_1_557' title='bbox 1923 983 1975 1035; x_wconf 78' lang='grc' dir='ltr'>οἰ</span> <span class='ocrx_word' id='word_1_558' title='bbox 2014 981 2072 1035; x_wconf 82' lang='grc' dir='ltr'>δέ</span> <span class='ocrx_word' id='word_1_559' title='bbox 2101 982 2161 1034; x_wconf 84' lang='grc' dir='ltr'>ἐν</span> <span class='ocrx_word' id='word_1_560' title='bbox 2200 979 2374 1053; x_wconf 87' lang='grc' dir='ltr'>ταύτῃ</span> <span class='ocrx_word' id='word_1_561' title='bbox 2419 979 2725 1050; x_wconf 88' lang='grc' dir='ltr'>λάμποντες</span> <span class='ocrx_word' id='word_1_562' title='bbox 2740 977 2807 1042; x_wconf 78' lang='grc'>³⁸,</span> <span class='ocrx_word' id='word_1_563' title='bbox 2840 975 3067 1048; x_wconf 90' lang='grc' dir='ltr'>μυρίους</span> <span class='ocrx_word' id='word_1_564' title='bbox 3093 975 3220 1039; x_wconf 83' lang='grc' dir='ltr'>τούς</span> <span class='ocrx_word' id='word_1_565' title='bbox 3245 973 3594 1045; x_wconf 88' lang='grc' dir='ltr'>εὐχομένους.</span> 
     </span>
    </p>
   </div>
   <div class='ocr_carea' id='block_1_70' title="bbox 1924 1060 3600 1139">
    <p class='ocr_par' dir='ltr' id='par_1_70' title="bbox 1924 1060 3600 1139">
     <span class='ocr_line' id='line_1_70' title="bbox 1924 1060 3600 1139; baseline -0.008 -17"><span class='ocrx_word' id='word_1_566' title='bbox 1924 1069 2184 1123; x_wconf 83' lang='grc' dir='ltr'>Κάκεῖνοι</span> <span class='ocrx_word' id='word_1_567' title='bbox 2226 1067 2328 1138; x_wconf 81' lang='grc' dir='ltr'>μὲν</span> <span class='ocrx_word' id='word_1_568' title='bbox 2355 1065 2654 1139; x_wconf 84' lang='grc' dir='ltr'>ἀνθρώπων</span> <span class='ocrx_word' id='word_1_569' title='bbox 2689 1066 3064 1136; x_wconf 82' lang='grc' dir='ltr'>παρεστήκασι</span> <span class='ocrx_word' id='word_1_570' title='bbox 3099 1060 3303 1133; x_wconf 83' lang='grc' dir='ltr'>βήματι</span> <span class='ocrx_word' id='word_1_571' title='bbox 3323 1100 3336 1122; x_wconf 94' lang='grc'>,</span> <span class='ocrx_word' id='word_1_572' title='bbox 3375 1075 3600 1128; x_wconf 91' lang='grc' dir='ltr'>συνηγο-</span> 
     </span>
    </p>
   </div>
   <div class='ocr_carea' id='block_1_71' title="bbox 1927 1146 3579 1230">
    <p class='ocr_par' dir='ltr' id='par_1_71' title="bbox 1927 1146 3579 1230">
     <span class='ocr_line' id='line_1_71' title="bbox 1927 1146 3579 1230; baseline -0.008 -18"><span class='ocrx_word' id='word_1_573' title='bbox 1927 1158 2149 1230; x_wconf 85' lang='grc' dir='ltr'>ροῦντες</span> <span class='ocrx_word' id='word_1_574' title='bbox 2159 1158 2271 1220; x_wconf 89' lang='grc' dir='ltr'>τοῖς</span> <span class='ocrx_word' id='word_1_575' title='bbox 2289 1154 2682 1226; x_wconf 88' lang='grc' dir='ltr'>ἀδικουμένοις,</span> <span class='ocrx_word' id='word_1_576' title='bbox 2698 1152 2956 1215; x_wconf 83' lang='grc' dir='ltr'>πολλάκις</span> <span class='ocrx_word' id='word_1_577' title='bbox 2975 1151 3031 1204; x_wconf 88' lang='grc' dir='ltr'>δέ</span> <span class='ocrx_word' id='word_1_578' title='bbox 3056 1149 3150 1204; x_wconf 78' lang='grc' dir='ltr'>καὶ</span> <span class='ocrx_word' id='word_1_579' title='bbox 3175 1152 3287 1212; x_wconf 86' lang='grc' dir='ltr'>τοῖς</span> <span class='ocrx_word' id='word_1_580' title='bbox 3305 1146 3579 1202; x_wconf 84' lang='grc' dir='ltr'>ἀδικοῦσιν</span> 
     </span>
    </p>
   </div>
   <div class='ocr_carea' id='block_1_72' title="bbox 1926 1233 3602 1313">
    <p class='ocr_par' dir='ltr' id='par_1_72' title="bbox 1926 1233 3602 1313">
     <span class='ocr_line' id='line_1_72' title="bbox 1926 1233 3602 1313; baseline -0.007 -18"><span class='ocrx_word' id='word_1_581' title='bbox 1926 1241 2064 1313; x_wconf 88' lang='grc' dir='ltr'>αῦτη</span> <span class='ocrx_word' id='word_1_582' title='bbox 2093 1242 2149 1295; x_wconf 88' lang='grc' dir='ltr'>δέ</span> <span class='ocrx_word' id='word_1_583' title='bbox 2170 1240 2376 1312; x_wconf 83' lang='grc' dir='ltr'>βήματι</span> <span class='ocrx_word' id='word_1_584' title='bbox 2404 1237 2718 1308; x_wconf 86' lang='grc' dir='ltr'>παρέστηκε</span> <span class='ocrx_word' id='word_1_585' title='bbox 2745 1235 2840 1290; x_wconf 88' lang='grc' dir='ltr'>τοῦ</span> <span class='ocrx_word' id='word_1_586' title='bbox 2871 1235 3134 1307; x_wconf 88' lang='grc' dir='ltr'>Χριστοῦ,</span> <span class='ocrx_word' id='word_1_587' title='bbox 3161 1235 3223 1288; x_wconf 90' lang='grc' dir='ltr'>οὐ</span> <span class='ocrx_word' id='word_1_588' title='bbox 3271 1233 3428 1304; x_wconf 91' lang='grc' dir='ltr'>μόνον</span> <span class='ocrx_word' id='word_1_589' title='bbox 3481 1248 3602 1284; x_wconf 76' lang='grc' dir='ltr'>συνσ</span> 
     </span>
    </p>
   </div>
   <div class='ocr_carea' id='block_1_73' title="bbox 1926 1317 3601 1401">
    <p class='ocr_par' dir='ltr' id='par_1_73' title="bbox 1926 1317 3601 1401">
     <span class='ocr_line' id='line_1_73' title="bbox 1926 1317 3601 1401; baseline -0.008 -22"><span class='ocrx_word' id='word_1_590' title='bbox 1926 1325 2222 1397; x_wconf 85' lang='grc' dir='ltr'>ηγοροῦσα,</span> <span class='ocrx_word' id='word_1_591' title='bbox 2251 1321 2389 1378; x_wconf 89' lang='grc' dir='ltr'>ἀλλά</span> <span class='ocrx_word' id='word_1_592' title='bbox 2413 1323 2506 1376; x_wconf 69' lang='grc' dir='ltr'>καὶ</span> <span class='ocrx_word' id='word_1_593' title='bbox 2535 1320 2695 1374; x_wconf 81' lang='grc' dir='ltr'>αὐτὸν</span> <span class='ocrx_word' id='word_1_594' title='bbox 2723 1319 2815 1374; x_wconf 80' lang='grc' dir='ltr'>τὸν</span> <span class='ocrx_word' id='word_1_595' title='bbox 2840 1317 3138 1401; x_wconf 48' lang='grc' dir='ltr'>δικάζονταί</span> <span class='ocrx_word' id='word_1_596' title='bbox 3177 1317 3435 1401; x_wconf 86' lang='grc' dir='ltr'>πείθουσα</span> <span class='ocrx_word' id='word_1_597' title='bbox 3461 1332 3601 1401; x_wconf 27' lang='grc' dir='ltr'>*συνξ</span> 
     </span>
    </p>
   </div>
   <div class='ocr_carea' id='block_1_74' title="bbox 1927 1397 3601 1482">
    <p class='ocr_par' dir='ltr' id='par_1_74' title="bbox 1927 1397 3601 1482">
     <span class='ocr_line' id='line_1_74' title="bbox 1927 1397 3601 1482; baseline -0.008 -19"><span class='ocrx_word' id='word_1_598' title='bbox 1927 1411 2146 1482; x_wconf 87' lang='grc' dir='ltr'>ηγορεῖν</span> <span class='ocrx_word' id='word_1_599' title='bbox 2172 1407 2250 1478; x_wconf 83' lang='grc' dir='ltr'>τῷ</span> <span class='ocrx_word' id='word_1_600' title='bbox 2287 1404 2608 1476; x_wconf 82' lang='grc' dir='ltr'>κρινομένῳ,</span> <span class='ocrx_word' id='word_1_601' title='bbox 2641 1403 2734 1457; x_wconf 76' lang='grc' dir='ltr'>καὶ</span> <span class='ocrx_word' id='word_1_602' title='bbox 2758 1402 2856 1466; x_wconf 89' lang='grc' dir='ltr'>τάς</span> <span class='ocrx_word' id='word_1_603' title='bbox 2897 1402 3108 1474; x_wconf 74' lang='grc' dir='ltr'>ψήφους</span> <span class='ocrx_word' id='word_1_604' title='bbox 3134 1397 3290 1472; x_wconf 73' lang='grc' dir='ltr'>’ὑπὲρ</span> <span class='ocrx_word' id='word_1_605' title='bbox 3323 1398 3487 1453; x_wconf 79' lang='grc' dir='ltr'>αὐτοῦ</span> <span class='ocrx_word' id='word_1_606' title='bbox 3519 1397 3601 1465; x_wconf 85' lang='grc' dir='ltr'>φέ-</span> 
     </span>
    </p>
   </div>
   <div class='ocr_carea' id='block_1_75' title="bbox 1931 1482 3599 1566">
    <p class='ocr_par' dir='ltr' id='par_1_75' title="bbox 1931 1482 3599 1566">
     <span class='ocr_line' id='line_1_75' title="bbox 1931 1482 3599 1566; baseline -0.009 -19"><span class='ocrx_word' id='word_1_607' title='bbox 1931 1493 2103 1566; x_wconf 70' lang='grc' dir='ltr'>ρεινεο</span> <span class='ocrx_word' id='word_1_608' title='bbox 2121 1505 2135 1520; x_wconf 77' lang='grc'><strong><em>⁸</em></strong></span> <span class='ocrx_word' id='word_1_609' title='bbox 2169 1490 2271 1544; x_wconf 82' lang='grc' dir='ltr'>κᾶν</span> <span class='ocrx_word' id='word_1_610' title='bbox 2299 1487 2471 1560; x_wconf 90' lang='grc' dir='ltr'>μυρία</span> <span class='ocrx_word' id='word_1_611' title='bbox 2500 1487 2834 1566; x_wconf 70' lang='grc' dir='ltr'>ἡμαρτηκὼς</span> <span class='ocrx_word' id='word_1_612' title='bbox 2865 1483 2920 1559; x_wconf 77' lang='grc' dir='ltr'>ᾖ,</span> <span class='ocrx_word' id='word_1_613' title='bbox 2952 1485 3045 1540; x_wconf 72' lang='grc' dir='ltr'>καὶ</span> <span class='ocrx_word' id='word_1_614' title='bbox 3072 1486 3327 1566; x_wconf 76' lang='grc' dir='ltr'>στεφανοῖ</span> <span class='ocrx_word' id='word_1_615' title='bbox 3356 1482 3448 1536; x_wconf 73' lang='grc' dir='ltr'>καὶ</span> <span class='ocrx_word' id='word_1_616' title='bbox 3476 1483 3599 1534; x_wconf 81' lang='grc' dir='ltr'>ἀνα·</span> 
     </span>
    </p>
   </div>
   <div class='ocr_carea' id='block_1_76' title="bbox 1929 1561 3605 1648">
    <p class='ocr_par' dir='ltr' id='par_1_76' title="bbox 1929 1561 3605 1648">
     <span class='ocr_line' id='line_1_76' title="bbox 1929 1561 3605 1648; baseline -0.008 -17"><span class='ocrx_word' id='word_1_617' title='bbox 1929 1561 2206 1648; x_wconf 77' lang='grc' dir='ltr'>κηρύττει.</span> <span class='ocrx_word' id='word_1_618' title='bbox 2235 1574 2377 1628; x_wconf 80' lang='grc' dir='ltr'>Δότε</span> <span class='ocrx_word' id='word_1_619' title='bbox 2408 1561 2531 1642; x_wconf 70' lang='grc' dir='ltr'>γὰρ’</span> <span class='ocrx_word' id='word_1_620' title='bbox 2558 1571 3002 1639; x_wconf 77' lang='grc' dir='ltr'>ἐλεημοσύνην,</span> <span class='ocrx_word' id='word_1_621' title='bbox 3051 1571 3148 1624; x_wconf 78' lang='grc' dir='ltr'>κ(ιί</span> <span class='ocrx_word' id='word_1_622' title='bbox 3209 1561 3405 1648; x_wconf 38' lang='grc' dir='ltr'>ῂὰντα</span> <span class='ocrx_word' id='word_1_623' title='bbox 3434 1567 3605 1620; x_wconf 68' lang='grc' dir='ltr'>ἔσται</span> 
     </span>
    </p>
   </div>
   <div class='ocr_carea' id='block_1_77' title="bbox 1931 1649 3604 1728">
    <p class='ocr_par' dir='ltr' id='par_1_77' title="bbox 1931 1649 3604 1728">
     <span class='ocr_line' id='line_1_77' title="bbox 1931 1649 3604 1728; baseline -0.008 -12"><span class='ocrx_word' id='word_1_624' title='bbox 1931 1659 2174 1728; x_wconf 79' lang='grc' dir='ltr'>καθαρά.</span> <span class='ocrx_word' id='word_1_625' title='bbox 2211 1656 2320 1711; x_wconf 79' lang='lat' dir='ltr'>Kal</span> <span class='ocrx_word' id='word_1_626' title='bbox 2351 1656 2402 1709; x_wconf 90' lang='grc' dir='ltr'>τί</span> <span class='ocrx_word' id='word_1_627' title='bbox 2431 1655 2574 1724; x_wconf 87' lang='grc' dir='ltr'>λέγω</span> <span class='ocrx_word' id='word_1_628' title='bbox 2619 1655 2688 1708; x_wconf 87' lang='grc' dir='ltr'>τά</span> <span class='ocrx_word' id='word_1_629' title='bbox 2737 1653 3033 1724; x_wconf 74' lang='grc' dir='ltr'>μέλλοντας</span> <span class='ocrx_word' id='word_1_630' title='bbox 3086 1653 3175 1706; x_wconf 84' lang='grc' dir='ltr'>Ἐν</span> <span class='ocrx_word' id='word_1_631' title='bbox 3207 1649 3316 1723; x_wconf 79' lang='lat'>7&amp;9</span> <span class='ocrx_word' id='word_1_632' title='bbox 3346 1649 3424 1718; x_wconf 85' lang='grc' dir='ltr'>τῷ</span> <span class='ocrx_word' id='word_1_633' title='bbox 3462 1665 3604 1719; x_wconf 89' lang='grc' dir='ltr'>παρ-</span> 
     </span>
    </p>
   </div>
   <div class='ocr_carea' id='block_1_78' title="bbox 1930 1731 3607 1814">
    <p class='ocr_par' dir='ltr' id='par_1_78' title="bbox 1930 1731 3607 1814">
     <span class='ocr_line' id='line_1_78' title="bbox 1930 1731 3607 1814; baseline -0.008 -17"><span class='ocrx_word' id='word_1_634' title='bbox 1930 1745 2041 1798; x_wconf 89' lang='grc' dir='ltr'>όντι</span> <span class='ocrx_word' id='word_1_635' title='bbox 2076 1743 2174 1814; x_wconf 87' lang='grc' dir='ltr'>βίῳ</span> <span class='ocrx_word' id='word_1_636' title='bbox 2226 1744 2274 1796; x_wconf 86' lang='grc' dir='ltr'>εἰ</span> <span class='ocrx_word' id='word_1_637' title='bbox 2325 1742 2452 1806; x_wconf 79' lang='grc' dir='ltr'>τοῦς</span> <span class='ocrx_word' id='word_1_638' title='bbox 2497 1738 2817 1809; x_wconf 83' lang='grc' dir='ltr'>ἀνθρώπους</span> <span class='ocrx_word' id='word_1_639' title='bbox 2862 1736 3160 1809; x_wconf 84' lang='grc' dir='ltr'>ἐροίμεθα,</span> <span class='ocrx_word' id='word_1_640' title='bbox 3223 1734 3276 1788; x_wconf 90' lang='grc' dir='ltr'>τί</span> <span class='ocrx_word' id='word_1_641' title='bbox 3332 1731 3607 1802; x_wconf 86' lang='grc' dir='ltr'>βούλονται</span> 
     </span>
    </p>
   </div>
   <div class='ocr_carea' id='block_1_79' title="bbox 1935 1815 3606 1899">
    <p class='ocr_par' dir='ltr' id='par_1_79' title="bbox 1935 1815 3606 1899">
     <span class='ocr_line' id='line_1_79' title="bbox 1935 1815 3606 1899; baseline -0.01 -17"><span class='ocrx_word' id='word_1_642' title='bbox 1935 1828 2156 1899; x_wconf 77' lang='grc' dir='ltr'>μᾶλλον,</span> <span class='ocrx_word' id='word_1_643' title='bbox 2194 1824 2452 1894; x_wconf 80' lang='grc' dir='ltr'>σοφιστὰς</span> <span class='ocrx_word' id='word_1_644' title='bbox 2484 1819 2624 1877; x_wconf 77' lang='grc' dir='ltr'>εἷναι</span> <span class='ocrx_word' id='word_1_645' title='bbox 2651 1821 2878 1884; x_wconf 81' lang='grc' dir='ltr'>πολλοὺς</span> <span class='ocrx_word' id='word_1_646' title='bbox 2913 1819 3007 1874; x_wconf 75' lang='grc' dir='ltr'>καὶ</span> <span class='ocrx_word' id='word_1_647' title='bbox 3035 1815 3348 1889; x_wconf 81' lang='grc' dir='ltr'>ρήτορας,ἢ</span> <span class='ocrx_word' id='word_1_648' title='bbox 3381 1815 3606 1899; x_wconf 80' lang='grc' dir='ltr'>ἐλεήμο-</span> 
     </span>
    </p>
   </div>
   <div class='ocr_carea' id='block_1_80' title="bbox 1932 1897 3607 1980">
    <p class='ocr_par' dir='ltr' id='par_1_80' title="bbox 1932 1897 3607 1980">
     <span class='ocr_line' id='line_1_80' title="bbox 1932 1897 3607 1980; baseline -0.011 -14"><span class='ocrx_word' id='word_1_649' title='bbox 1932 1897 2028 1976; x_wconf 84' lang='grc' dir='ltr'>νας</span> <span class='ocrx_word' id='word_1_650' title='bbox 2058 1912 2150 1965; x_wconf 75' lang='grc' dir='ltr'>καὶ</span> <span class='ocrx_word' id='word_1_651' title='bbox 2175 1907 2611 1980; x_wconf 85' lang='grc' dir='ltr'>φιλανθρώπους,</span> <span class='ocrx_word' id='word_1_652' title='bbox 2639 1904 2846 1978; x_wconf 84' lang='grc' dir='ltr'>ἀκούσῃ</span> <span class='ocrx_word' id='word_1_653' title='bbox 2871 1904 2932 1957; x_wconf 85' lang='grc' dir='ltr'>τὸ</span> <span class='ocrx_word' id='word_1_654' title='bbox 2950 1902 3198 1972; x_wconf 87' lang='grc' dir='ltr'>δεύτερον</span> <span class='ocrx_word' id='word_1_655' title='bbox 3227 1897 3607 1980; x_wconf 88' lang='grc' dir='ltr'>αἱρουμένους·</span> 
     </span>
    </p>
   </div>
   <div class='ocr_carea' id='block_1_81' title="bbox 1933 1979 3607 2066">
    <p class='ocr_par' dir='ltr' id='par_1_81' title="bbox 1933 1979 3607 2066">
     <span class='ocr_line' id='line_1_81' title="bbox 1933 1979 3607 2066; baseline -0.011 -16"><span class='ocrx_word' id='word_1_656' title='bbox 1933 1996 2028 2050; x_wconf 77' lang='grc' dir='ltr'>καὶ</span> <span class='ocrx_word' id='word_1_657' title='bbox 2062 1979 2206 2066; x_wconf 91' lang='grc' dir='ltr'>μάλα</span> <span class='ocrx_word' id='word_1_658' title='bbox 2255 1979 2500 2053; x_wconf 81' lang='grc' dir='ltr'>εἰκότως.</span> <span class='ocrx_word' id='word_1_659' title='bbox 2539 1987 2883 2058; x_wconf 86' lang='grc' dir='ltr'>Εὐγλωττίας</span> <span class='ocrx_word' id='word_1_660' title='bbox 2921 1987 3019 2057; x_wconf 82' lang='grc' dir='ltr'>μὲν</span> <span class='ocrx_word' id='word_1_661' title='bbox 3057 1985 3163 2056; x_wconf 82' lang='lat'>7&amp;9</span> <span class='ocrx_word' id='word_1_662' title='bbox 3198 1979 3607 2066; x_wconf 78' lang='grc' dir='ltr'>ἀναιρεθείσης,</span> 
     </span>
    </p>
   </div>
   <div class='ocr_carea' id='block_1_82' title="bbox 1931 2061 3609 2146">
    <p class='ocr_par' dir='ltr' id='par_1_82' title="bbox 1931 2061 3609 2146">
     <span class='ocr_line' id='line_1_82' title="bbox 1931 2061 3609 2146; baseline -0.012 -11"><span class='ocrx_word' id='word_1_663' title='bbox 1931 2061 2086 2134; x_wconf 78' lang='grc' dir='ltr'>οὐδὲν</span> <span class='ocrx_word' id='word_1_664' title='bbox 2141 2078 2170 2131; x_wconf 82' lang='grc' dir='ltr'>ὁ</span> <span class='ocrx_word' id='word_1_665' title='bbox 2225 2075 2335 2146; x_wconf 90' lang='grc' dir='ltr'>βίος</span> <span class='ocrx_word' id='word_1_666' title='bbox 2395 2071 2755 2145; x_wconf 77' lang='grc' dir='ltr'>βλαϐήσεταιο</span> <span class='ocrx_word' id='word_1_667' title='bbox 2805 2071 2899 2124; x_wconf 74' lang='grc' dir='ltr'>καὶ</span> <span class='ocrx_word' id='word_1_668' title='bbox 2945 2069 3054 2140; x_wconf 88' lang='lat'>7&amp;9</span> <span class='ocrx_word' id='word_1_669' title='bbox 3109 2067 3203 2121; x_wconf 76' lang='grc' dir='ltr'>καὶ</span> <span class='ocrx_word' id='word_1_670' title='bbox 3251 2065 3359 2136; x_wconf 81' lang='grc' dir='ltr'>πρὸ</span> <span class='ocrx_word' id='word_1_671' title='bbox 3405 2061 3609 2132; x_wconf 81' lang='grc' dir='ltr'>ταύτης</span> 
     </span>
    </p>
   </div>
   <div class='ocr_carea' id='block_1_83' title="bbox 1936 2146 3610 2230">
    <p class='ocr_par' dir='ltr' id='par_1_83' title="bbox 1936 2146 3610 2230">
     <span class='ocr_line' id='line_1_83' title="bbox 1936 2146 3610 2230; baseline -0.013 -13"><span class='ocrx_word' id='word_1_672' title='bbox 1936 2161 2275 2230; x_wconf 86' lang='grc' dir='ltr'>συνειστήκει</span> <span class='ocrx_word' id='word_1_673' title='bbox 2323 2157 2510 2228; x_wconf 80' lang='grc' dir='ltr'>χρόνον</span> <span class='ocrx_word' id='word_1_674' title='bbox 2540 2155 2738 2209; x_wconf 90' lang='grc' dir='ltr'>πολύν·</span> <span class='ocrx_word' id='word_1_675' title='bbox 2773 2153 2868 2208; x_wconf 85' lang='grc' dir='ltr'>ἐὰν</span> <span class='ocrx_word' id='word_1_676' title='bbox 2900 2153 2956 2206; x_wconf 87' lang='grc' dir='ltr'>δέ</span> <span class='ocrx_word' id='word_1_677' title='bbox 2999 2152 3060 2206; x_wconf 82' lang='grc' dir='ltr'>τὸ</span> <span class='ocrx_word' id='word_1_678' title='bbox 3113 2150 3283 2204; x_wconf 88' lang='grc' dir='ltr'>ἐλεεῖν</span> <span class='ocrx_word' id='word_1_679' title='bbox 3333 2146 3610 2218; x_wconf 79' lang='grc' dir='ltr'>περιέλῃς,</span> 
     </span>
    </p>
   </div>
   <div class='ocr_carea' id='block_1_84' title="bbox 1935 2229 3611 2314">
    <p class='ocr_par' dir='ltr' id='par_1_84' title="bbox 1935 2229 3611 2314">
     <span class='ocr_line' id='line_1_84' title="bbox 1935 2229 3611 2314; baseline -0.012 -13"><span class='ocrx_word' id='word_1_680' title='bbox 1935 2248 2111 2302; x_wconf 84' lang='grc' dir='ltr'>πάντα</span> <span class='ocrx_word' id='word_1_681' title='bbox 2143 2229 2348 2314; x_wconf 70' lang='grc' dir='ltr'>οἴχεται</span> <span class='ocrx_word' id='word_1_682' title='bbox 2369 2243 2411 2274; x_wconf 75' lang='grc'>⁸⁸</span> <span class='ocrx_word' id='word_1_683' title='bbox 2447 2241 2541 2295; x_wconf 75' lang='grc' dir='ltr'>καὶ</span> <span class='ocrx_word' id='word_1_684' title='bbox 2571 2239 2834 2294; x_wconf 90' lang='grc' dir='ltr'>ἀπόλωλε.</span> <span class='ocrx_word' id='word_1_685' title='bbox 2865 2238 2975 2292; x_wconf 84' lang='lat' dir='ltr'>Kal</span> <span class='ocrx_word' id='word_1_686' title='bbox 3009 2234 3269 2305; x_wconf 81' lang='grc' dir='ltr'>καθάπερ.</span> <span class='ocrx_word' id='word_1_687' title='bbox 3289 2233 3389 2303; x_wconf 79' lang='grc' dir='ltr'>τὴν</span> <span class='ocrx_word' id='word_1_688' title='bbox 3412 2229 3611 2283; x_wconf 82' lang='grc' dir='ltr'>θάλατ-</span> 
     </span>
    </p>
   </div>
   <div class='ocr_carea' id='block_1_85' title="bbox 1933 2320 3612 2395">
    <p class='ocr_par' dir='ltr' id='par_1_85' title="bbox 1933 2320 3612 2395">
     <span class='ocr_line' id='line_1_85' title="bbox 1933 2320 3612 2395; baseline -0.012 -11"><span class='ocrx_word' id='word_1_689' title='bbox 1933 2347 2032 2385; x_wconf 88' lang='grc' dir='ltr'>ταν</span> <span class='ocrx_word' id='word_1_690' title='bbox 2059 2330 2161 2382; x_wconf 81' lang='grc' dir='ltr'>οὒκ</span> <span class='ocrx_word' id='word_1_691' title='bbox 2208 2328 2286 2382; x_wconf 77' lang='grc' dir='ltr'>ἔνι</span> <span class='ocrx_word' id='word_1_692' title='bbox 2320 2326 2594 2392; x_wconf 88' lang='grc' dir='ltr'>πλεῖσθαι,</span> <span class='ocrx_word' id='word_1_693' title='bbox 2627 2323 2862 2395; x_wconf 82' lang='grc' dir='ltr'>λιμένων</span> <span class='ocrx_word' id='word_1_694' title='bbox 2915 2320 3007 2374; x_wconf 81' lang='grc' dir='ltr'>καὶ</span> <span class='ocrx_word' id='word_1_695' title='bbox 3068 2320 3256 2390; x_wconf 83' lang='grc' dir='ltr'>ὅρμων</span> <span class='ocrx_word' id='word_1_696' title='bbox 3299 2329 3612 2395; x_wconf 83' lang='grc' dir='ltr'>προσκεχω-</span> 
     </span>
    </p>
   </div>
   <div class='ocr_carea' id='block_1_86' title="bbox 1937 2394 3614 2481">
    <p class='ocr_par' dir='ltr' id='par_1_86' title="bbox 1937 2394 3614 2481">
     <span class='ocr_line' id='line_1_86' title="bbox 1937 2394 3614 2481; baseline -0.011 -15"><span class='ocrx_word' id='word_1_697' title='bbox 1937 2411 2166 2481; x_wconf 86' lang='grc' dir='ltr'>σμένων,</span> <span class='ocrx_word' id='word_1_698' title='bbox 2219 2410 2390 2472; x_wconf 69' lang='grc' dir='ltr'>οὕτως</span> <span class='ocrx_word' id='word_1_699' title='bbox 2437 2408 2561 2462; x_wconf 83' lang='grc' dir='ltr'>οὐδέ</span> <span class='ocrx_word' id='word_1_700' title='bbox 2599 2394 2696 2460; x_wconf 87' lang='grc' dir='ltr'>τδν</span> <span class='ocrx_word' id='word_1_701' title='bbox 2738 2405 2850 2476; x_wconf 91' lang='grc' dir='ltr'>βίον</span> <span class='ocrx_word' id='word_1_702' title='bbox 2891 2402 3280 2472; x_wconf 79' lang='grc' dir='ltr'>συνεστηκέναι</span> <span class='ocrx_word' id='word_1_703' title='bbox 3312 2394 3614 2461; x_wconf 79' lang='grc' dir='ltr'>τοῦτον,άν</span> 
     </span>
    </p>
   </div>
   <div class='ocr_carea' id='block_1_87' title="bbox 1936 2483 3338 2562">
    <p class='ocr_par' dir='ltr' id='par_1_87' title="bbox 1936 2483 3338 2562">
     <span class='ocr_line' id='line_1_87' title="bbox 1936 2483 3338 2562; baseline -0.01 -13"><span class='ocrx_word' id='word_1_704' title='bbox 1936 2495 2084 2549; x_wconf 82' lang='grc' dir='ltr'>ἔλεον</span> <span class='ocrx_word' id='word_1_705' title='bbox 2106 2494 2200 2548; x_wconf 69' lang='grc' dir='ltr'>καὶ</span> <span class='ocrx_word' id='word_1_706' title='bbox 2232 2491 2560 2562; x_wconf 83' lang='grc' dir='ltr'>συγγνώμην</span> <span class='ocrx_word' id='word_1_707' title='bbox 2584 2490 2677 2543; x_wconf 71' lang='grc' dir='ltr'>καὶ</span> <span class='ocrx_word' id='word_1_708' title='bbox 2699 2487 3106 2558; x_wconf 86' lang='grc' dir='ltr'>φιλανθρωπίαν</span> <span class='ocrx_word' id='word_1_709' title='bbox 3139 2483 3338 2553; x_wconf 86' lang='grc' dir='ltr'>ἀνέλῃς</span> 
     </span>
    </p>
   </div>
   <div class='ocr_carea' id='block_1_88' title="bbox 2005 2561 3616 2641">
    <p class='ocr_par' dir='ltr' id='par_1_88' title="bbox 2005 2561 3616 2641">
     <span class='ocr_line' id='line_1_88' title="bbox 2005 2561 3616 2641; baseline -0.009 -12"><span class='ocrx_word' id='word_1_710' title='bbox 2005 2583 2064 2630; x_wconf 85' lang='grc' dir='ltr'>ε’.</span> <span class='ocrx_word' id='word_1_711' title='bbox 2106 2575 2206 2630; x_wconf 92' lang='grc' dir='ltr'>Διά</span> <span class='ocrx_word' id='word_1_712' title='bbox 2238 2575 2398 2630; x_wconf 85' lang='grc' dir='ltr'>τοῦτο</span> <span class='ocrx_word' id='word_1_713' title='bbox 2434 2561 2556 2628; x_wconf 90' lang='grc' dir='ltr'>οὐδέ</span> <span class='ocrx_word' id='word_1_714' title='bbox 2608 2571 2852 2641; x_wconf 89' lang='grc' dir='ltr'>λογισμῷ</span> <span class='ocrx_word' id='word_1_715' title='bbox 2895 2571 3053 2639; x_wconf 90' lang='grc' dir='ltr'>μόνον</span> <span class='ocrx_word' id='word_1_716' title='bbox 3093 2567 3234 2621; x_wconf 87' lang='grc' dir='ltr'>αὐτά</span> <span class='ocrx_word' id='word_1_717' title='bbox 3262 2562 3560 2634; x_wconf 72' lang='grc' dir='ltr'>ἐπέτρεψεν</span> <span class='ocrx_word' id='word_1_718' title='bbox 3586 2561 3616 2615; x_wconf 87' lang='grc' dir='ltr'>ό</span> 
     </span>
    </p>
   </div>
   <div class='ocr_carea' id='block_1_89' title="bbox 1935 2645 3616 2728">
    <p class='ocr_par' dir='ltr' id='par_1_89' title="bbox 1935 2645 3616 2728">
     <span class='ocr_line' id='line_1_89' title="bbox 1935 2645 3616 2728; baseline -0.009 -15"><span class='ocrx_word' id='word_1_719' title='bbox 1935 2659 2086 2725; x_wconf 76' lang='grc' dir='ltr'>Θεὸς,</span> <span class='ocrx_word' id='word_1_720' title='bbox 2117 2659 2252 2714; x_wconf 80' lang='grc' dir='ltr'>ἀλλά</span> <span class='ocrx_word' id='word_1_721' title='bbox 2286 2657 2455 2712; x_wconf 83' lang='grc' dir='ltr'>πολλά</span> <span class='ocrx_word' id='word_1_722' title='bbox 2481 2657 2619 2728; x_wconf 83' lang='grc' dir='ltr'>μέρη</span> <span class='ocrx_word' id='word_1_723' title='bbox 2654 2655 2818 2727; x_wconf 73' lang='lat'>[536}</span> <span class='ocrx_word' id='word_1_724' title='bbox 2849 2651 3021 2706; x_wconf 79' lang='grc' dir='ltr'>αὐτοῦ</span> <span class='ocrx_word' id='word_1_725' title='bbox 3047 2652 3142 2704; x_wconf 72' lang='grc' dir='ltr'>καὶ</span> <span class='ocrx_word' id='word_1_726' title='bbox 3169 2651 3237 2720; x_wconf 83' lang='grc' dir='ltr'>τῇ</span> <span class='ocrx_word' id='word_1_727' title='bbox 3270 2649 3368 2716; x_wconf 78' lang='grc' dir='ltr'>τῆς</span> <span class='ocrx_word' id='word_1_728' title='bbox 3401 2645 3616 2728; x_wconf 87' lang='grc' dir='ltr'>φύσεως</span> 
     </span>
    </p>
   </div>
   <div class='ocr_carea' id='block_1_90' title="bbox 1935 2727 3613 2814">
    <p class='ocr_par' dir='ltr' id='par_1_90' title="bbox 1935 2727 3613 2814">
     <span class='ocr_line' id='line_1_90' title="bbox 1935 2727 3613 2814; baseline -0.01 -18"><span class='ocrx_word' id='word_1_729' title='bbox 1935 2743 2216 2814; x_wconf 83' lang='grc' dir='ltr'>ἐνέσπειρε</span> <span class='ocrx_word' id='word_1_730' title='bbox 2236 2727 2530 2813; x_wconf 86' lang='grc' dir='ltr'>τυραννίδι.</span> <span class='ocrx_word' id='word_1_731' title='bbox 2556 2727 2714 2794; x_wconf 81' lang='grc' dir='ltr'>Οῦτω</span> <span class='ocrx_word' id='word_1_732' title='bbox 2736 2738 2826 2792; x_wconf 73' lang='grc' dir='ltr'>καὶ</span> <span class='ocrx_word' id='word_1_733' title='bbox 2859 2735 3092 2805; x_wconf 87' lang='grc' dir='ltr'>πατέρες</span> <span class='ocrx_word' id='word_1_734' title='bbox 3119 2731 3332 2814; x_wconf 86' lang='grc' dir='ltr'>παῖδας</span> <span class='ocrx_word' id='word_1_735' title='bbox 3351 2727 3613 2814; x_wconf 78' lang='grc' dir='ltr'>ἐλεοῦσιν,</span> 
     </span>
    </p>
   </div>
   <div class='ocr_carea' id='block_1_91' title="bbox 1935 2809 3614 2896">
    <p class='ocr_par' dir='ltr' id='par_1_91' title="bbox 1935 2809 3614 2896">
     <span class='ocr_line' id='line_1_91' title="bbox 1935 2809 3614 2896; baseline -0.01 -18"><span class='ocrx_word' id='word_1_736' title='bbox 1935 2824 2078 2878; x_wconf 84' lang='grc' dir='ltr'>οῦτω</span> <span class='ocrx_word' id='word_1_737' title='bbox 2097 2827 2142 2857; x_wconf 71' lang='grc'>⁸⁸</span> <span class='ocrx_word' id='word_1_738' title='bbox 2160 2809 2421 2896; x_wconf 83' lang='grc' dir='ltr'>μητέρες,</span> <span class='ocrx_word' id='word_1_739' title='bbox 2458 2822 2600 2876; x_wconf 79' lang='grc' dir='ltr'>οὕτω</span> <span class='ocrx_word' id='word_1_740' title='bbox 2623 2821 2788 2875; x_wconf 80' lang='grc' dir='ltr'>τέκνα</span> <span class='ocrx_word' id='word_1_741' title='bbox 2822 2819 3001 2888; x_wconf 86' lang='grc' dir='ltr'>γονεῖς</span> <span class='ocrx_word' id='word_1_742' title='bbox 3019 2833 3032 2847; x_wconf 91' lang='grc'><strong>·</strong></span> <span class='ocrx_word' id='word_1_743' title='bbox 3065 2817 3165 2868; x_wconf 89' lang='grc' dir='ltr'>οὐκ</span> <span class='ocrx_word' id='word_1_744' title='bbox 3191 2815 3279 2867; x_wconf 88' lang='grc' dir='ltr'>ἐπ’</span> <span class='ocrx_word' id='word_1_745' title='bbox 3313 2809 3614 2896; x_wconf 78' lang='grc' dir='ltr'>ἀνθρώπων</span> 
     </span>
    </p>
   </div>
   <div class='ocr_carea' id='block_1_92' title="bbox 1935 2893 3614 2977">
    <p class='ocr_par' dir='ltr' id='par_1_92' title="bbox 1935 2893 3614 2977">
     <span class='ocr_line' id='line_1_92' title="bbox 1935 2893 3614 2977; baseline -0.01 -15"><span class='ocrx_word' id='word_1_746' title='bbox 1935 2909 1991 2962; x_wconf 86' lang='grc' dir='ltr'>δὲ</span> <span class='ocrx_word' id='word_1_747' title='bbox 2013 2893 2191 2977; x_wconf 71' lang='grc' dir='ltr'>μόνον,</span> <span class='ocrx_word' id='word_1_748' title='bbox 2220 2893 2353 2962; x_wconf 84' lang='grc' dir='ltr'>ἀλλά</span> <span class='ocrx_word' id='word_1_749' title='bbox 2376 2908 2470 2961; x_wconf 75' lang='grc' dir='ltr'>καὶ</span> <span class='ocrx_word' id='word_1_750' title='bbox 2499 2907 2588 2960; x_wconf 76' lang='grc' dir='ltr'>ἐπὶ</span> <span class='ocrx_word' id='word_1_751' title='bbox 2613 2905 2721 2958; x_wconf 86' lang='grc' dir='ltr'>τῶν</span> <span class='ocrx_word' id='word_1_752' title='bbox 2745 2905 2953 2973; x_wconf 83' lang='grc' dir='ltr'>ἀλόγων</span> <span class='ocrx_word' id='word_1_753' title='bbox 2971 2901 3247 2956; x_wconf 87' lang='grc' dir='ltr'>ἀπάντων·</span> <span class='ocrx_word' id='word_1_754' title='bbox 3272 2896 3442 2958; x_wconf 78' lang='grc' dir='ltr'>οὕτως</span> <span class='ocrx_word' id='word_1_755' title='bbox 3466 2893 3614 2948; x_wconf 83' lang='grc' dir='ltr'>ἀδελ-</span> 
     </span>
    </p>
   </div>
   <div class='ocr_carea' id='block_1_93' title="bbox 1938 2977 3616 3061">
    <p class='ocr_par' dir='ltr' id='par_1_93' title="bbox 1938 2977 3616 3061">
     <span class='ocr_line' id='line_1_93' title="bbox 1938 2977 3616 3061; baseline -0.01 -15"><span class='ocrx_word' id='word_1_756' title='bbox 1938 2993 2070 3058; x_wconf 76' lang='grc' dir='ltr'>φούς</span> <span class='ocrx_word' id='word_1_757' title='bbox 2090 2991 2327 3061; x_wconf 79' lang='grc' dir='ltr'>ἀδελφοὶ,</span> <span class='ocrx_word' id='word_1_758' title='bbox 2369 2995 2461 3045; x_wconf 71' lang='grc' dir='ltr'>καὶ</span> <span class='ocrx_word' id='word_1_759' title='bbox 2489 2991 2793 3058; x_wconf 89' lang='grc' dir='ltr'>συγγενεῖς,</span> <span class='ocrx_word' id='word_1_760' title='bbox 2820 2988 2914 3042; x_wconf 85' lang='grc' dir='ltr'>καί</span> <span class='ocrx_word' id='word_1_761' title='bbox 2931 2988 2976 3019; x_wconf 75' lang='grc'>⁸³</span> <span class='ocrx_word' id='word_1_762' title='bbox 3010 2985 3413 3061; x_wconf 87' lang='grc' dir='ltr'>προσήκοντες·</span> <span class='ocrx_word' id='word_1_763' title='bbox 3446 2977 3616 3040; x_wconf 83' lang='grc' dir='ltr'>οῦτως</span> 
     </span>
    </p>
   </div>
   <div class='ocr_carea' id='block_1_94' title="bbox 1933 3057 3616 3146">
    <p class='ocr_par' dir='ltr' id='par_1_94' title="bbox 1933 3057 3616 3146">
     <span class='ocr_line' id='line_1_94' title="bbox 1933 3057 3616 3146; baseline -0.003 -18"><span class='ocrx_word' id='word_1_764' title='bbox 1933 3057 2241 3145; x_wconf 48' lang='grc' dir='ltr'>ἄνθρωπος’</span> <span class='ocrx_word' id='word_1_765' title='bbox 2264 3057 2579 3146; x_wconf 70' lang='grc' dir='ltr'>ἄνθρωπον.</span> <span class='ocrx_word' id='word_1_766' title='bbox 2607 3073 2843 3142; x_wconf 84' lang='grc' dir='ltr'>Ἔχομεν</span> <span class='ocrx_word' id='word_1_767' title='bbox 2871 3071 2978 3143; x_wconf 89' lang='grc' dir='ltr'>γάρ</span> <span class='ocrx_word' id='word_1_768' title='bbox 3013 3087 3064 3122; x_wconf 87' lang='grc' dir='ltr'>τι</span> <span class='ocrx_word' id='word_1_769' title='bbox 3109 3067 3205 3121; x_wconf 71' lang='grc' dir='ltr'>καί⁹</span> <span class='ocrx_word' id='word_1_770' title='bbox 3251 3057 3360 3120; x_wconf 77' lang='grc' dir='ltr'>ἀπὸ</span> <span class='ocrx_word' id='word_1_771' title='bbox 3403 3061 3616 3146; x_wconf 81' lang='grc' dir='ltr'>φύσεως</span> 
     </span>
    </p>
   </div>
   <div class='ocr_carea' id='block_1_95' title="bbox 1933 3144 3618 3227">
    <p class='ocr_par' dir='ltr' id='par_1_95' title="bbox 1933 3144 3618 3227">
     <span class='ocr_line' id='line_1_95' title="bbox 1933 3144 3618 3227; baseline -0.007 -19"><span class='ocrx_word' id='word_1_772' title='bbox 1933 3144 2069 3227; x_wconf 83' lang='grc' dir='ltr'>πρὸς</span> <span class='ocrx_word' id='word_1_773' title='bbox 2101 3156 2247 3210; x_wconf 84' lang='grc' dir='ltr'>έλεον</span> <span class='ocrx_word' id='word_1_774' title='bbox 2280 3144 2599 3226; x_wconf 73' lang='grc' dir='ltr'>ἐπιρρεπές.</span> <span class='ocrx_word' id='word_1_775' title='bbox 2631 3155 2721 3208; x_wconf 76' lang='grc' dir='ltr'>Διὸ</span> <span class='ocrx_word' id='word_1_776' title='bbox 2768 3154 2862 3208; x_wconf 69' lang='grc' dir='ltr'>καὶ</span> <span class='ocrx_word' id='word_1_777' title='bbox 2909 3153 3050 3223; x_wconf 80' lang='grc' dir='ltr'>ὑπὲρ</span> <span class='ocrx_word' id='word_1_778' title='bbox 3099 3149 3208 3204; x_wconf 91' lang='grc' dir='ltr'>τῶν</span> <span class='ocrx_word' id='word_1_779' title='bbox 3248 3144 3618 3227; x_wconf 79' lang='grc' dir='ltr'>ἀδικουμένων</span> 
     </span>
    </p>
   </div>
   <div class='ocr_carea' id='block_1_96' title="bbox 1933 3224 3619 3310">
    <p class='ocr_par' dir='ltr' id='par_1_96' title="bbox 1933 3224 3619 3310">
     <span class='ocr_line' id='line_1_96' title="bbox 1933 3224 3619 3310; baseline -0.009 -17"><span class='ocrx_word' id='word_1_780' title='bbox 1933 3224 2386 3310; x_wconf 61' lang='grc' dir='ltr'>ἀγανακτοῦμεν,</span> <span class='ocrx_word' id='word_1_781' title='bbox 2415 3224 2519 3293; x_wconf 74' lang='grc' dir='ltr'>καὶ</span> <span class='ocrx_word' id='word_1_782' title='bbox 2574 3236 2977 3306; x_wconf 73' lang='grc' dir='ltr'>σφαττομένους</span> <span class='ocrx_word' id='word_1_783' title='bbox 3012 3233 3248 3306; x_wconf 84' lang='grc' dir='ltr'>ὁρῶντες</span> <span class='ocrx_word' id='word_1_784' title='bbox 3275 3224 3619 3310; x_wconf 51' lang='grc' dir='ltr'>ἐπικαμπτόξ</span> 
     </span>
    </p>
   </div>
   <div class='ocr_carea' id='block_1_97' title="bbox 1938 3307 3620 3395">
    <p class='ocr_par' dir='ltr' id='par_1_97' title="bbox 1938 3307 3620 3395">
     <span class='ocr_line' id='line_1_97' title="bbox 1938 3307 3620 3395; baseline -0.008 -19"><span class='ocrx_word' id='word_1_785' title='bbox 1938 3323 2097 3395; x_wconf 90' lang='grc' dir='ltr'>μεθα,</span> <span class='ocrx_word' id='word_1_786' title='bbox 2145 3307 2262 3375; x_wconf 45' lang='grc' dir='ltr'>καῖ’</span> <span class='ocrx_word' id='word_1_787' title='bbox 2297 3320 2632 3384; x_wconf 88' lang='grc' dir='ltr'>πενθοῦντας</span> <span class='ocrx_word' id='word_1_788' title='bbox 2693 3321 2979 3390; x_wconf 87' lang='grc' dir='ltr'>βλέποντες</span> <span class='ocrx_word' id='word_1_789' title='bbox 3027 3315 3356 3388; x_wconf 90' lang='grc' dir='ltr'>δακρύομεν.</span> <span class='ocrx_word' id='word_1_790' title='bbox 3401 3307 3620 3395; x_wconf 69' lang='grc' dir='ltr'>Ἐπειδῂ</span> 
     </span>
    </p>
   </div>
   <div class='ocr_carea' id='block_1_98' title="bbox 1935 3389 3620 3477">
    <p class='ocr_par' dir='ltr' id='par_1_98' title="bbox 1935 3389 3620 3477">
     <span class='ocr_line' id='line_1_98' title="bbox 1935 3389 3620 3477; baseline -0.011 -17"><span class='ocrx_word' id='word_1_791' title='bbox 1935 3389 2044 3476; x_wconf 82' lang='grc' dir='ltr'>γὰρ</span> <span class='ocrx_word' id='word_1_792' title='bbox 2079 3405 2286 3477; x_wconf 84' lang='grc' dir='ltr'>σφόδρα</span> <span class='ocrx_word' id='word_1_793' title='bbox 2339 3404 2472 3458; x_wconf 82' lang='grc' dir='ltr'>αὐτὸ</span> <span class='ocrx_word' id='word_1_794' title='bbox 2505 3389 2901 3474; x_wconf 87' lang='grc' dir='ltr'>κατορθοῦσθαι</span> <span class='ocrx_word' id='word_1_795' title='bbox 2941 3395 3188 3471; x_wconf 85' lang='grc' dir='ltr'>βούλεται</span> <span class='ocrx_word' id='word_1_796' title='bbox 3243 3400 3272 3451; x_wconf 85' lang='grc' dir='ltr'>ὁ</span> <span class='ocrx_word' id='word_1_797' title='bbox 3310 3395 3462 3477; x_wconf 82' lang='grc' dir='ltr'>Θεὸς,</span> <span class='ocrx_word' id='word_1_798' title='bbox 3509 3389 3620 3477; x_wconf 80' lang='grc' dir='ltr'>ἐκέ.</span> 
     </span>
    </p>
   </div>
   <div class='ocr_carea' id='block_1_99' title="bbox 1934 3473 3723 3558">
    <p class='ocr_par' dir='ltr' id='par_1_99' title="bbox 1934 3473 3723 3558">
     <span class='ocr_line' id='line_1_99' title="bbox 1934 3473 3723 3558; baseline -0.01 -15"><span class='ocrx_word' id='word_1_799' title='bbox 1934 3473 2093 3543; x_wconf 83' lang='grc' dir='ltr'>λευσε</span> <span class='ocrx_word' id='word_1_800' title='bbox 2125 3491 2189 3558; x_wconf 81' lang='grc' dir='ltr'>τῇ</span> <span class='ocrx_word' id='word_1_801' title='bbox 2215 3473 2381 3556; x_wconf 76' lang='grc' dir='ltr'>φύσει</span> <span class='ocrx_word' id='word_1_802' title='bbox 2413 3484 2582 3538; x_wconf 85' lang='grc' dir='ltr'>πολλὰ</span> <span class='ocrx_word' id='word_1_803' title='bbox 2612 3473 2692 3548; x_wconf 89' lang='grc' dir='ltr'>εἰς</span> <span class='ocrx_word' id='word_1_804' title='bbox 2735 3483 2893 3538; x_wconf 88' lang='grc' dir='ltr'>τοῦτο</span> <span class='ocrx_word' id='word_1_805' title='bbox 2926 3480 3376 3548; x_wconf 87' lang='grc' dir='ltr'>συνεισενεγκεῖν,</span> <span class='ocrx_word' id='word_1_806' title='bbox 3408 3473 3621 3558; x_wconf 68' lang='grc' dir='ltr'>δεικνῦς</span> <span class='ocrx_word' id='word_1_807' title='bbox 3715 3479 3723 3484; x_wconf 79' lang='grc'><strong>“</strong></span> 
     </span>
    </p>
   </div>
   <div class='ocr_carea' id='block_1_100' title="bbox 1935 3551 3622 3642">
    <p class='ocr_par' dir='ltr' id='par_1_100' title="bbox 1935 3551 3622 3642">
     <span class='ocr_line' id='line_1_100' title="bbox 1935 3551 3622 3642; baseline -0.012 -14"><span class='ocrx_word' id='word_1_808' title='bbox 1935 3575 2015 3628; x_wconf 78' lang='grc' dir='ltr'>ὅτι</span> <span class='ocrx_word' id='word_1_809' title='bbox 2048 3551 2250 3642; x_wconf 78' lang='grc' dir='ltr'>σφόδρα</span> <span class='ocrx_word' id='word_1_810' title='bbox 2282 3569 2428 3640; x_wconf 79' lang='grc' dir='ltr'>αὐτῷ</span> <span class='ocrx_word' id='word_1_811' title='bbox 2456 3568 2612 3622; x_wconf 90' lang='grc' dir='ltr'>τοῦτό</span> <span class='ocrx_word' id='word_1_812' title='bbox 2663 3570 2781 3621; x_wconf 88' lang='grc' dir='ltr'>ἐστι</span> <span class='ocrx_word' id='word_1_813' title='bbox 2812 3563 3294 3637; x_wconf 88' lang='grc' dir='ltr'>περισπούδαστον.</span> <span class='ocrx_word' id='word_1_814' title='bbox 3337 3559 3501 3613; x_wconf 72' lang='grc' dir='ltr'>Ταῦτ’</span> <span class='ocrx_word' id='word_1_815' title='bbox 3527 3551 3622 3609; x_wconf 84' lang='grc' dir='ltr'>οῦν</span> 
     </span>
    </p>
   </div>
   <div class='ocr_carea' id='block_1_101' title="bbox 1937 3643 3622 3727">
    <p class='ocr_par' dir='ltr' id='par_1_101' title="bbox 1937 3643 3622 3727">
     <span class='ocr_line' id='line_1_101' title="bbox 1937 3643 3622 3727; baseline -0.012 -12"><span class='ocrx_word' id='word_1_816' title='bbox 1937 3658 2261 3721; x_wconf 87' lang='grc' dir='ltr'>ἐννοοῦντες,</span> <span class='ocrx_word' id='word_1_817' title='bbox 2303 3657 2395 3710; x_wconf 75' lang='grc' dir='ltr'>καὶ</span> <span class='ocrx_word' id='word_1_818' title='bbox 2438 3657 2586 3727; x_wconf 82' lang='grc' dir='ltr'>ἡμᾶς</span> <span class='ocrx_word' id='word_1_819' title='bbox 2625 3655 2820 3717; x_wconf 77' lang='grc' dir='ltr'>αὐτοὺς</span> <span class='ocrx_word' id='word_1_820' title='bbox 2846 3653 2892 3684; x_wconf 68' lang='grc'>⁸⁸</span> <span class='ocrx_word' id='word_1_821' title='bbox 2922 3652 3016 3706; x_wconf 72' lang='grc' dir='ltr'>καὶ</span> <span class='ocrx_word' id='word_1_822' title='bbox 3049 3651 3120 3704; x_wconf 79' lang='grc' dir='ltr'>τά</span> <span class='ocrx_word' id='word_1_823' title='bbox 3147 3648 3338 3703; x_wconf 78' lang='grc' dir='ltr'>παιδία</span> <span class='ocrx_word' id='word_1_824' title='bbox 3372 3645 3466 3699; x_wconf 78' lang='grc' dir='ltr'>καὶ</span> <span class='ocrx_word' id='word_1_825' title='bbox 3495 3643 3622 3704; x_wconf 78' lang='grc' dir='ltr'>τοὺς</span> 
     </span>
    </p>
   </div>
   <div class='ocr_carea' id='block_1_102' title="bbox 1939 3727 3622 3816">
    <p class='ocr_par' dir='ltr' id='par_1_102' title="bbox 1939 3727 3622 3816">
     <span class='ocr_line' id='line_1_102' title="bbox 1939 3727 3622 3816; baseline -0.01 -20"><span class='ocrx_word' id='word_1_826' title='bbox 1939 3743 2312 3816; x_wconf 85' lang='grc' dir='ltr'>προσήκοντας</span> <span class='ocrx_word' id='word_1_827' title='bbox 2345 3740 2424 3798; x_wconf 81' lang='grc' dir='ltr'>είς</span> <span class='ocrx_word' id='word_1_828' title='bbox 2460 3738 2521 3792; x_wconf 80' lang='grc' dir='ltr'>τὸ</span> <span class='ocrx_word' id='word_1_829' title='bbox 2564 3739 2661 3808; x_wconf 83' lang='grc' dir='ltr'>τῆς</span> <span class='ocrx_word' id='word_1_830' title='bbox 2699 3734 3068 3807; x_wconf 84' lang='grc' dir='ltr'>ἐλεημοσύνης</span> <span class='ocrx_word' id='word_1_831' title='bbox 3123 3733 3420 3816; x_wconf 79' lang='grc' dir='ltr'>ἀγάγωμεν</span> <span class='ocrx_word' id='word_1_832' title='bbox 3475 3727 3622 3816; x_wconf 84' lang='grc' dir='ltr'>διδα-</span> 
     </span>
    </p>
   </div>
   <div class='ocr_carea' id='block_1_103' title="bbox 1941 3811 3618 3892">
    <p class='ocr_par' dir='ltr' id='par_1_103' title="bbox 1941 3811 3618 3892">
     <span class='ocr_line' id='line_1_103' title="bbox 1941 3811 3618 3892; baseline -0.011 -12"><span class='ocrx_word' id='word_1_833' title='bbox 1941 3811 2210 3889; x_wconf 82' lang='grc' dir='ltr'>σκαλεῖον,</span> <span class='ocrx_word' id='word_1_834' title='bbox 2249 3823 2338 3878; x_wconf 71' lang='grc' dir='ltr'>καί</span> <span class='ocrx_word' id='word_1_835' title='bbox 2362 3821 2520 3875; x_wconf 87' lang='grc' dir='ltr'>τοῦτο</span> <span class='ocrx_word' id='word_1_836' title='bbox 2554 3821 2659 3892; x_wconf 80' lang='grc' dir='ltr'>πρὸ</span> <span class='ocrx_word' id='word_1_837' title='bbox 2699 3820 2916 3874; x_wconf 91' lang='grc' dir='ltr'>πάντων</span> <span class='ocrx_word' id='word_1_838' title='bbox 2948 3818 3235 3888; x_wconf 79' lang='grc' dir='ltr'>ἄνθρωπος</span> <span class='ocrx_word' id='word_1_839' title='bbox 3278 3811 3618 3884; x_wconf 86' lang='grc' dir='ltr'>μανθανέτω.</span> 
     </span>
    </p>
   </div>
   <div class='ocr_carea' id='block_1_104' title="bbox 1940 3894 3624 3982">
    <p class='ocr_par' dir='ltr' id='par_1_104' title="bbox 1940 3894 3624 3982">
     <span class='ocr_line' id='line_1_104' title="bbox 1940 3894 3624 3982; baseline -0.012 -15"><span class='ocrx_word' id='word_1_840' title='bbox 1940 3909 2126 3982; x_wconf 83' lang='grc' dir='ltr'>ἐπειδὴ</span> <span class='ocrx_word' id='word_1_841' title='bbox 2155 3909 2249 3962; x_wconf 76' lang='grc' dir='ltr'>καὶ</span> <span class='ocrx_word' id='word_1_842' title='bbox 2279 3907 2437 3962; x_wconf 87' lang='grc' dir='ltr'>τοῦτο</span> <span class='ocrx_word' id='word_1_843' title='bbox 2467 3905 2769 3976; x_wconf 79' lang='grc' dir='ltr'>ἄνθρωπος.</span> <span class='ocrx_word' id='word_1_844' title='bbox 2804 3905 2970 3975; x_wconf 79' lang='grc' dir='ltr'>Μέγα</span> <span class='ocrx_word' id='word_1_845' title='bbox 2998 3902 3107 3974; x_wconf 67' lang='grc' dir='ltr'>γὰρ</span> <span class='ocrx_word' id='word_1_846' title='bbox 3155 3901 3486 3982; x_wconf 52' lang='grc' dir='ltr'>ἄνθρωπος</span> <span class='ocrx_word' id='word_1_847' title='bbox 3525 3894 3624 3982; x_wconf 65' lang='grc' dir='ltr'>καί</span> 
     </span>
    </p>
   </div>
   <div class='ocr_carea' id='block_1_105' title="bbox 1940 3976 3626 4064">
    <p class='ocr_par' dir='ltr' id='par_1_105' title="bbox 1940 3976 3626 4064">
     <span class='ocr_line' id='line_1_105' title="bbox 1940 3976 3626 4064; baseline -0.012 -15"><span class='ocrx_word' id='word_1_848' title='bbox 1940 3976 2140 4064; x_wconf 75' lang='grc' dir='ltr'>τίμιον</span> <span class='ocrx_word' id='word_1_849' title='bbox 2175 3991 2331 4060; x_wconf 79' lang='grc' dir='ltr'>ἀνὴρ</span> <span class='ocrx_word' id='word_1_850' title='bbox 2365 3989 2655 4056; x_wconf 79' lang='grc' dir='ltr'>ἐλεήμων·</span> <span class='ocrx_word' id='word_1_851' title='bbox 2716 3988 2790 4050; x_wconf 85' lang='grc' dir='ltr'>ὡς</span> <span class='ocrx_word' id='word_1_852' title='bbox 2832 3987 2898 4041; x_wconf 82' lang='grc' dir='ltr'>ἂν</span> <span class='ocrx_word' id='word_1_853' title='bbox 2947 3987 3022 4058; x_wconf 84' lang='grc' dir='ltr'>μὴ</span> <span class='ocrx_word' id='word_1_854' title='bbox 3063 3984 3219 4038; x_wconf 91' lang='grc' dir='ltr'>τοῦτο</span> <span class='ocrx_word' id='word_1_855' title='bbox 3249 3981 3370 4052; x_wconf 76' lang='grc' dir='ltr'>ἔχῃ,</span> <span class='ocrx_word' id='word_1_856' title='bbox 3397 3977 3493 4031; x_wconf 68' lang='grc' dir='ltr'>καὶ</span> <span class='ocrx_word' id='word_1_857' title='bbox 3531 3976 3626 4064; x_wconf 85' lang='grc' dir='ltr'>τοῦ</span> 
     </span>
    </p>
   </div>
   <div class='ocr_carea' id='block_1_106' title="bbox 1942 4060 3628 4145">
    <p class='ocr_par' dir='ltr' id='par_1_106' title="bbox 1942 4060 3628 4145">
     <span class='ocr_line' id='line_1_106' title="bbox 1942 4060 3628 4145; baseline -0.01 -14"><span class='ocrx_word' id='word_1_858' title='bbox 1942 4060 2082 4131; x_wconf 71' lang='grc' dir='ltr'>εἶναι</span> <span class='ocrx_word' id='word_1_859' title='bbox 2107 4075 2390 4145; x_wconf 79' lang='grc' dir='ltr'>ἄνθρωπος</span> <span class='ocrx_word' id='word_1_860' title='bbox 2429 4072 2675 4139; x_wconf 80' lang='grc' dir='ltr'>ἐξέπεσε.</span> <span class='ocrx_word' id='word_1_861' title='bbox 2725 4068 2894 4124; x_wconf 83' lang='grc' dir='ltr'>Τοῦτο</span> <span class='ocrx_word' id='word_1_862' title='bbox 2921 4069 3119 4137; x_wconf 81' lang='grc' dir='ltr'>σοφοὺς</span> <span class='ocrx_word' id='word_1_863' title='bbox 3148 4065 3470 4138; x_wconf 76' lang='grc' dir='ltr'>ἐργάζεται.</span> <span class='ocrx_word' id='word_1_864' title='bbox 3517 4060 3628 4115; x_wconf 78' lang='grc' dir='ltr'>Καὶ</span> 
     </span>
    </p>
   </div>
   <div class='ocr_carea' id='block_1_107' title="bbox 1941 4146 3628 4231">
    <p class='ocr_par' dir='ltr' id='par_1_107' title="bbox 1941 4146 3628 4231">
     <span class='ocr_line' id='line_1_107' title="bbox 1941 4146 3628 4231; baseline -0.009 -17"><span class='ocrx_word' id='word_1_865' title='bbox 1941 4161 1994 4214; x_wconf 91' lang='grc' dir='ltr'>τί</span> <span class='ocrx_word' id='word_1_866' title='bbox 2025 4159 2348 4231; x_wconf 77' lang='grc' dir='ltr'>θαυμάζεις,</span> <span class='ocrx_word' id='word_1_867' title='bbox 2373 4159 2419 4211; x_wconf 87' lang='grc' dir='ltr'>εί</span> <span class='ocrx_word' id='word_1_868' title='bbox 2447 4156 2606 4210; x_wconf 90' lang='grc' dir='ltr'>τοῦτο</span> <span class='ocrx_word' id='word_1_869' title='bbox 2629 4155 2947 4226; x_wconf 76' lang='grc' dir='ltr'>ἀνθρωποςς</span> <span class='ocrx_word' id='word_1_870' title='bbox 2978 4152 3148 4206; x_wconf 88' lang='grc' dir='ltr'>Τοῦτο</span> <span class='ocrx_word' id='word_1_871' title='bbox 3185 4150 3338 4214; x_wconf 77' lang='grc' dir='ltr'>Θεὸς.</span> <span class='ocrx_word' id='word_1_872' title='bbox 3374 4146 3628 4202; x_wconf 73' lang='grc' dir='ltr'>Γίνεσθε</span> 
     </span>
    </p>
   </div>
   <div class='ocr_carea' id='block_1_108' title="bbox 1949 4231 3629 4314">
    <p class='ocr_par' dir='ltr' id='par_1_108' title="bbox 1949 4231 3629 4314">
     <span class='ocr_line' id='line_1_108' title="bbox 1949 4231 3629 4314; baseline -0.008 -18"><span class='ocrx_word' id='word_1_873' title='bbox 1949 4243 2081 4314; x_wconf 81' lang='lat'><strong>7&amp;9,</strong></span> <span class='ocrx_word' id='word_1_874' title='bbox 2117 4243 2302 4313; x_wconf 71' lang='grc' dir='ltr'>φησὶν,</span> <span class='ocrx_word' id='word_1_875' title='bbox 2328 4241 2719 4309; x_wconf 75' lang='grc' dir='ltr'>οἰκτίρμονες,</span> <span class='ocrx_word' id='word_1_876' title='bbox 2740 4238 2820 4305; x_wconf 85' lang='grc' dir='ltr'>ὡς</span> <span class='ocrx_word' id='word_1_877' title='bbox 2843 4241 2874 4292; x_wconf 87' lang='grc' dir='ltr'><em>ὀ</em></span> <span class='ocrx_word' id='word_1_878' title='bbox 2906 4236 3110 4305; x_wconf 77' lang='grc' dir='ltr'>Πατὴρ</span> <span class='ocrx_word' id='word_1_879' title='bbox 3133 4233 3318 4304; x_wconf 81' lang='grc' dir='ltr'>ὑμῶν.</span> <span class='ocrx_word' id='word_1_880' title='bbox 3349 4231 3629 4301; x_wconf 88' lang='grc' dir='ltr'>Μάθωμεν</span> 
     </span>
    </p>
   </div>
   <div class='ocr_carea' id='block_1_109' title="bbox 1943 4315 3628 4394">
    <p class='ocr_par' dir='ltr' id='par_1_109' title="bbox 1943 4315 3628 4394">
     <span class='ocr_line' id='line_1_109' title="bbox 1943 4315 3628 4394; baseline -0.009 -13"><span class='ocrx_word' id='word_1_881' title='bbox 1943 4328 2120 4382; x_wconf 84' lang='grc' dir='ltr'>τοίνυν</span> <span class='ocrx_word' id='word_1_882' title='bbox 2172 4322 2313 4380; x_wconf 84' lang='grc' dir='ltr'>εἶναι</span> <span class='ocrx_word' id='word_1_883' title='bbox 2351 4326 2642 4394; x_wconf 82' lang='grc' dir='ltr'>ἐλεήμονες</span> <span class='ocrx_word' id='word_1_884' title='bbox 2675 4323 2928 4376; x_wconf 86' lang='grc' dir='ltr'>ἁπάντων</span> <span class='ocrx_word' id='word_1_885' title='bbox 2954 4321 3115 4374; x_wconf 74' lang='grc' dir='ltr'>ἕνεκα</span> <span class='ocrx_word' id='word_1_886' title='bbox 3135 4335 3148 4348; x_wconf 80' lang='grc'><strong><em>⁸</em></strong></span> <span class='ocrx_word' id='word_1_887' title='bbox 3177 4318 3412 4387; x_wconf 84' lang='grc' dir='ltr'>μάλιστα</span> <span class='ocrx_word' id='word_1_888' title='bbox 3444 4315 3521 4376; x_wconf 83' lang='grc' dir='ltr'>δὲ,</span> <span class='ocrx_word' id='word_1_889' title='bbox 3547 4316 3628 4368; x_wconf 83' lang='grc' dir='ltr'>ὅτι</span> 
     </span>
    </p>
   </div>
   <div class='ocr_carea' id='block_1_110' title="bbox 1945 4397 3628 4483">
    <p class='ocr_par' dir='ltr' id='par_1_110' title="bbox 1945 4397 3628 4483">
     <span class='ocr_line' id='line_1_110' title="bbox 1945 4397 3628 4483; baseline -0.009 -18"><span class='ocrx_word' id='word_1_890' title='bbox 1945 4412 2045 4466; x_wconf 71' lang='grc' dir='ltr'>καὶ</span> <span class='ocrx_word' id='word_1_891' title='bbox 2075 4414 2238 4483; x_wconf 76' lang='grc' dir='ltr'>ἡμεῖς</span> <span class='ocrx_word' id='word_1_892' title='bbox 2273 4409 2468 4463; x_wconf 86' lang='grc' dir='ltr'>πολλοῦ</span> <span class='ocrx_word' id='word_1_893' title='bbox 2499 4407 2729 4477; x_wconf 81' lang='grc' dir='ltr'>δεόμεθα</span> <span class='ocrx_word' id='word_1_894' title='bbox 2751 4407 2929 4470; x_wconf 79' lang='grc' dir='ltr'>ἐλέους</span> <span class='ocrx_word' id='word_1_895' title='bbox 2947 4407 3010 4460; x_wconf 80' lang='grc'>⁸⁸.</span> <span class='ocrx_word' id='word_1_896' title='bbox 3045 4405 3155 4459; x_wconf 83' lang='lat' dir='ltr'><strong>Kal</strong></span> <span class='ocrx_word' id='word_1_897' title='bbox 3186 4404 3320 4474; x_wconf 83' lang='grc' dir='ltr'>μηδὲ</span> <span class='ocrx_word' id='word_1_898' title='bbox 3347 4404 3446 4472; x_wconf 80' lang='grc' dir='ltr'>ζῇν</span> <span class='ocrx_word' id='word_1_899' title='bbox 3480 4397 3628 4471; x_wconf 87' lang='grc' dir='ltr'>ήγώ-</span> 
     </span>
    </p>
   </div>
   <div class='ocr_carea' id='block_1_111' title="bbox 1949 4484 3630 4564">
    <p class='ocr_par' dir='ltr' id='par_1_111' title="bbox 1949 4484 3630 4564">
     <span class='ocr_line' id='line_1_111' title="bbox 1949 4484 3630 4564; baseline -0.006 -18"><span class='ocrx_word' id='word_1_900' title='bbox 1949 4494 2088 4564; x_wconf 87' lang='grc' dir='ltr'>μεθα</span> <span class='ocrx_word' id='word_1_901' title='bbox 2131 4494 2222 4547; x_wconf 83' lang='grc' dir='ltr'>τὸν</span> <span class='ocrx_word' id='word_1_902' title='bbox 2255 4491 2444 4563; x_wconf 78' lang='grc' dir='ltr'>καιρὸν</span> <span class='ocrx_word' id='word_1_903' title='bbox 2489 4491 2730 4554; x_wconf 79' lang='grc' dir='ltr'>ἐκεῖνον,</span> <span class='ocrx_word' id='word_1_904' title='bbox 2773 4491 2900 4543; x_wconf 84' lang='grc' dir='ltr'>ὅταν</span> <span class='ocrx_word' id='word_1_905' title='bbox 2945 4489 3020 4559; x_wconf 83' lang='grc' dir='ltr'>μὴ</span> <span class='ocrx_word' id='word_1_906' title='bbox 3062 4487 3321 4557; x_wconf 87' lang='grc' dir='ltr'>ἐλεῶμεν.</span> <span class='ocrx_word' id='word_1_907' title='bbox 3374 4484 3630 4553; x_wconf 84' lang='grc' dir='ltr'>Ἐλεημο-</span> 
     </span>
    </p>
   </div>
   <div class='ocr_carea' id='block_1_112' title="bbox 1884 4568 3630 4649">
    <p class='ocr_par' dir='ltr' id='par_1_112' title="bbox 1884 4568 3630 4649">
     <span class='ocr_line' id='line_1_112' title="bbox 1884 4568 3630 4649; baseline -0.007 -16"><span class='ocrx_word' id='word_1_908' title='bbox 1884 4626 1891 4633; x_wconf 93' lang='grc'>.</span> <span class='ocrx_word' id='word_1_909' title='bbox 1948 4578 2112 4649; x_wconf 88' lang='grc' dir='ltr'>σύνην</span> <span class='ocrx_word' id='word_1_910' title='bbox 2154 4579 2211 4632; x_wconf 85' lang='grc' dir='ltr'>δέ</span> <span class='ocrx_word' id='word_1_911' title='bbox 2244 4577 2388 4646; x_wconf 84' lang='grc' dir='ltr'>λέγω</span> <span class='ocrx_word' id='word_1_912' title='bbox 2424 4575 2523 4646; x_wconf 81' lang='grc' dir='ltr'>τήν</span> <span class='ocrx_word' id='word_1_913' title='bbox 2557 4574 2872 4640; x_wconf 87' lang='grc' dir='ltr'>πλεονεξίας</span> <span class='ocrx_word' id='word_1_914' title='bbox 2918 4572 3184 4642; x_wconf 85' lang='grc' dir='ltr'>καθαράν.</span> <span class='ocrx_word' id='word_1_915' title='bbox 3223 4571 3284 4624; x_wconf 84' lang='grc' dir='ltr'>Εἰ</span> <span class='ocrx_word' id='word_1_916' title='bbox 3317 4568 3428 4640; x_wconf 86' lang='lat'>7&amp;9</span> <span class='ocrx_word' id='word_1_917' title='bbox 3459 4569 3489 4621; x_wconf 79' lang='grc' dir='ltr'><strong>ὁ</strong></span> <span class='ocrx_word' id='word_1_918' title='bbox 3519 4570 3630 4630; x_wconf 88' lang='grc' dir='ltr'>τοῖς</span> 
     </span>
    </p>
   </div>
   <div class='ocr_carea' id='block_1_113' title="bbox 1914 4652 3628 4731">
    <p class='ocr_par' dir='ltr' id='par_1_113' title="bbox 1914 4652 3628 4731">
     <span class='ocr_line' id='line_1_113' title="bbox 1914 4652 3628 4731; baseline -0.008 -16"><span class='ocrx_word' id='word_1_919' title='bbox 1914 4695 1930 4705; x_wconf 85' lang='lat'><strong><em>-</em></strong></span> <span class='ocrx_word' id='word_1_920' title='bbox 1946 4661 2111 4716; x_wconf 78' lang='grc' dir='ltr'>αὐτοῦ</span> <span class='ocrx_word' id='word_1_921' title='bbox 2136 4659 2473 4731; x_wconf 85' lang='grc' dir='ltr'>ἀρκούμενος</span> <span class='ocrx_word' id='word_1_922' title='bbox 2495 4658 2592 4712; x_wconf 74' lang='grc' dir='ltr'>καὶ</span> <span class='ocrx_word' id='word_1_923' title='bbox 2624 4657 2812 4728; x_wconf 84' lang='grc' dir='ltr'>μηδενὶ</span> <span class='ocrx_word' id='word_1_924' title='bbox 2856 4655 3190 4725; x_wconf 79' lang='grc' dir='ltr'>μεταδιδοὺς,</span> <span class='ocrx_word' id='word_1_925' title='bbox 3215 4653 3316 4707; x_wconf 88' lang='grc' dir='ltr'>ούκ</span> <span class='ocrx_word' id='word_1_926' title='bbox 3343 4652 3595 4722; x_wconf 81' lang='grc' dir='ltr'>ἐλεήμων</span> <span class='ocrx_word' id='word_1_927' title='bbox 3615 4667 3628 4680; x_wconf 79' lang='grc' dir='ltr'><strong><em>ο</em></strong></span> 
     </span>
    </p>
   </div>
   <div class='ocr_carea' id='block_1_114' title="bbox 1946 4733 3630 4816">
    <p class='ocr_par' dir='ltr' id='par_1_114' title="bbox 1946 4733 3630 4816">
     <span class='ocr_line' id='line_1_114' title="bbox 1946 4733 3630 4816; baseline -0.008 -18"><span class='ocrx_word' id='word_1_928' title='bbox 1946 4746 1974 4798; x_wconf 90' lang='grc' dir='ltr'>ὁ</span> <span class='ocrx_word' id='word_1_929' title='bbox 2003 4745 2069 4798; x_wconf 83' lang='grc' dir='ltr'>τά</span> <span class='ocrx_word' id='word_1_930' title='bbox 2099 4744 2300 4816; x_wconf 85' lang='grc' dir='ltr'>ἐτέρων</span> <span class='ocrx_word' id='word_1_931' title='bbox 2321 4743 2365 4774; x_wconf 77' lang='grc'>⁸⁸</span> <span class='ocrx_word' id='word_1_932' title='bbox 2399 4741 2692 4813; x_wconf 78' lang='grc' dir='ltr'>λαμϐάνων</span> <span class='ocrx_word' id='word_1_933' title='bbox 2725 4740 2842 4804; x_wconf 89' lang='grc' dir='ltr'>πῶς</span> <span class='ocrx_word' id='word_1_934' title='bbox 2872 4740 3146 4810; x_wconf 79' lang='grc' dir='ltr'>ἐλεήμων,</span> <span class='ocrx_word' id='word_1_935' title='bbox 3185 4735 3289 4791; x_wconf 86' lang='grc' dir='ltr'>κᾶν</span> <span class='ocrx_word' id='word_1_936' title='bbox 3319 4734 3489 4806; x_wconf 90' lang='grc' dir='ltr'>μυρία</span> <span class='ocrx_word' id='word_1_937' title='bbox 3515 4733 3590 4804; x_wconf 83' lang='grc' dir='ltr'>δῷ</span> <span class='ocrx_word' id='word_1_938' title='bbox 3616 4750 3630 4796; x_wconf 77' lang='grc' dir='ltr'>ς</span> 
     </span>
    </p>
   </div>
   <div class='ocr_carea' id='block_1_115' title="bbox 1952 4819 3630 4898">
    <p class='ocr_par' dir='ltr' id='par_1_115' title="bbox 1952 4819 3630 4898">
     <span class='ocr_line' id='line_1_115' title="bbox 1952 4819 3630 4898; baseline -0.008 -15"><span class='ocrx_word' id='word_1_939' title='bbox 1952 4831 2015 4883; x_wconf 85' lang='grc' dir='ltr'>Εἰ</span> <span class='ocrx_word' id='word_1_940' title='bbox 2050 4828 2158 4898; x_wconf 89' lang='lat'>7&amp;9</span> <span class='ocrx_word' id='word_1_941' title='bbox 2202 4827 2266 4881; x_wconf 82' lang='grc' dir='ltr'>τὸ</span> <span class='ocrx_word' id='word_1_942' title='bbox 2317 4825 2612 4881; x_wconf 86' lang='grc' dir='ltr'>ἀπολαύειν</span> <span class='ocrx_word' id='word_1_943' title='bbox 2651 4826 2808 4896; x_wconf 88' lang='grc' dir='ltr'>μόνον</span> <span class='ocrx_word' id='word_1_944' title='bbox 2843 4825 2949 4878; x_wconf 87' lang='grc' dir='ltr'>τῶν</span> <span class='ocrx_word' id='word_1_945' title='bbox 2975 4825 3163 4884; x_wconf 76' lang='grc' dir='ltr'>ὄντων,</span> <span class='ocrx_word' id='word_1_946' title='bbox 3217 4819 3630 4890; x_wconf 83' lang='grc' dir='ltr'>ἀπανθρωπίας,</span> 
     </span>
    </p>
   </div>
   <div class='ocr_carea' id='block_1_116' title="bbox 1954 4901 3631 4983">
    <p class='ocr_par' dir='ltr' id='par_1_116' title="bbox 1954 4901 3631 4983">
     <span class='ocr_line' id='line_1_116' title="bbox 1954 4901 3631 4983; baseline -0.009 -17"><span class='ocrx_word' id='word_1_947' title='bbox 1954 4912 2135 4982; x_wconf 86' lang='grc' dir='ltr'>πολλῷ</span> <span class='ocrx_word' id='word_1_948' title='bbox 2167 4910 2366 4983; x_wconf 81' lang='grc' dir='ltr'>μᾶλλον</span> <span class='ocrx_word' id='word_1_949' title='bbox 2387 4910 2450 4963; x_wconf 86' lang='grc' dir='ltr'>τὸ</span> <span class='ocrx_word' id='word_1_950' title='bbox 2475 4909 2692 4979; x_wconf 86' lang='grc' dir='ltr'>ἐτέρους</span> <span class='ocrx_word' id='word_1_951' title='bbox 2719 4907 3089 4978; x_wconf 87' lang='grc' dir='ltr'>ἀφαιρεῖσθαι.</span> <span class='ocrx_word' id='word_1_952' title='bbox 3108 4907 3170 4958; x_wconf 78' lang='lat' dir='ltr'><strong>El</strong></span> <span class='ocrx_word' id='word_1_953' title='bbox 3193 4906 3241 4957; x_wconf 88' lang='grc' dir='ltr'>οί</span> <span class='ocrx_word' id='word_1_954' title='bbox 3271 4903 3436 4974; x_wconf 80' lang='grc' dir='ltr'>μηδὲν</span> <span class='ocrx_word' id='word_1_955' title='bbox 3449 4901 3631 4967; x_wconf 85' lang='grc' dir='ltr'>ἀδική-</span> 
     </span>
    </p>
   </div>
   <div class='ocr_carea' id='block_1_117' title="bbox 1951 4984 3630 5062">
    <p class='ocr_par' dir='ltr' id='par_1_117' title="bbox 1951 4984 3630 5062">
     <span class='ocr_line' id='line_1_117' title="bbox 1951 4984 3630 5062; baseline -0.01 -12"><span class='ocrx_word' id='word_1_956' title='bbox 1951 5015 2143 5060; x_wconf 86' lang='grc' dir='ltr'>σαντες</span> <span class='ocrx_word' id='word_1_957' title='bbox 2170 4995 2509 5060; x_wconf 77' lang='grc' dir='ltr'>κολάζονται,</span> <span class='ocrx_word' id='word_1_958' title='bbox 2540 4994 2621 5048; x_wconf 76' lang='grc' dir='ltr'>ὅτι</span> <span class='ocrx_word' id='word_1_959' title='bbox 2659 4994 2718 5047; x_wconf 88' lang='grc' dir='ltr'>οὐ</span> <span class='ocrx_word' id='word_1_960' title='bbox 2768 4992 3101 5062; x_wconf 83' lang='grc' dir='ltr'>μετέδωκαν,</span> <span class='ocrx_word' id='word_1_961' title='bbox 3142 4988 3319 5058; x_wconf 80' lang='grc' dir='ltr'>πολλῷ</span> <span class='ocrx_word' id='word_1_962' title='bbox 3350 4985 3549 5055; x_wconf 81' lang='grc' dir='ltr'>μᾶλλον</span> <span class='ocrx_word' id='word_1_963' title='bbox 3583 4984 3630 5035; x_wconf 87' lang='grc' dir='ltr'>οἰ</span> 
     </span>
    </p>
   </div>
   <div class='ocr_carea' id='block_1_118' title="bbox 1952 5067 3632 5151">
    <p class='ocr_par' dir='ltr' id='par_1_118' title="bbox 1952 5067 3632 5151">
     <span class='ocr_line' id='line_1_118' title="bbox 1952 5067 3632 5151; baseline -0.01 -16"><span class='ocrx_word' id='word_1_964' title='bbox 1952 5081 2046 5136; x_wconf 68' lang='grc' dir='ltr'>καὶ</span> <span class='ocrx_word' id='word_1_965' title='bbox 2071 5081 2140 5134; x_wconf 75' lang='grc' dir='ltr'>τὰ</span> <span class='ocrx_word' id='word_1_966' title='bbox 2167 5079 2370 5151; x_wconf 80' lang='grc' dir='ltr'>ἐτέρων</span> <span class='ocrx_word' id='word_1_967' title='bbox 2399 5079 2786 5150; x_wconf 85' lang='grc' dir='ltr'>λαμϐάνοντες.</span> <span class='ocrx_word' id='word_1_968' title='bbox 2818 5075 2909 5144; x_wconf 81' lang='grc' dir='ltr'>Μὴ</span> <span class='ocrx_word' id='word_1_969' title='bbox 2948 5075 3132 5128; x_wconf 86' lang='grc' dir='ltr'>τοίνυν</span> <span class='ocrx_word' id='word_1_970' title='bbox 3153 5074 3314 5126; x_wconf 89' lang='grc' dir='ltr'>τοῦτο</span> <span class='ocrx_word' id='word_1_971' title='bbox 3343 5072 3524 5140; x_wconf 81' lang='grc' dir='ltr'>εἴπῃς,</span> <span class='ocrx_word' id='word_1_972' title='bbox 3545 5067 3632 5151; x_wconf 55' lang='grc' dir='ltr'>δτι</span> 
     </span>
    </p>
   </div>
   <div class='ocr_carea' id='block_1_119' title="bbox 1951 5148 3631 5233">
    <p class='ocr_par' dir='ltr' id='par_1_119' title="bbox 1951 5148 3631 5233">
     <span class='ocr_line' id='line_1_119' title="bbox 1951 5148 3631 5233; baseline -0.011 -15"><span class='ocrx_word' id='word_1_973' title='bbox 1951 5163 2109 5227; x_wconf 84' lang='grc' dir='ltr'>ἀλλος</span> <span class='ocrx_word' id='word_1_974' title='bbox 2139 5148 2413 5233; x_wconf 77' lang='grc' dir='ltr'>ἠδίκηται,</span> <span class='ocrx_word' id='word_1_975' title='bbox 2454 5148 2548 5216; x_wconf 85' lang='grc' dir='ltr'>καί</span> <span class='ocrx_word' id='word_1_976' title='bbox 2586 5160 2745 5224; x_wconf 80' lang='grc' dir='ltr'>ἄλλος</span> <span class='ocrx_word' id='word_1_977' title='bbox 2774 5159 3020 5211; x_wconf 83' lang='grc' dir='ltr'>ἐλεεῖται.</span> <span class='ocrx_word' id='word_1_978' title='bbox 3049 5158 3121 5210; x_wconf 84' lang='grc' dir='ltr'>Τὸ</span> <span class='ocrx_word' id='word_1_979' title='bbox 3147 5155 3256 5225; x_wconf 89' lang='lat'>7&amp;9</span> <span class='ocrx_word' id='word_1_980' title='bbox 3285 5153 3456 5206; x_wconf 76' lang='grc' dir='ltr'>δεινὸν</span> <span class='ocrx_word' id='word_1_981' title='bbox 3475 5148 3631 5204; x_wconf 81' lang='grc' dir='ltr'>τοῦτό</span> 
     </span>
    </p>
   </div>
   <div class='ocr_carea' id='block_1_120' title="bbox 1952 5233 3632 5316">
    <p class='ocr_par' dir='ltr' id='par_1_120' title="bbox 1952 5233 3632 5316">
     <span class='ocr_line' id='line_1_120' title="bbox 1952 5233 3632 5316; baseline -0.009 -15"><span class='ocrx_word' id='word_1_982' title='bbox 1952 5249 2120 5302; x_wconf 78' lang='grc' dir='ltr'>ἐστιν.</span> <span class='ocrx_word' id='word_1_983' title='bbox 2168 5246 2316 5301; x_wconf 83' lang='grc' dir='ltr'>Ἔδει</span> <span class='ocrx_word' id='word_1_984' title='bbox 2375 5246 2484 5316; x_wconf 89' lang='lat'>7&amp;9</span> <span class='ocrx_word' id='word_1_985' title='bbox 2527 5246 2617 5298; x_wconf 75' lang='grc' dir='ltr'>τὸν</span> <span class='ocrx_word' id='word_1_986' title='bbox 2661 5243 3015 5312; x_wconf 89' lang='grc' dir='ltr'>ἀδικούμενον</span> <span class='ocrx_word' id='word_1_987' title='bbox 3053 5239 3212 5295; x_wconf 79' lang='grc' dir='ltr'>αὐτὸν</span> <span class='ocrx_word' id='word_1_988' title='bbox 3243 5234 3381 5290; x_wconf 79' lang='grc' dir='ltr'>εἶναι</span> <span class='ocrx_word' id='word_1_989' title='bbox 3418 5235 3509 5290; x_wconf 71' lang='grc' dir='ltr'>καὶ</span> <span class='ocrx_word' id='word_1_990' title='bbox 3542 5233 3632 5287; x_wconf 74' lang='grc' dir='ltr'>τὸν</span> 
     </span>
    </p>
   </div>
   <div class='ocr_carea' id='block_1_121' title="bbox 1954 5319 3628 5400">
    <p class='ocr_par' dir='ltr' id='par_1_121' title="bbox 1954 5319 3628 5400">
     <span class='ocr_line' id='line_1_121' title="bbox 1954 5319 3628 5400; baseline -0.006 -16"><span class='ocrx_word' id='word_1_991' title='bbox 1954 5329 2300 5400; x_wconf 76' lang='grc' dir='ltr'>ἐλεούμενονο</span> <span class='ocrx_word' id='word_1_992' title='bbox 2362 5329 2480 5383; x_wconf 77' lang='grc' dir='ltr'>νυνὶ</span> <span class='ocrx_word' id='word_1_993' title='bbox 2529 5328 2585 5381; x_wconf 88' lang='grc' dir='ltr'>δέ</span> <span class='ocrx_word' id='word_1_994' title='bbox 2640 5326 2856 5396; x_wconf 86' lang='grc' dir='ltr'>ἐτέρους</span> <span class='ocrx_word' id='word_1_995' title='bbox 2912 5321 3325 5396; x_wconf 79' lang='grc' dir='ltr'>τραυματίζων.</span> <span class='ocrx_word' id='word_1_996' title='bbox 3391 5319 3482 5384; x_wconf 80' lang='grc' dir='ltr'>οῦς</span> <span class='ocrx_word' id='word_1_997' title='bbox 3535 5321 3628 5374; x_wconf 83' lang='grc' dir='ltr'>οὐκ</span> 
     </span>
    </p>
   </div>
   <div class='ocr_carea' id='block_1_122' title="bbox 169 5402 3632 5482">
    <p class='ocr_par' dir='ltr' id='par_1_122' title="bbox 169 5402 3632 5482">
     <span class='ocr_line' id='line_1_122' title="bbox 169 5402 3632 5482; baseline -0.002 -18"><span class='ocrx_word' id='word_1_998' title='bbox 169 5410 306 5465; x_wconf 77' lang='grc' dir='ltr'>ὅταν</span> <span class='ocrx_word' id='word_1_999' title='bbox 327 5408 710 5479; x_wconf 79' lang='grc' dir='ltr'>ἀποθάνωμεν,</span> <span class='ocrx_word' id='word_1_1000' title='bbox 738 5409 861 5465; x_wconf 88' lang='grc' dir='ltr'>τότε</span> <span class='ocrx_word' id='word_1_1001' title='bbox 895 5410 1131 5482; x_wconf 87' lang='grc' dir='ltr'>μάλιστα</span> <span class='ocrx_word' id='word_1_1002' title='bbox 1159 5410 1474 5481; x_wconf 85' lang='grc' dir='ltr'>διαλάμπει.</span> <span class='ocrx_word' id='word_1_1003' title='bbox 1514 5410 1611 5463; x_wconf 74' lang='grc' dir='ltr'>καὶ</span> <span class='ocrx_word' id='word_1_1004' title='bbox 1631 5409 1698 5464; x_wconf 90' lang='grc' dir='ltr'>τά</span> <span class='ocrx_word' id='word_1_1005' title='bbox 1721 5409 1857 5480; x_wconf 80' lang='grc' dir='ltr'>ἔργα</span> <span class='ocrx_word' id='word_1_1006' title='bbox 1955 5411 2364 5482; x_wconf 90' lang='grc' dir='ltr'>ἐτραυμάτισας</span> <span class='ocrx_word' id='word_1_1007' title='bbox 2411 5407 2768 5482; x_wconf 86' lang='grc' dir='ltr'>θεραπεύεις,</span> <span class='ocrx_word' id='word_1_1008' title='bbox 2817 5405 2936 5460; x_wconf 88' lang='grc' dir='ltr'>δέον</span> <span class='ocrx_word' id='word_1_1009' title='bbox 2990 5404 3227 5468; x_wconf 84' lang='grc' dir='ltr'>ἐκείνους</span> <span class='ocrx_word' id='word_1_1010' title='bbox 3286 5402 3632 5475; x_wconf 60' lang='grc' dir='ltr'>θεραπεύειν</span> 
     </span>
    </p>
   </div>
   <div class='ocr_carea' id='block_1_123' title="bbox 173 5490 1854 5567">
    <p class='ocr_par' dir='ltr' id='par_1_123' title="bbox 173 5490 1854 5567">
     <span class='ocr_line' id='line_1_123' title="bbox 173 5490 1854 5567; baseline -0.002 -19"><span class='ocrx_word' id='word_1_1011' title='bbox 173 5494 350 5567; x_wconf 79' lang='grc' dir='ltr'>αὐτῆς</span> <span class='ocrx_word' id='word_1_1012' title='bbox 393 5494 461 5547; x_wconf 78' lang='grc' dir='ltr'>τά</span> <span class='ocrx_word' id='word_1_1013' title='bbox 492 5495 837 5565; x_wconf 89' lang='grc' dir='ltr'>γεγενημένα</span> <span class='ocrx_word' id='word_1_1014' title='bbox 865 5494 1136 5551; x_wconf 81' lang='grc' dir='ltr'>δείκνυσι⁶</span> <span class='ocrx_word' id='word_1_1015' title='bbox 1162 5494 1256 5546; x_wconf 67' lang='grc' dir='ltr'>καί⁵</span> <span class='ocrx_word' id='word_1_1016' title='bbox 1291 5492 1416 5546; x_wconf 87' lang='grc' dir='ltr'>οῦτε</span> <span class='ocrx_word' id='word_1_1017' title='bbox 1458 5493 1677 5563; x_wconf 81' lang='grc' dir='ltr'>χρόνου,</span> <span class='ocrx_word' id='word_1_1018' title='bbox 1731 5490 1854 5546; x_wconf 82' lang='grc' dir='ltr'>οῦτε</span> 
     </span>
    </p>
   </div>
   <div class='ocr_carea' id='block_1_124' title="bbox 1959 5487 3634 5567">
    <p class='ocr_par' dir='ltr' id='par_1_124' title="bbox 1959 5487 3634 5567">
     <span class='ocr_line' id='line_1_124' title="bbox 1959 5487 3634 5567; baseline -0.005 -17"><span class='ocrx_word' id='word_1_1019' title='bbox 1959 5496 2160 5567; x_wconf 77' lang='grc' dir='ltr'>μᾶλλον</span> <span class='ocrx_word' id='word_1_1020' title='bbox 2185 5494 2241 5549; x_wconf 84' lang='grc' dir='ltr'>δὲ</span> <span class='ocrx_word' id='word_1_1021' title='bbox 2272 5495 2406 5567; x_wconf 86' lang='grc' dir='ltr'>μηδὲ</span> <span class='ocrx_word' id='word_1_1022' title='bbox 2432 5491 2842 5566; x_wconf 82' lang='grc' dir='ltr'>τραυματίζειν.</span> <span class='ocrx_word' id='word_1_1023' title='bbox 2875 5489 3258 5561; x_wconf 83' lang='grc' dir='ltr'>Φιλάνθρωπος</span> <span class='ocrx_word' id='word_1_1024' title='bbox 3307 5487 3415 5558; x_wconf 87' lang='lat'>7&amp;9</span> <span class='ocrx_word' id='word_1_1025' title='bbox 3473 5487 3569 5560; x_wconf 84' lang='grc' dir='ltr'>οὐχ</span> <span class='ocrx_word' id='word_1_1026' title='bbox 3607 5490 3634 5542; x_wconf 81' lang='grc' dir='ltr'>δ</span> 
     </span>
    </p>
   </div>
   <div class='ocr_carea' id='block_1_125' title="bbox 245 5581 3634 5665">
    <p class='ocr_par' dir='ltr' id='par_1_125' title="bbox 245 5581 3634 5665">
     <span class='ocr_line' id='line_1_125' title="bbox 245 5581 3634 5665; baseline -0.002 -19"><span class='ocrx_word' id='word_1_1027' title='bbox 245 5591 437 5665; x_wconf 45' lang='grc' dir='ltr'>’ξ-ῖναξ</span> <span class='ocrx_word' id='word_1_1028' title='bbox 463 5593 589 5647; x_wconf 86' lang='lat' dir='ltr'>add.</span> <span class='ocrx_word' id='word_1_1029' title='bbox 631 5593 726 5646; x_wconf 77' lang='grc' dir='ltr'>καὶ</span> <span class='ocrx_word' id='word_1_1030' title='bbox 752 5592 819 5650; x_wconf 79' lang='grc' dir='ltr'>Η.</span> <span class='ocrx_word' id='word_1_1031' title='bbox 849 5592 914 5665; x_wconf 76' lang='grc'>1..</span> <span class='ocrx_word' id='word_1_1032' title='bbox 948 5590 1102 5665; x_wconf 79' lang='grc' dir='ltr'>ὐνην]</span> <span class='ocrx_word' id='word_1_1033' title='bbox 1138 5591 1347 5665; x_wconf 20' lang='grc' dir='ltr'>ῦνινλΚ.</span> <span class='ocrx_word' id='word_1_1034' title='bbox 1397 5591 1628 5665; x_wconf 81' lang='grc' dir='ltr'>σμινύην</span> <span class='ocrx_word' id='word_1_1035' title='bbox 1659 5591 1726 5647; x_wconf 85' lang='grc' dir='ltr'>Η.</span> <span class='ocrx_word' id='word_1_1036' title='bbox 1754 5591 1815 5645; x_wconf 88' lang='lat' dir='ltr'>L.</span> <span class='ocrx_word' id='word_1_1037' title='bbox 1863 5583 2122 5665; x_wconf 60' lang='grc' dir='ltr'>ῇέλεκυν]</span> <span class='ocrx_word' id='word_1_1038' title='bbox 2177 5589 2546 5665; x_wconf 57' lang='grc' dir='ltr'>σκαπάνηνῖλ.</span> <span class='ocrx_word' id='word_1_1039' title='bbox 2625 5589 2671 5665; x_wconf 65' lang='grc' dir='ltr'>’ξ</span> <span class='ocrx_word' id='word_1_1040' title='bbox 2700 5586 2875 5665; x_wconf 74' lang='grc' dir='ltr'>οἰκίαν</span> <span class='ocrx_word' id='word_1_1041' title='bbox 3110 5581 3634 5665; x_wconf 35' lang='grc' dir='ltr'>Μρκκδρυοτομικὴν</span> 
     </span>
    </p>
   </div>
   <div class='ocr_carea' id='block_1_126' title="bbox 176 5661 767 5728">
    <p class='ocr_par' dir='ltr' id='par_1_126' title="bbox 176 5661 767 5728">
     <span class='ocr_line' id='line_1_126' title="bbox 176 5661 767 5728; baseline 0 -10"><span class='ocrx_word' id='word_1_1042' title='bbox 176 5666 246 5718; x_wconf 78' lang='grc' dir='ltr'>Η.</span> <span class='ocrx_word' id='word_1_1043' title='bbox 283 5661 400 5718; x_wconf 80' lang='lat' dir='ltr'><strong>K.&quot;</strong></span> <span class='ocrx_word' id='word_1_1044' title='bbox 423 5661 674 5728; x_wconf 66' lang='grc' dir='ltr'>φανεῖται</span> <span class='ocrx_word' id='word_1_1045' title='bbox 701 5665 767 5718; x_wconf 79' lang='lat' dir='ltr'>ﬂ.</span> 
     </span>
    </p>
   </div>
   <div class='ocr_carea' id='block_1_127' title="bbox 871 5654 1684 5747">
    <p class='ocr_par' dir='ltr' id='par_1_127' title="bbox 871 5654 1684 5747">
     <span class='ocr_line' id='line_1_127' title="bbox 871 5654 1684 5747; baseline 0.001 -31"><span class='ocrx_word' id='word_1_1046' title='bbox 871 5663 918 5696; x_wconf 84' lang='grc'>⁸⁸</span> <span class='ocrx_word' id='word_1_1047' title='bbox 947 5654 1371 5747; x_wconf 46' lang='grc' dir='ltr'>δεῖέέλέτέρρυ</span> <span class='ocrx_word' id='word_1_1048' title='bbox 1405 5654 1561 5747; x_wconf 78' lang='grc' dir='ltr'>χ’ρε</span> <span class='ocrx_word' id='word_1_1049' title='bbox 1585 5654 1684 5747; x_wconf 53' lang='lat' dir='ltr'>&#39;L.“</span> 
     </span>
    </p>
   </div>
   <div class='ocr_carea' id='block_1_128' title="bbox 2005 5654 3633 5747">
    <p class='ocr_par' dir='ltr' id='par_1_128' title="bbox 2005 5654 3633 5747">
     <span class='ocr_line' id='line_1_128' title="bbox 2005 5654 3633 5747; baseline -0.007 -31"><span class='ocrx_word' id='word_1_1050' title='bbox 2005 5681 2024 5747; x_wconf 69' lang='lat' dir='ltr'>L_</span> <span class='ocrx_word' id='word_1_1051' title='bbox 2033 5681 2048 5715; x_wconf 93' lang='grc' dir='ltr'>ι</span> <span class='ocrx_word' id='word_1_1052' title='bbox 2074 5654 2184 5747; x_wconf 39' lang='lat' dir='ltr'>o&#39;l&#39;n“.</span> <span class='ocrx_word' id='word_1_1053' title='bbox 2330 5654 2620 5747; x_wconf 49' lang='lat' dir='ltr'>L‘..BeI-pro</span> <span class='ocrx_word' id='word_1_1054' title='bbox 2649 5659 2819 5747; x_wconf 62' lang='grc' dir='ltr'>δεῖξαι</span> <span class='ocrx_word' id='word_1_1055' title='bbox 2849 5658 3011 5747; x_wconf 52' lang='lat' dir='ltr'>habf&#39;l</span> <span class='ocrx_word' id='word_1_1056' title='bbox 3029 5657 3092 5711; x_wconf 88' lang='lat' dir='ltr'>K.</span> <span class='ocrx_word' id='word_1_1057' title='bbox 3165 5654 3375 5747; x_wconf 48' lang='grc' dir='ltr'>’διΡοεί</span> <span class='ocrx_word' id='word_1_1058' title='bbox 3403 5671 3633 5747; x_wconf 37' lang='lat'>1990.03:-</span> 
     </span>
    </p>
   </div>
   <div class='ocr_carea' id='block_1_129' title="bbox 175 5724 1684 5837">
    <p class='ocr_par' dir='ltr' id='par_1_129' title="bbox 175 5724 1676 5837">
     <span class='ocr_line' id='line_1_129' title="bbox 175 5724 1673 5837; baseline 0.002 -51"><span class='ocrx_word' id='word_1_1059' title='bbox 175 5733 417 5787; x_wconf 82' lang='grc' dir='ltr'>τούντων</span> <span class='ocrx_word' id='word_1_1060' title='bbox 437 5724 604 5824; x_wconf 48' lang='lat' dir='ltr'><strong>vulgo</strong></span> <span class='ocrx_word' id='word_1_1061' title='bbox 630 5734 838 5791; x_wconf 80' lang='lat' dir='ltr'><strong>addunt</strong></span> <span class='ocrx_word' id='word_1_1062' title='bbox 895 5724 1358 5837; x_wconf 73' lang='grc' dir='ltr'>χείρων,’ἰηνῖιίε</span> <span class='ocrx_word' id='word_1_1063' title='bbox 1405 5724 1577 5788; x_wconf 63' lang='grc' dir='ltr'>ἐὀᾶιί.</span> <span class='ocrx_word' id='word_1_1064' title='bbox 1617 5743 1673 5789; x_wconf 69' lang='lat' dir='ltr'>et</span> 
     </span>
     <span class='ocr_line' id='line_1_130' title="bbox 179 5801 1676 5837; baseline 0 0"><span class='ocrx_word' id='word_1_1065' title='bbox 179 5806 227 5837; x_wconf 66' lang='grc' dir='ltr'>Ι.</span> <span class='ocrx_word' id='word_1_1066' title='bbox 256 5801 544 5837; x_wconf 60' lang='grc' dir='ltr'>Ᾱιῖἱλιῒᾶὶὶ</span> <span class='ocrx_word' id='word_1_1067' title='bbox 599 5804 678 5837; x_wconf 63' lang='grc' dir='ltr'>κο.</span> <span class='ocrx_word' id='word_1_1068' title='bbox 743 5805 762 5837; x_wconf 86' lang='grc'><strong>1</strong></span> <span class='ocrx_word' id='word_1_1069' title='bbox 884 5806 905 5837; x_wconf 81' lang='grc' dir='ltr'><strong>Ι</strong></span> <span class='ocrx_word' id='word_1_1070' title='bbox 955 5805 1222 5837; x_wconf 59' lang='grc' dir='ltr'>λιμμα-ι...</span> <span class='ocrx_word' id='word_1_1071' title='bbox 1276 5820 1363 5837; x_wconf 62' lang='lat' dir='ltr'>nni</span> <span class='ocrx_word' id='word_1_1072' title='bbox 1421 5805 1460 5837; x_wconf 72' lang='lat' dir='ltr'><strong>ll</strong></span> <span class='ocrx_word' id='word_1_1073' title='bbox 1529 5803 1554 5837; x_wconf 58' lang='grc' dir='ltr'>Β</span> <span class='ocrx_word' id='word_1_1074' title='bbox 1623 5804 1676 5837; x_wconf 71' lang='grc' dir='ltr'>ἕη</span> 
     </span>
    </p>
   </div>
   <div class='ocr_carea' id='block_1_130' title="bbox 2005 5724 3628 5837">
    <p class='ocr_par' dir='ltr' id='par_1_130' title="bbox 2005 5724 3628 5837">
     <span class='ocr_line' id='line_1_131' title="bbox 2005 5724 3628 5803; baseline -0.006 -16"><span class='ocrx_word' id='word_1_1075' title='bbox 2005 5734 2025 5764; x_wconf 83' lang='grc'><strong><em>³</em></strong></span> <span class='ocrx_word' id='word_1_1076' title='bbox 2068 5731 2266 5803; x_wconf 75' lang='grc' dir='ltr'>μάζαν]</span> <span class='ocrx_word' id='word_1_1077' title='bbox 2319 5731 2443 5785; x_wconf 85' lang='lat' dir='ltr'>add.</span> <span class='ocrx_word' id='word_1_1078' title='bbox 2481 5724 2647 5799; x_wconf 80' lang='grc' dir='ltr'>ἄρτου</span> <span class='ocrx_word' id='word_1_1079' title='bbox 2709 5728 2842 5783; x_wconf 83' lang='lat' dir='ltr'>Edd.</span> <span class='ocrx_word' id='word_1_1080' title='bbox 2883 5729 3035 5782; x_wconf 81' lang='lat' dir='ltr'><strong>nullo</strong></span> <span class='ocrx_word' id='word_1_1081' title='bbox 3083 5726 3377 5781; x_wconf 62' lang='lat' dir='ltr'>accedente</span> <span class='ocrx_word' id='word_1_1082' title='bbox 3425 5724 3628 5778; x_wconf 78' lang='lat' dir='ltr'>codice.</span> 
     </span>
     <span class='ocr_line' id='line_1_132' title="bbox 2005 5793 3628 5837; baseline 0 0"><span class='ocrx_word' id='word_1_1083' title='bbox 2005 5821 2010 5837; x_wconf 70' lang='grc' dir='ltr'>ι</span> <span class='ocrx_word' id='word_1_1084' title='bbox 2101 5804 2146 5833; x_wconf 62' lang='lat' dir='ltr'>IS</span> <span class='ocrx_word' id='word_1_1085' title='bbox 2178 5805 2370 5837; x_wconf 58' lang='lat' dir='ltr'>unm—c7</span> <span class='ocrx_word' id='word_1_1086' title='bbox 2393 5800 2429 5837; x_wconf 88' lang='grc' dir='ltr'><strong>ΙΙ</strong></span> <span class='ocrx_word' id='word_1_1087' title='bbox 2529 5802 2574 5832; x_wconf 69' lang='lat' dir='ltr'><strong>ﬂ</strong></span> <span class='ocrx_word' id='word_1_1088' title='bbox 2617 5799 3016 5837; x_wconf 61' lang='grc' dir='ltr'>Χοηλᾶηηγηυη-ερ·</span> <span class='ocrx_word' id='word_1_1089' title='bbox 3063 5799 3103 5837; x_wconf 80' lang='lat' dir='ltr'><strong>H</strong></span> <span class='ocrx_word' id='word_1_1090' title='bbox 3205 5797 3248 5827; x_wconf 70' lang='grc' dir='ltr'>*θ</span> <span class='ocrx_word' id='word_1_1091' title='bbox 3283 5793 3534 5837; x_wconf 70' lang='grc' dir='ltr'>ἑνωέηςιν</span> <span class='ocrx_word' id='word_1_1092' title='bbox 3564 5795 3628 5837; x_wconf 80' lang='grc' dir='ltr'>Π-</span> 
     </span>
    </p>
   </div>
   <div class='ocr_carea' id='block_1_131' title="bbox 179 5801 805 5873">
    <p class='ocr_par' dir='ltr' id='par_1_131' title="bbox 179 5801 805 5873">
     <span class='ocr_line' id='line_1_133' title="bbox 179 5801 805 5873; baseline 0 -17"><span class='ocrx_word' id='word_1_1093' title='bbox 179 5806 227 5837; x_wconf 77' lang='grc'><strong><em>³⁸</em></strong></span> <span class='ocrx_word' id='word_1_1094' title='bbox 253 5801 424 5873; x_wconf 56' lang='lat' dir='ltr'><strong>mea</strong></span> <span class='ocrx_word' id='word_1_1095' title='bbox 453 5801 566 5855; x_wconf 78' lang='grc' dir='ltr'>ἀλλ⁶</span> <span class='ocrx_word' id='word_1_1096' title='bbox 599 5804 682 5856; x_wconf 83' lang='grc' dir='ltr'>ὅτι</span> <span class='ocrx_word' id='word_1_1097' title='bbox 743 5805 805 5858; x_wconf 86' lang='lat' dir='ltr'>L.</span> 
     </span>
    </p>
   </div>
   <div class='ocr_carea' id='block_1_132' title="bbox 179 5873 1684 5948">
    <p class='ocr_par' dir='ltr' id='par_1_132' title="bbox 179 5873 1684 5948">
     <span class='ocr_line' id='line_1_134' title="bbox 179 5873 1684 5948; baseline 0 -20"><span class='ocrx_word' id='word_1_1098' title='bbox 179 5875 223 5908; x_wconf 81' lang='grc'>⁶¹</span> <span class='ocrx_word' id='word_1_1099' title='bbox 255 5873 558 5948; x_wconf 67' lang='grc' dir='ltr'>οἰχήσεταιΔ</span> <span class='ocrx_word' id='word_1_1100' title='bbox 591 5873 726 5929; x_wconf 83' lang='lat' dir='ltr'>Edd.</span> <span class='ocrx_word' id='word_1_1101' title='bbox 817 5876 862 5948; x_wconf 55' lang='grc' dir='ltr'>ξ’</span> <span class='ocrx_word' id='word_1_1102' title='bbox 883 5875 1047 5948; x_wconf 69' lang='grc' dir='ltr'>οὓτω]</span> <span class='ocrx_word' id='word_1_1103' title='bbox 1081 5877 1173 5929; x_wconf 69' lang='grc' dir='ltr'>καὶ</span> <span class='ocrx_word' id='word_1_1104' title='bbox 1205 5874 1264 5931; x_wconf 85' lang='lat' dir='ltr'>L.</span> <span class='ocrx_word' id='word_1_1105' title='bbox 1308 5874 1451 5948; x_wconf 78' lang='grc' dir='ltr'>οῦτω</span> <span class='ocrx_word' id='word_1_1106' title='bbox 1490 5875 1586 5928; x_wconf 73' lang='grc' dir='ltr'>καὶ</span> <span class='ocrx_word' id='word_1_1107' title='bbox 1616 5874 1684 5928; x_wconf 79' lang='grc' dir='ltr'>Μ.</span> 
     </span>
    </p>
   </div>
   <div class='ocr_carea' id='block_1_133' title="bbox 954 5799 1684 5872">
    <p class='ocr_par' dir='ltr' id='par_1_133' title="bbox 954 5799 1676 5859">
     <span class='ocr_line' id='line_1_135' title="bbox 954 5799 1676 5859; baseline -0.001 -1"><span class='ocrx_word' id='word_1_1108' title='bbox 954 5799 1222 5858; x_wconf 85' lang='grc' dir='ltr'>ἀθάνατον</span> <span class='ocrx_word' id='word_1_1109' title='bbox 1276 5820 1384 5859; x_wconf 90' lang='lat' dir='ltr'>om.</span> <span class='ocrx_word' id='word_1_1110' title='bbox 1421 5805 1484 5858; x_wconf 83' lang='lat' dir='ltr'>K.</span> <span class='ocrx_word' id='word_1_1111' title='bbox 1527 5803 1586 5857; x_wconf 63' lang='grc' dir='ltr'>ἰ..</span> <span class='ocrx_word' id='word_1_1112' title='bbox 1623 5804 1676 5857; x_wconf 84' lang='grc' dir='ltr'>ἰη</span> 
     </span>
    </p>
   </div>
   <div class='ocr_carea' id='block_1_134' title="bbox 2005 5799 3125 5872">
    <p class='ocr_par' dir='ltr' id='par_1_134' title="bbox 2005 5799 3125 5872">
     <span class='ocr_line' id='line_1_136' title="bbox 2005 5799 3125 5872; baseline -0.002 -20"><span class='ocrx_word' id='word_1_1113' title='bbox 2005 5821 2031 5856; x_wconf 77' lang='grc' dir='ltr'>ι.</span> <span class='ocrx_word' id='word_1_1114' title='bbox 2069 5799 2146 5833; x_wconf 73' lang='grc'>’⁸⁸</span> <span class='ocrx_word' id='word_1_1115' title='bbox 2178 5799 2454 5872; x_wconf 51' lang='grc' dir='ltr'>κρατεῖίνΙ.</span> <span class='ocrx_word' id='word_1_1116' title='bbox 2517 5802 2574 5872; x_wconf 15' lang='lat'><strong>7”</strong></span> <span class='ocrx_word' id='word_1_1117' title='bbox 2617 5799 3016 5872; x_wconf 82' lang='grc' dir='ltr'>διαλάμποντες</span> <span class='ocrx_word' id='word_1_1118' title='bbox 3061 5799 3125 5851; x_wconf 83' lang='lat' dir='ltr'>H.</span> 
     </span>
    </p>
   </div>
   <div class='ocr_carea' id='block_1_135' title="bbox 3205 5793 3632 5864">
    <p class='ocr_par' dir='ltr' id='par_1_135' title="bbox 3205 5793 3632 5864">
     <span class='ocr_line' id='line_1_137' title="bbox 3205 5793 3632 5864; baseline 0.007 -18"><span class='ocrx_word' id='word_1_1119' title='bbox 3205 5797 3248 5827; x_wconf 85' lang='lat'>‘°</span> <span class='ocrx_word' id='word_1_1120' title='bbox 3283 5793 3534 5864; x_wconf 82' lang='grc' dir='ltr'>ἐκφέρειν</span> <span class='ocrx_word' id='word_1_1121' title='bbox 3563 5795 3632 5850; x_wconf 83' lang='grc' dir='ltr'>Π.</span> 
     </span>
    </p>
   </div>
   <div class='ocr_carea' id='block_1_136' title="bbox 1795 5864 3598 5954">
    <p class='ocr_par' dir='ltr' id='par_1_136' title="bbox 1795 5864 3598 5954">
     <span class='ocr_line' id='line_1_138' title="bbox 1795 5864 3598 5954; baseline -0.004 -29"><span class='ocrx_word' id='word_1_1122' title='bbox 1795 5875 1839 5906; x_wconf 77' lang='grc'>⁵³</span> <span class='ocrx_word' id='word_1_1123' title='bbox 1870 5873 1989 5954; x_wconf 70' lang='grc' dir='ltr'>καὶ]</span> <span class='ocrx_word' id='word_1_1124' title='bbox 2025 5876 2073 5927; x_wconf 84' lang='grc' dir='ltr'>οἱ</span> <span class='ocrx_word' id='word_1_1125' title='bbox 2112 5876 2176 5954; x_wconf 59' lang='lat' dir='ltr'>H:</span> <span class='ocrx_word' id='word_1_1126' title='bbox 2206 5864 2302 5954; x_wconf 45' lang='grc' dir='ltr'>’καὶ</span> <span class='ocrx_word' id='word_1_1127' title='bbox 2331 5873 2384 5954; x_wconf 67' lang='grc' dir='ltr'>οἱ</span> <span class='ocrx_word' id='word_1_1128' title='bbox 2413 5872 2475 5926; x_wconf 84' lang='grc' dir='ltr'>Κ.</span> <span class='ocrx_word' id='word_1_1129' title='bbox 2508 5871 2702 5954; x_wconf 53' lang='grc' dir='ltr'>ἰηκαὶ</span> <span class='ocrx_word' id='word_1_1130' title='bbox 2731 5864 3012 5954; x_wconf 64' lang='grc' dir='ltr'>συγγενεῖς</span> <span class='ocrx_word' id='word_1_1131' title='bbox 3068 5864 3598 5954; x_wconf 43' lang='grc' dir='ltr'>’προσήκοχταςηὸδν</span> 
     </span>
    </p>
   </div>
   <div class='ocr_carea' id='block_1_137' title="bbox 183 5933 1684 6017">
    <p class='ocr_par' dir='ltr' id='par_1_137' title="bbox 183 5933 1684 6017">
     <span class='ocr_line' id='line_1_139' title="bbox 183 5933 1684 6017; baseline 0.003 -22"><span class='ocrx_word' id='word_1_1132' title='bbox 183 5933 466 6017; x_wconf 59' lang='grc' dir='ltr'>μνορῖηρᾳί</span> <span class='ocrx_word' id='word_1_1133' title='bbox 485 5943 650 6017; x_wconf 59' lang='lat' dir='ltr'><strong>fliam</strong></span> <span class='ocrx_word' id='word_1_1134' title='bbox 666 5961 730 6000; x_wconf 83' lang='lat' dir='ltr'><strong>ac</strong></span> <span class='ocrx_word' id='word_1_1135' title='bbox 760 5933 1073 6017; x_wconf 23' lang='grc' dir='ltr'>οῆῖιιεξρςμϐιὲζ</span> <span class='ocrx_word' id='word_1_1136' title='bbox 1095 5955 1142 6017; x_wconf 67' lang='grc' dir='ltr'>εἰ</span> <span class='ocrx_word' id='word_1_1137' title='bbox 1163 5946 1372 6017; x_wconf 66' lang='grc' dir='ltr'>ροῃηαιί</span> <span class='ocrx_word' id='word_1_1138' title='bbox 1395 5953 1649 6017; x_wconf 77' lang='lat' dir='ltr'>_cognalos</span> <span class='ocrx_word' id='word_1_1139' title='bbox 1674 5961 1684 5999; x_wconf 68' lang='grc' dir='ltr'><em>Α</em></span> 
     </span>
    </p>
   </div>
   <div class='ocr_carea' id='block_1_138' title="bbox 2005 5933 3631 6017">
    <p class='ocr_par' dir='ltr' id='par_1_138' title="bbox 2005 5933 3631 6017">
     <span class='ocr_line' id='line_1_140' title="bbox 2005 5933 3631 6017; baseline -0.004 -19"><span class='ocrx_word' id='word_1_1140' title='bbox 2005 5943 2174 6017; x_wconf 65' lang='grc' dir='ltr'>ὒτοῦς]</span> <span class='ocrx_word' id='word_1_1141' title='bbox 2205 5934 2296 5999; x_wconf 76' lang='lat' dir='ltr'>Sic</span> <span class='ocrx_word' id='word_1_1142' title='bbox 2331 5942 2386 5998; x_wconf 82' lang='grc' dir='ltr'>ι..</span> <span class='ocrx_word' id='word_1_1143' title='bbox 2415 5943 2594 5997; x_wconf 72' lang='lat' dir='ltr'>(&#39;a‘lcri</span> <span class='ocrx_word' id='word_1_1144' title='bbox 2627 5933 2859 6005; x_wconf 71' lang='grc' dir='ltr'>ἑαυτούς’</span> <span class='ocrx_word' id='word_1_1145' title='bbox 2888 5957 2940 6012; x_wconf 70' lang='grc' dir='ltr'>[ι.</span> <span class='ocrx_word' id='word_1_1146' title='bbox 2977 5957 3028 6010; x_wconf 86' lang='lat' dir='ltr'>p.</span> <span class='ocrx_word' id='word_1_1147' title='bbox 3058 5933 3281 6009; x_wconf 76' lang='grc' dir='ltr'>ἄγωμεν</span> <span class='ocrx_word' id='word_1_1148' title='bbox 3309 5935 3374 5988; x_wconf 82' lang='lat' dir='ltr'>ﬂ.</span> <span class='ocrx_word' id='word_1_1149' title='bbox 3453 5935 3498 5968; x_wconf 77' lang='lat'><strong>&quot;</strong></span> <span class='ocrx_word' id='word_1_1150' title='bbox 3539 5933 3631 5991; x_wconf 80' lang='grc' dir='ltr'>τοῦ</span> 
     </span>
    </p>
   </div>
   <div class='ocr_carea' id='block_1_139' title="bbox 182 6010 1858 6087">
    <p class='ocr_par' dir='ltr' id='par_1_139' title="bbox 182 6010 1858 6087">
     <span class='ocr_line' id='line_1_141' title="bbox 182 6010 1858 6087; baseline -0.001 -17"><span class='ocrx_word' id='word_1_1151' title='bbox 182 6010 368 6078; x_wconf 80' lang='grc' dir='ltr'>ἐλέους</span> <span class='ocrx_word' id='word_1_1152' title='bbox 390 6010 460 6068; x_wconf 81' lang='grc' dir='ltr'>Η.</span> <span class='ocrx_word' id='word_1_1153' title='bbox 482 6010 546 6068; x_wconf 90' lang='lat' dir='ltr'>L.</span> <span class='ocrx_word' id='word_1_1154' title='bbox 578 6011 697 6071; x_wconf 83' lang='lat' dir='ltr'>Mox</span> <span class='ocrx_word' id='word_1_1155' title='bbox 731 6010 1010 6087; x_wconf 76' lang='grc' dir='ltr'>ἡγούμεθα</span> <span class='ocrx_word' id='word_1_1156' title='bbox 1037 6015 1099 6074; x_wconf 87' lang='lat' dir='ltr'>G.</span> <span class='ocrx_word' id='word_1_1157' title='bbox 1131 6016 1200 6070; x_wconf 85' lang='lat' dir='ltr'>M.</span> <span class='ocrx_word' id='word_1_1158' title='bbox 1226 6010 1246 6017; x_wconf 70' lang='grc'>⁷</span> <span class='ocrx_word' id='word_1_1159' title='bbox 1275 6017 1318 6047; x_wconf 71' lang='grc'><strong>⁸⁸</strong></span> <span class='ocrx_word' id='word_1_1160' title='bbox 1352 6015 1418 6070; x_wconf 80' lang='grc' dir='ltr'>τὰ</span> <span class='ocrx_word' id='word_1_1161' title='bbox 1450 6010 1555 6069; x_wconf 79' lang='grc' dir='ltr'>τῶν</span> <span class='ocrx_word' id='word_1_1162' title='bbox 1590 6016 1666 6069; x_wconf 82' lang='grc' dir='ltr'>ἐτ.</span> <span class='ocrx_word' id='word_1_1163' title='bbox 1709 6014 1772 6070; x_wconf 86' lang='lat' dir='ltr'>G.</span> <span class='ocrx_word' id='word_1_1164' title='bbox 1795 6013 1858 6068; x_wconf 82' lang='grc' dir='ltr'>Κ.</span> 
     </span>
    </p>
   </div>
  </div>
