3916 6344
345 278 451 343 5‘25

335 401 588 473 πλήττων
615 396 709 452 καὶ
741 395 1080 468 θεραπεύων,
1111 396 1224 451 ἀλλ’
1254 400 1282 452 ὁ
1318 401 1445 464 τοὺς
1480 401 1608 472 παρ’
1642 402 1844 474 ἐτέρων
1876 403 2014 474 πλη-

338 487 533 558 γέντας
567 486 813 557 ἰώμενος.
843 484 924 538 Τά
947 484 1146 538 σαυτοῦ
1179 485 1359 540 τοίνυν
1393 488 1541 543 ῖασαι
1576 489 1754 554 κακά,
1793 491 1924 560 μὴ⁶’
1953 490 2021 544 τὰ

342 576 560 648 ἑτέρου·
606 574 808 646 μᾶλλον
838 573 896 627 δὲ
938 573 1073 645 μηδὲ
1105 574 1328 644 πλῆττε,
1351 576 1486 645 μηδὲ
1517 577 1820 632 κατάϐαλλε
1843 578 2022 648 (τοῦτο

341 665 453 734 γάρ
501 663 785 729 παίζοντός
822 662 1052 732 ἐστιν),
1091 661 1206 716 ἀλλ’
1239 663 1544 735 άνάστησον
1585 665 1710 728 τοὺς
1749 665 2022 738 καταϐλη-

343 754 555 817 θέντας.
591 752 724 806 Ούδέ
752 749 862 822 γάρ
889 751 1114 805 δυνατὸν
1163 749 1240 820 τῷ
1265 750 1414 821 αύτῷ
1445 751 1628 822 μέτρῳ
1675 753 1774 822 τῆς
1794 753 2022 824 ἐλεημο-

343 841 510 913 σύνης
547 838 882 910 θεραπεῦσαι
929 837 988 892 τὸ
1029 837 1137 891 ἀπὸ
1180 837 1283 907 τῆς
1343 839 1654 903 πλεονεξίας
1694 840 1882 895 κακόν.
1923 843 2020 896 Ἂν

344 931 455 1000 γὰρ
483 929 884 998 πλεονεκτήσῃς
916 925 1121 992 ὀϐολὸν,
1162 927 1262 980 ούκ
1303 926 1490 980 ὀϐολοῦ
1532 945 1616 981 σοι
1643 928 1724 981 δεῖ
1751 929 1913 982 πάλιν
1941 931 2020 993 εἰς

344 1014 736 1085 ἐλεημοσύνην,
772 1015 860 1068 ἵνα
905 1013 1100 1084 ἀνέλῃς
1123 1013 1185 1067 τὸ
1219 1014 1328 1068 ἀπὸ
1366 1017 1466 1084 τῆς
1500 1015 1812 1080 πλεονεξίας
1839 1016 2017 1081 ἐλκος,

342 1102 481 1155 ἀλλά
503 1101 790 1156 ταλάντου.
825 1100 924 1156 Διά
947 1100 1108 1154 τοῦτο
1128 1102 1156 1154 ὁ
1175 1100 1410 1173 κλέπτης
1440 1102 1600 1166 ἀλοὺς
1626 1102 2021 1175 τετραπλάσιον

343 1189 696 1244 καταϐάλλει·
722 1187 816 1242 τοῦ
841 1188 897 1242 δὲ
927 1187 1249 1252 κλέπτοντος
1274 1193 1303 1244 ὁ
1325 1191 1588 1260 ἁρπάζων
1618 1192 1835 1264 χείρων.
1873 1192 1934 1243 Εἰ
1963 1192 2020 1244 δὲ

343 1279 548 1331 ἐκεῖνον
575 1275 1008 1346 τετραπλασίονα
1051 1276 1233 1330 δοῦναι
1261 1278 1344 1331 δεῖ
1367 1272 1441 1332 ὧν
1466 1278 1680 1348 ἔκλεψε,
1716 1278 1808 1332 τὸν
1845 1279 2022 1350 ἀρπά-

342 1365 504 1429 ζοντα
531 1363 930 1419 δεκαπλασίονα
955 1365 1053 1418 καὶ
1083 1365 1261 1436 πολλῷ
1309 1366 1472 1420 πλέον
1489 1383 1504 1398 ·
1530 1369 1624 1422 καὶ
1649 1367 1932 1438 ἀγαπητὸν
1963 1365 2022 1418 τὸ

343 1454 441 1507 xal
471 1452 616 1506 οὓτω
643 1453 938 1524 δυνηθῆναι
967 1453 1067 1524 τὴν
1095 1454 1312 1509 ἀδικίαν
1353 1457 1762 1521 ἐξιλεὼσασθαι·
1801 1459 2025 1528 ἐλεημο-

343 1540 511 1612 σύνης
542 1541 652 1613 γὰρ
690 1541 810 1595 ούδέ
1001 1541 1120 1595 τότε
1151 1541 1379 1614 λήψεται
1416 1545 1647 1615 καρπόν.
1671 1547 1768 1601 Διά
1806 1546 1964 1600 τοῦτο
1997 1548 2026 1600 ὁ

350 1631 643 1699 Ζακχαῖος,
673 1630 988 1692 Ἃποτίσω,
1014 1630 1196 1700 φησὶν.
1221 1625 1308 1684 ὧν
1325 1631 1796 1702 ἐσυκοφάντησα
1823 1653 2026 1705 τετρα-

344 1717 669 1780 πλασιόνα,
689 1716 785 1770 καί
805 1715 878 1771 τὰ
895 1716 1085 1787 ἡμίση
1107 1717 1224 1772 τῶν
1243 1719 1636 1789 ὑπαρχόντων
1647 1739 1768 1790 μου
1787 1722 1830 1756 ⁶⁹
1852 1723 2027 1778 δώσω

344 1805 620 1874 πτωχοῖς.
654 1805 717 1859 Εἰ
738 1805 794 1858 δὲ
839 1806 898 1859 ἐν
937 1805 1015 1876 τῷ
1043 1807 1193 1878 νόμῳ
1226 1809 1660 1880 τετραπλασίονα
1699 1811 1884 1866 δοῦναι
1926 1813 2025 1877 δεῖ,

343 1891 526 1964 πολλῷ
562 1893 763 1963 μᾶλλον
795 1895 854 1947 ἐν
882 1897 946 1965 τῇ
978 1895 1196 1966 χάριτι·
1234 1896 1281 1949 εἰ
1335 1896 1427 1949 τὸν
1475 1897 1798 1965 κλέπτοντα,
1846 1900 2028 1972 πολλῷ

347 1979 549 2051 μᾶλλον
568 1981 660 2034 τὸν
692 1981 1026 2053 ἁρπάζοντα.
1076 1982 1231 2036 Μετά
1261 1983 1369 2055 γάρ
1400 1985 1498 2054 τῆς
1547 1986 1752 2055 ζημίας
1788 1987 2026 2042 ἐνταῦθα

347 2060 444 2130 καὶ
492 2070 525 2139 ἠ
556 2068 713 2141 ῦϐρις
741 2070 931 2141 πολλή.
975 2071 1136 2124 ’Ὥστε
1175 2073 1281 2125 κᾶν
1329 2073 1858 2130 ἑκατονταπλασίονα
1895 2076 2024 2148 δῷς,

348 2154 562 2226 οὐδέπω
592 2157 654 2210 τὸ
690 2159 798 2211 πᾶν
851 2158 1134 2222 ἔδωκαςτθ.
1177 2161 1341 2230 Ὁρᾷς
1380 2160 1456 2224 ὼς
1491 2161 1552 2215 ού
1614 2162 1790 2234 μάτην
1820 2163 2026 2234 ἔλεγον,

350 2240 468 2310 ῌΞιν
486 2242 532 2273 ⁷³
571 2241 757 2296 ὀϐολὸν
790 2244 1046 2315 ἀρπάσῃς
1081 2245 1172 2298 καὶ
1208 2245 1464 2299 τάλαντον
1491 2247 1720 2320 ἐπιδῷς,
1753 2249 1906 2319 μόλις
1936 2252 2029 2304 καὶ

1122 286 1181 340 S.
1224 284 1511 390 JOAN'NIS
1549 285 2041 343 CIIRYSOSTOMI
2078 287 2401 343 ARCHIEP.
2443 288 2996 346 CONSTANTINOP.

3701 291 3810 346 5‘26

2124 401 2267 456 οὕτω
2291 403 2640 475 θεραπεύεις;
2671 404 2736 458 Εἰ
2766 405 2824 458 δὲ
2852 403 3008 458 τοῦτο
3040 404 3227 467 ποιῶν,
3256 405 3430 475 μόλις·
3480 405 3611 458 ὅταν
3655 405 3812 459 ἀντι-

2126 489 2364 560 στρέψῃς
2383 491 2483 563 τὴν
2511 490 2686 556 τάξιν,
2706 491 2801 544 καὶ
2825 491 3077 564 ἀρπάσῃς
3105 490 3205 562 μὲν
3229 491 3416 554 οὐσίας
3447 491 3648 561 ὁλοκλή
3659 508 3811 560 ρους,

2124 575 2279 644 ὀλίγα
2301 577 2356 629 δὲ
2386 579 2676 650 παράσχῃς
2695 619 2710 645 ,
2753 577 2849 632 καὶ
2885 579 3017 650 μηδὲ
3052 579 3279 642 ἐκείνοις
3305 581 3418 642 τοῖς
3441 578 3811 649 ἀδικηθεῖσιν,

2125 661 2236 715 ἀλλ’
2265 665 2470 736 ἑτέροις
2507 666 2622 720 ἀντ’
2654 655 2894 732 ἐκείνων,
2936 667 3093 720 ποίαν
3125 666 3266 732 ἕξεις
3298 666 3634 735 ἀπολογίαν;
3686 667 3812 719 τίνα

2129 750 2488 823 συγγνώμην;
2541 753 2698 807 ποίαν
2758 755 3032 826 σωτηρίας
3083 755 3312 822 ἐλπίδα;
3373 755 3561 808 Βούλει
3611 755 3813 825 μαθεῖν

2126 840 2248 893 ὅσον
2270 842 2480 915 ἐργάζῃ
2513 843 2680 896 κακὸν
2711 843 2885 907 οὕτως
2906 843 3110 909 ἐλεῶν;
3148 846 3415 898 Ἀκουσον
3441 846 3544 914 τῆς
3574 844 3813 916 Γραφῇ

2125 928 2386 1000 λεγούσης
2405 946 2421 961 ·
2457 931 2554 996 Ὠς
2599 933 2633 985 ό
2674 931 3022 986 ἁποκτένων
3055 931 3165 986 τὸν
3187 931 3235 964 ⁸⁸
3271 934 3406 986 υἱὸν
3457 932 3813 1000 ἔμπροσθε-ο·

2125 1017 2234 1072 τοῦ
2263 1017 2486 1085 πατρὸς
2523 1017 2732 1084 αὑτοῦ,
2765 1020 2954 1086 οὕτως
3004 1023 3038 1075 ό
3092 1020 3418 1089 προσάγων
3461 1021 3697 1074 θυσίαν
3739 1019 3812 1072 ἐκ

2128 1105 2445 1175 χρημάτων
2467 1107 2762 1173 πενήτων.
2786 1107 3002 1180 Ταύτην
3029 1110 3207 1162 τοίνυν
3226 1109 3326 1178 τὴν
3353 1108 3586 1179 ἀπειλὴν
3605 1109 3814 1178 ἐγγρά-

2125 1194 2325 1263 ψαντες
2367 1197 2434 1265 τῇ
2473 1195 2702 1267 διανοίᾳ,
2755 1196 3095 1267 ἀπέλθωμεν·
3126 1195 3328 1268 ταύτην
3351 1198 3409 1250 ἐν
3434 1198 3546 1260 τοῖς
3577 1196 3811 1264 τοίχοις,

2127 1280 2330 1352 ταύτην
2370 1283 2427 1334 ἐν
2451 1283 2573 1346 ταῖς
2625 1283 2804 1354 χερσὶ,
2827 1282 3028 1354 ταύτην
3057 1285 3117 1336 ἐν
3162 1283 3240 1353 τῷ
3274 1282 3554 1341 συνειδότι,
3599 1282 3816 1352 ταύτην

2128 1369 2402 1439 πανταχοῦ
2423 1385 2438 1400 ·
2475 1370 2560 1422 ἵνα
2596 1369 2697 1424 κᾶν
2727 1372 2756 1424 ὁ
2792 1371 2953 1439 φόϐος
2980 1365 3133 1434 οὗτος
3161 1370 3426 1440 ἀκμάζων
3459 1367 3623 1440 ήμῶν
3650 1371 3710 1422 ἐν
3741 1373 3811 1440 τῇ

2127 1457 2334 1528 διανοίᾳ
2373 1457 2558 1529 κωλύῃ
2607 1459 2705 1521 τὰς
2742 1460 2928 1529 χεῖρας
2958 1459 3115 1529 ἡμῶν
3167 1458 3552 1529 καθημερινῶν
3602 1457 3809 1527 φόνων.

2128 1547 2294 1598 Φόνου
2311 1545 2417 1615 γάρ
2439 1545 2661 1617 ἁρπαγὴ
2684 1546 3080 1617 χαλεπώτερον,
3098 1546 3237 1600 κατά
3260 1548 3454 1616 μικρὸν
3481 1544 3574 1598 τὸν
3598 1546 3814 1614 πένητα

2131 1633 2514 1688 ἀναλίσκουσα.
2567 1632 2663 1686 ⁹ἰν’
2706 1629 2800 1688 οὖν
2849 1633 3245 1705 καθαρεύωμεν
3285 1633 3380 1686 τοῦ
3416 1633 3732 1704 μιάσματος
3765 1633 3814 1663 ’³

2131 1722 2341 1783 τούτου,
2377 1720 2687 1792 μελετῶμεν
2713 1723 2806 1776 καί
2839 1723 2972 1794 πρὸς
2999 1723 3222 1786 ἑαυτοὺς
3253 1722 3510 1792 καὶπρὸς
3539 1722 3816 1793 ἀλλήλους

2131 1811 2325 1863 ταῦτα.
2353 1809 2509 1862 υῦτω
2525 1810 2631 1881 γάρ
2663 1811 2756 1865 καὶ
2790 1811 2925 1881 πρὸς
2950 1811 3096 1864 ἔλεον
3123 1811 3357 1881 ἐσόμεθα
3377 1810 3816 1882 προθυμότεροι,

2129 1899 2225 1951 καὶ
2259 1897 2533 1968 καθαροὺς
2558 1898 2683 1961 τοῦς
2714 1897 2807 1951 ἐπὶ
2837 1898 3007 1970 ταύτῃ
3042 1898 3326 1970 ληψόμεθα
3355 1899 3581 1970 μισθοὺς
3604 1899 3681 1962 ’⁸,
3717 1900 3817 1950 καὶ

2125 1985 2236 2039 τῶν
2263 1985 2498 2040 αἰωνίων
2549 1985 2928 2056 ἀπολαύσομεν
2980 1986 3222 2054 ἀγαθῶν,
3265 1987 3448 2058 χάριτι
3481 1987 3577 2039 καὶ
3613 1987 3815 2054 φιλανο

2131 2073 2349 2144 θρωπίᾳ.
2388 2072 2479 2127 τοῦ
2510 2073 2714 2144 Κυρίου
2743 2073 2898 2144 ἡμῶν
2941 2073 3116 2145 Ἰησοῦ
3141 2074 3400 2145 Χριστοῦ,
3429 2068 3473 2144 ᾧ
3498 2077 3533 2146 ἡ
3566 2075 3698 2141 δόξα
3721 2076 3818 2127 καὶ

2130 2162 2192 2215 τὸ
2214 2162 2416 2231 κράτος
2447 2162 2544 2216 σῦν
2599 2161 2676 2233 τῷ
2707 2165 2882 2236 Πατρὶ
2933 2165 3027 2218 καὶ
3058 2163 3137 2234 τῷ
3170 2164 3308 2236 ἁγίῳ
3362 2162 3675 2233 Πνεύματι,
3718 2161 3817 2214 νῦν

2134 2249 2230 2304 καὶ
2255 2251 2341 2304 ἀεὶ
2372 2251 2467 2304 καὶ
2503 2251 2585 2316 εἰς
2614 2253 2736 2315 τοὺς
2767 2249 2967 2315 αἰῶνας
2990 2251 3098 2306 τῶν
3128 2253 3360 2306 αἰώνων.
3403 2251 3598 2323 Ἀμήν.

397 2327 440 2360 ⁸⁷
489 2329 587 2403 μὴ]
621 2331 812 2403 καὶμὴ
846 2332 912 2385 Η.
949 2331 1010 2385 L.
1089 2333 1132 2364 ⁸⁸
1159 2332 1251 2387 τὸν
1277 2349 1388 2388 om.
1410 2334 1481 2388 M.
1515 2334 1608 2389 τὸν
1647 2336 1760 2390 υἱὸν
1791 2337 1956 2391 αύτοῦ
1991 2337 2302 2410 ἔμπροσθεν
2329 2338 2424 2393 τοῦ
2454 2339 2679 2412 πατρὸς,
2711 2338 2886 2404 οὓτως
2910 2340 2975 2396 G.
3009 2340 3075 2395 11.
3123 2340 3189 2395 Κ.

1899 2471 2146 2558 οΜιΛιλ
2185 2473 2310 2560 1W.

365 2573 419 2626 '0
449 2569 517 2624 δὲ
557 2569 788 2636 Ἰησοῦς
829 2570 1410 2639 προσκαλεσάμενος
1449 2571 1588 2638 τοὺς
1618 2572 1885 2642 μαθητὰς
1929 2576 2036 2629 αὺ-

421 2650 551 2716 τοῦ,
575 2645 706 2703 εἷπε
722 2663 737 2678 ·
766 2667 784 2698 ι
814 2648 1293 2720 Σπλαγχνίζομαι
1313 2651 1408 2703 ἐπὶ
1436 2651 1546 2704 τὸν
1568 2651 1756 2719 ὄχλον
1777 2652 1923 2717 ⁶⁹-⁷⁵,
1947 2652 2036 2705 ὅτι

422 2730 542 2799 ἤδη
583 2729 794 2798 ήμέραι
835 2727 994 2795 τρεῖς
1047 2728 1462 2796 προσμένουσι
1521 2747 1625 2799 μοι
1653 2730 1722 2794 ⁷⁸,
1773 2732 1871 2785 καί
1925 2734 2036 2787 οὐκ

423 2808 722 2880 ἐχουσιτί
748 2806 1013 2876 φάγωσι·
1046 2807 1144 2860 καὶ
1184 2808 1490 2863 ἀπολῦσαι
1531 2809 1756 2876 αὐτοὺς
1787 2810 2038 2880 νήστεις

426 2891 502 2958 οὐ
532 2887 707 2951 θέλω,
737 2885 973 2956 μήποτε
996 2885 1337 2940 ἐκλυθῶσιν
1370 2887 1440 2942 ἐν
1467 2887 1543 2958 τῇ
1570 2888 1707 2955 ὁδῷ.
1751 2908 1770 2942 1

426 3037 494 3085 a'.
519 3030 630 3084 Καὶ
645 3027 906 3100 ἀνωτέρω
925 3027 986 3081 τὸ
1009 3030 1236 3099 σημεῖον
1255 3028 1413 3083 τοῦτο
1432 3029 1641 3100 μέλλων
1668 3031 1864 3098 ποιεῖν,
1886 3030 2038 3102 πρῶ-

355 3137 449 3174 τον
485 3117 822 3188 ἐθεράπευσε
850 3116 976 3179 τοὺς
1003 3115 1065 3171 τὸ
1113 3115 1274 3185 σῶμα
1333 3115 1764 3188 πεπηρωμένους
1785 3134 1800 3149 ·
1826 3118 1922 3172 καὶ
1949 3120 2040 3172 ἐν·

355 3207 530 3269 ταῦθα
566 3205 628 3260 τὸ
661 3204 793 3258 αὐτὸ
832 3203 993 3257 τοῦτο
1047 3207 1224 3256 ποιεῖ·
1263 3203 1371 3258 ἀπὸ
1409 3204 1508 3274 τῆς
1556 3204 1666 3258 τῶν
1693 3204 1908 3274 τυφλῶν
1946 3208 2041 3261 καὶ

357 3279 547 3368 χωλῶν
577 3296 774 3358 ἰάσεως
790 3293 838 3326 τ’
867 3294 948 3356 εἰς
984 3291 1138 3345 τοῦτο
1165 3291 1415 3363 ἐμϐαίνει
1449 3292 1630 3347 πάλιν.
1660 3293 1725 3347 Τί
1753 3294 1954 3365 δήποτε
1983 3294 2040 3348 δὲ

357 3385 481 3460 τότε
515 3385 614 3455 μὲν
652 3379 806 3437 εἷπον
835 3385 884 3436 οἰ
919 3382 1178 3453 μαθηταὶ,
1224 3381 1562 3436 Ἀπόλυσον
1592 3381 1736 3450 τοὺς
1771 3383 1998 3452 ὄχλους
2021 3402 2038 3420 θ

358 3477 455 3532 νῦν
482 3477 540 3531 δὲ
566 3477 665 3530 οὐκ
689 3470 864 3541 εἶπον,
884 3472 1168 3528 καὶταῦτα
1197 3473 1583 3545 παρελθουσῶν
1607 3473 1777 3544 τριῶν
1792 3475 2038 3546 ἡμερῶν;

303 3566 305 3569 ’
358 3567 432 3620 Ἢ
461 3565 558 3620 καὶ
594 3564 748 3617 αύτοί
787 3561 1026 3633 βελτίους
1055 3560 1337 3632 γενόμενοι
1369 3560 1575 3627 λοιπὸν,
1607 3562 1640 3632 ἢ
1673 3563 1767 3616 καὶ
1803 3562 2044 3627 ἐκείνους

359 3653 593 3726 ὁρῶντες
638 3652 698 3705 ού
733 3650 936 3722 σφόδρα
975 3649 1399 3721 αἰσθανομένους
1430 3651 1524 3704 τοῦ
1568 3649 1728 3720 λιμοῦ
1752 3668 1767 3682 ·
1801 3650 1899 3705 καὶ
1932 3651 2044 3724 γάρ

360 3741 614 3808 ἐδόξαζον
645 3739 739 3792 τὸν
787 3739 921 3792 Θεὸν
951 3739 1044 3792 ἐπὶ
1089 3740 1203 3801 τοῖς
1232 3739 1561 3810 γινομένοις.
1595 3739 1736 3792 Ἀλλ’
1773 3740 1878 3810 ὅρα
1927 3739 2045 3805 πῶς

361 3829 457 3899 καὶ
487 3829 580 3883 νῦν
608 3828 706 3897 οὐχ
735 3826 922 3889 ἁπλῶς
940 3825 1032 3878 ἐπὶ
1055 3824 1118 3878 τὸ
1140 3825 1856 3898 θαῦμα[558]ἕρχεται,ἀλλ’
1873 3829 2042 3882 ἐκκα-

363 3919 537 3980 λεῖται
559 3917 608 3948 ⁷⁸
635 3915 836 3978 αὐτοὺς
859 3916 940 3977 εἰς
959 3914 1137 3967 τοῦτο.
1163 3915 1227 3967 Ol
1253 3915 1352 3984 μὲν
1381 3915 1488 3985 γὰρ
1511 3915 1658 3984 δχλοι
1676 3916 1770 3969 ἐπὶ
1803 3917 2043 3988 ἰατρείαν

363 4003 611 4066 ἐλθόντες
647 4002 748 4054 ούκ
795 4000 1041 4070 ἐτόλμων
1075 4001 1199 4064 τοῦς
1253 4000 1451 4071 άρτους
1482 4003 1703 4073 αἰτῆσαι
1725 4020 1739 4033 ·
1791 4003 1955 4067 αύτὸς
1985 4004 2043 4058 δὲ

363 4090 456 4146 6"
487 4087 868 4159 φιλάνθρωπος
897 4088 991 4140 καὶ
1016 4086 1290 4157 κηδεμὼν,
1319 4089 1412 4142 καὶ
1443 4089 1544 4142 οὐκ
1586 4089 1796 4144 αἰτοῦσι
1833 4091 2038 4156 δίδωσι,

365 4178 461 4233 καί
496 4195 628 4247 φησι
675 4177 813 4249 πρὸς
848 4176 973 4240 τοὺς
1021 4176 1298 4247 μαθητάς·
1330 4175 1806 4248 Σπλαγχνίζομαι
1829 4179 1896 4244 ⁸ο,
1944 4182 2042 4235 καὶ

366 4266 675 4336 ἀπολῦσαι
730 4264 954 4330 αὐτοὺς
976 4263 1222 4330 νήστεις
1259 4266 1330 4319 οὐ
1374 4265 1547 4320 θέλω.
1578 4267 1694 4320 Ἵνα
1720 4267 1830 4338 γάρ
1858 4268 1932 4338 μὴ
1954 4268 2043 4321 λέο

366 4372 557 4424 γωσιν,
604 4355 688 4409 ὅτι
726 4354 915 4424 ἐφόδια
949 4353 1165 4424 ἔχοντες
1201 4349 1385 4424 ἦλθον,
1425 4355 1587 4424 φησί·
1629 4353 1788 4423 Τρεῖς
1822 4355 2046 4426 ἡμέρας

365 4443 486 4513 ἤδη
500 4461 602 4512 μοι
620 4442 1094 4514 παραμένουσιν·
1111 4443 1251 4496 ὥστε
1274 4443 1321 4494 εἰ
1353 4443 1448 4495 καὶ
1475 4442 1685 4512 ἔχοντες
1709 4439 1893 4515 ἦλθον,
1914 4446 2046 4500 ἀνά-

367 4531 537 4584 λωται
567 4531 761 4585 ταῦτα.
791 4531 892 4584 Διά
919 4529 1029 4602 γάρ
1064 4530 1223 4584 τοῦτο
1246 4530 1339 4582 καὶ
1365 4528 1526 4592 αὐτὸς
1547 4533 1646 4583 ούκ
1676 4533 1733 4584 ὲν
1761 4533 1824 4600 τῇ
1858 4529 2049 4602 πρώτῃ

369 4619 467 4673 καὶ
491 4615 723 4690 δευτέρα
771 4618 930 4672 τοῦτο
970 4619 1290 4688 πεποίηκεν,
1329 4618 1445 4672 ἀλλ’
1495 4619 1584 4671 ὅτε
1614 4619 1796 4681 αὐτοῖς
1833 4618 2050 4672 ἅπαντα

371 4700 638 4762 ἀνάλωτο,
664 4700 806 4755 ὥστε
851 4702 1117 4774 πρότερον
1145 4702 1344 4770 αὐτοὺς
1374 4705 1432 4756 ἐν
1483 4703 1644 4776 χρείᾳ
1671 4705 2050 4767 καταστάντας

377 4790 516 4862 μετά
548 4789 793 4854 πλείονος
828 4790 924 4862 τῆς
952 4791 1263 4863 προθυμίας
1304 4792 1564 4860 δέξασθαι
1594 4790 1655 4846 τὸ
1682 4793 2046 4864 γινόμενονθί.

372 4872 473 4928 Διά
487 4871 646 4938 τοῦτό
671 4890 858 4943 φησιν,
877 4874 1003 4929 Ἵνα
1015 4875 1098 4944 μὴ
1126 4875 1235 4930 ἐνὶλ
1245 4875 1466 4932 υθῶσιν
1486 4876 1556 4930 ἐν
1574 4875 1650 4944 τῇ
1673 4876 1811 4943 ὁδῷ·
1834 4878 2050 4941 δεικνὺς

371 4963 453 5018 ὅτι
479 4963 573 5016 καὶ
621 4961 906 5035 πόρρωθεν
939 4964 1342 5036 ἀφεστήκεσαν,
1383 4966 1478 5018 καὶ
1510 4965 1666 5018 οὐδὲν
1703 4965 1887 5029 αὐτοῖς
1915 4966 2050 5018 61:0-

372 5051 725 5122 λελειμμένον
779 5047 870 5125 ἦν.
912 5054 1022 5108 Καὶ
1059 5055 1108 5107 εἰ
1164 5054 1237 5126 μὴ
1296 5053 1471 5117 θέλεις
1500 5052 1768 5107 ἀπολῦσαι
1807 5055 2048 5125 νήστεις,

375 5140 515 5204 τίνος
537 5140 725 5196 ἕνεκεν
755 5143 816 5197 ού
839 5145 1013 5208 ποιεῖς
1035 5143 1078 5175 ⁸⁸
1100 5142 1160 5196 τὸ
1183 5144 1436 5213 σημεῖονς
1456 5143 1575 5196 ’Ὶνα
1607 5144 1665 5196 ἐν
1689 5145 1755 5215 τῇ
1784 5145 2053 5216 ἐρωτήσει

373 5228 548 5303 ταύτῃ
579 5232 676 5286 καὶ
703 5234 770 5304 τῇ
800 5232 1091 5303 ἀποκρίσει
1118 5231 1663 5303 προσεκτικωτέρους
1691 5234 1893 5306 ποιήσῃ
1925 5233 2054 5297 τοὺς

381 5315 651 5388 μαθητάς,
684 5322 779 5374 καὶ
809 5321 908 5392 τὴν
946 5321 1130 5381 πίστιν
1169 5320 1348 5375 αὐτῶν
1378 5319 1778 5385 ἐπιδείξωνται,
1805 5322 2056 5393 προσιόν-

378 5401 471 5468 τες
500 5405 596 5458 καὶ
642 5406 890 5476 λέγοντες
910 5409 988 5440 ⁸³·
1030 5409 1262 5480 Ποίησον
1311 5409 1532 5480 ἄρτους.
1579 5409 1721 5464 Ἀλλ’
1754 5409 1876 5465 οὐδὲ
1912 5409 2057 5463 οῦτω

381 5492 622 5562 συνῆκαν
655 5492 755 5564 τῆς
788 5494 1107 5567 ἐρωτήσεως
1140 5496 1239 5568 τὴν
1262 5497 1472 5551 αἰτίαν·
1497 5496 1620 5551 ὅθεν
1646 5497 1872 5568 ὕστερον
1906 5498 2054 5566 λέγει

2136 2577 2341 2642 αὐτοῖς,
2370 2577 2550 2642 καθώς
2580 2595 2742 2650 φησιν
2763 2578 2791 2632 ὁ
2814 2577 3061 2649 Μάρκος,
3077 2579 3160 2633 ὅτι
3175 2578 3222 2610 ⁸⁸
3245 2579 3446 2647 Οὕτως
3461 2580 3579 2635 εἰσί
3607 2598 3813 2638 πεπω-

2129 2665 2391 2735 ρωμέναι
2442 2669 2503 2720 αἱ
2535 2665 2768 2733 καρδίαι
2811 2665 3010 2735 ὑμῶν;
3059 2665 3409 2736 ὀφθαλμοὺς
3461 2669 3714 2737 ἔχοντες
3739 2675 3814 2728 οὐ

2131 2755 2414 2820 βλέπετε,
2444 2755 2543 2808 καί
2571 2751 2692 2810 ὦτα
2717 2755 2961 2824 ἔχοντες
2989 2758 3100 2810 οὐκ
3133 2757 3416 2819 ἀκούει-ες
3464 2759 3616 2812 Ἐπεὶ
3655 2762 3706 2813 εἰ
3733 2763 3813 2834 μὴ

2137 2843 2295 2898 τοῦτο
2316 2838 2405 2914 ἦν,
2440 2843 2584 2908 τίνος
2617 2844 2806 2897 ἕνεκεν
2833 2846 2946 2907 τοῖς
2982 2843 3251 2915 μαθηταῖς
3271 2843 3440 2914 λέγει,
3473 2848 3570 2900 καὶ
3598 2847 3813 2903 δείκνυ·

2139 2948 2224 2985 σιν
2253 2931 2436 2996 ἀξίους
2471 2931 2566 2985 τοῦ
2597 2931 2790 2986 παθεῖν
2836 2927 2896 2984 εὖ
2927 2934 3054 2996 τοὺς
3101 2931 3312 3001 ὄχλους,
3344 2934 3440 2986 καὶ
3481 2935 3810 3005 προσ-τίθησι

2139 3022 2233 3080 καί.
2269 3021 2361 3075 τὸν
2389 3021 2536 3076 ἔλεον
2573 3021 2663 3076 τὸν
2703 3023 2832 3093 παρ’
2880 3021 3078 3087 αύτοῦ;
3124 3023 3183 3075 '0
3228 3022 3284 3075 δὲ
3311 3023 3592 3088 Ματθαῖός
3618 3042 3807 3096 φησιν,

2137 3111 2221 3164 δτι
2248 3111 2386 3181 μετά
2423 3110 2596 3165 ταῦτα
2625 3111 2720 3165 καὶ
2748 3111 3083 3182 ἐπετίμησεν
3124 3113 3310 3176 αὐτοῖς
3339 3112 3514 3181 λέγων
3537 3130 3554 3146 ο
3597 3115 3812 3183 Ὀλιγό-

2139 3215 2364 3262 πιστοι,
2385 3199 2550 3253 οὔπω
2588 3199 2802 3263 νοεῖτε,
2833 3199 2976 3254 οὐδὲ
2995 3201 3405 3271 μνημονεύετε
3447 3201 3593 3269 τοὺς
3630 3202 3810 3256 πέντε

2139 3288 2357 3358 ἄρτους
2394 3287 2514 3342 τῶν
2556 3291 3081 3358 πεντακισχιλίων.
3119 3282 3217 3344 καί
3250 3290 3486 3356 πόσους
3517 3292 3809 3360 κοφίνους

2139 3377 2415 3441 ἐλάϐετε;
2459 3375 2606 3431 οὐδὲ
2637 3377 2779 3444 τοὺς
2815 3377 2965 3431 ἑπτὰ
3011 3377 3232 3445 ἄρτους
3273 3377 3392 3432 τῶν
3437 3395 3810 3447 τετρακισχι-

2141 3469 2309 3531 λίων,
2338 3468 2432 3522 καὶ
2458 3468 2655 3534 πόσας
2685 3467 2985 3536 σπυρίδας
3021 3467 3297 3530 ἐλάϐετε;
3333 3468 3524 3532 Οὕτως
3564 3469 3813 3540 ἀλλήλιις

2145 3554 2582 3626 συμφωνοῦσιν⁸⁸
2637 3556 2687 3608 οί
2743 3554 3142 3624 εὐαγγελισταί.
3191 3555 3256 3607 Τί
3296 3551 3388 3609 οῦν
3442 3559 3490 3608 οἰ
3536 3556 3810 3626 μαθηταί;

2147 3643 2270 3697 Ἔτι
2318 3643 2493 3713 χαμαὶ
2557 3641 2821 3712 ἕρπουσι·
2877 3643 3052 3696 καίτοι
3117 3644 3284 3715 μυρία
3341 3645 3618 3714 ἐποίησεν,
3677 3644 3814 3699 ὥστε

2149 3730 2588 3803 μνημονευθῆναι
2629 3731 2804 3784 ἐκεῖνο
2855 3730 2914 3784 τὸ
2941 3730 3161 3802 θαῦμα,
3197 3733 3292 3785 καὶ
3327 3733 3416 3786 διὰ
3455 3734 3556 3802 τῆς
3612 3734 3815 3804 ἐρωτή-

2151 3835 2307 3884 σεως,
2343 3819 2435 3873 καὶ
2463 3818 2553 3872 διὰ
2578 3819 2679 3888 τῆς
2705 3819 3070 3890 ἀποκρίσεως,
3101 3821 3194 3874 καὶ
3211 3820 3298 3874 διά
3325 3820 3419 3874 τοῦ
3453 3824 3679 3891 ποιῆσαι
3706 3821 3816 3874 διας

2149 3908 2338 3972 κόνους
2371 3907 2588 3972 αὐτοὺς,
2621 3907 2715 3964 καὶ
2739 3906 2828 3962 διά
2852 3907 2944 3961 τοῦ
2971 3909 3215 3979 νεῖμαι⁸⁸
3243 3907 3367 3972 τοὺς
3389 3909 3639 3977 κοφίνους
3704 3908 3815 3962 ἀλλ’

2149 3994 2231 4048 ἔτι
2276 3995 2628 4068 ἀτελέστερον
2682 3995 2964 4049 διέκειντο.
3025 3996 3116 4049 Διὸ
3183 3996 3276 4050 καὶ
3325 3995 3575 4065 λέγουσιν
3631 3996 3812 4066 αύτῷ·

2148 4086 2340 4140 Πόθεν
2367 4083 2512 4154 ἡμῖν
2541 4085 2611 4138 ἐν
2637 4083 2834 4153 ἐρήμῳ
2879 4084 3043 4151 ἄρτοι
3074 4082 3390 4147 τοσοῦτοι;
3415 4085 3525 4138 Καὶ
3557 4083 3666 4155 πρὸ
3696 4083 3814 4137 τού-

2149 4189 2243 4226 του
2296 4173 2390 4224 καὶ
2421 4170 2518 4225 νῦν
2543 4170 2642 4242 τῆς
2683 4169 2919 4242 ἐρημίας
2955 4169 3280 4241 μέμνηνται,
3318 4171 3470 4224 αὐτοὶ
3511 4169 3611 4239 μὲν
3663 4170 3815 4223 ἀσθε-

2151 4262 2233 4314 νεῖ
2278 4257 2524 4330 λογισμῷ
2559 4257 2719 4312 τοῦτο
2772 4258 3052 4326 λέγοντες,
3101 4257 3160 4310 τὸ
3193 4257 3274 4318 δὲ⁴
3307 4259 3528 4328 σημεῖον
3589 4257 3683 4311 καὶ
3729 4259 3810 4309 ἐν·

2145 4347 2335 4403 τεῦθεν
2381 4345 2688 4400 ἀνύποπτον
2742 4345 3037 4409 ποιοῦντες.
3088 4345 3206 4398 Ἶνα
3253 4346 3361 4416 γάρ
3410 4346 3482 4415 μή
3525 4362 3610 4408 τις
3665 4346 3810 4417 λέγῃ,

2146 4437 2283 4508 ὅπερ
2339 4435 2434 4490 καὶ
2498 4435 2600 4506 ήδη
2658 4430 2832 4500 εἷπον,
2894 4434 2975 4487 ὅτι
3033 4432 3141 4486 ἀπὸ
3181 4432 3406 4504 πλησίον
3435 4432 3578 4496 τινὸς
3630 4432 3809 4502 κώμης

2146 4524 2312 4596 οὔσης
2337 4523 2525 4576 ἔλαϐον
2549 4523 2616 4588 ⁸⁷,
2650 4523 2994 4593 ὁμολογεῖται
3038 4521 3067 4574 ὁ
3109 4520 3295 4584 τόπος,
3339 4521 3426 4575 ἴνα
3457 4519 3718 4589 πιστευθῇ
3751 4520 3808 4570 τὸ

2149 4612 2352 4683 θαῦμα.
2398 4610 2499 4664 Διά
2547 4608 2705 4664 τοῦτο
2753 4610 2849 4664 καὶ
2887 4609 2950 4662 τὸ
2991 4608 3255 4680 πρότερον
3281 4609 3504 4679 σημεῖον
3543 4605 3809 4659 καὶτοῦτο

2149 4707 2208 4758 ἐν
2241 4702 2447 4774 ἐρημίᾳ
2485 4703 2647 4765 ποιεῖ,
2686 4699 2820 4753 πολὺ
2846 4700 2956 4752 τῶν
2983 4697 3186 4770 κωμῶν
3209 4696 3508 4768 ἀπεχούσῃ.
3535 4692 3635 4748 Ὧν
3667 4694 3807 4748 οὐδὲν

2152 4792 2423 4855 συνιέντες
2449 4791 2494 4823 ⁸⁸
2514 4791 2563 4843 οἰ
2601 4788 2840 4860 μαθηταί
2864 4787 3051 4856 ἔλεγον
3075 4804 3085 4815 ·
3130 4788 3322 4840 Πόθεν
3351 4784 3493 4854 ἡμῖν
3521 4783 3589 4836 ἐν
3613 4783 3804 4851 ἐρτυιίᾳ

2150 4881 2317 4951 ἄρτοι
2343 4877 2656 4942 τοσοῦτοι;
2687 4877 2796 4930 Καὶ
2818 4876 2926 4951 γάρ
2963 4876 3209 4946 ἐνόμιζον
3249 4874 3419 4927 ταῦτα
3465 4872 3625 4926 αὑτὸν
3667 4874 3802 4942 εἰρηο

2151 4970 2329 5036 κέναι,
2365 4967 2439 5032 ὡς
2455 4968 2636 5029 αὐτοῖς
2663 4963 2924 5037 μέλλοντα
2946 4964 3251 5017 ἐπιτάττειν
3281 4960 3592 5031 διατρέφειν
3608 4958 3801 5018 αύτούς·

2153 5055 2358 5127 σφόδρα
2385 5055 2630 5125 ἀνοήτως
2660 5053 2801 5108 ⁸⁹·⁹¹.
2832 5051 2932 5104 Διά
2969 5051 3080 5121 γάρ
3109 5049 3266 5103 τοῦτο
3292 5048 3387 5102 καὶ
3418 5046 3607 5118 πρώην
3648 5044 3800 5112 ἔλεγε,

2153 5145 2296 5198 Δότε
2326 5143 2531 5208 αὐτοῖς
2570 5141 2740 5212 ὑμεῖς
2775 5139 3008 5212 φαγεῖν,
3063 5139 3150 5192 ἵνα
3199 5137 3396 5198 αὐτοὺς
3449 5137 3529 5198 εἰς
3574 5132 3802 5203 ἀφορμήν

2153 5233 2366 5306 ἐμϐάλῃ
2409 5231 2502 5285 τοῦ
2551 5231 2714 5286 αὐτὸν
2761 5227 3161 5300 παρακαλέσαι.
3215 5225 3330 5278 Νῦν
3375 5224 3433 5277 δέ
3497 5223 3615 5275 ούδέ
3667 5219 3802 5274 τοῦτό

2155 5337 2337 5394 φησιν,
2387 5321 2469 5374 δτι
2534 5320 2675 5374 Δότε
2702 5317 2906 5383 αὐτοῖς
2952 5315 3184 5386 φαγεῖν,
3207 5313 3344 5368 ἀλλά
3369 5312 3456 5377 τί;
3489 5308 3804 5379 Σπλαγχνίο

2155 5411 2338 5478 ζομαι,
2381 5409 2478 5462 καί
2509 5407 2813 5462 ἀπολῦσαι
2847 5406 3071 5471 αὐτοὺς
3099 5402 3346 5469 νήστεις
3379 5402 3452 5453 οὐ
3481 5396 3630 5469 [559]
3653 5395 3799 5450 θέλω·

2157 5497 2451 5569 ἐγγύτερον
2483 5495 2679 5558 αὐτοὺς
2707 5496 2855 5564 άγων
2885 5495 2978 5548 καὶ
3005 5489 3261 5564 ἐρεθίζων
3286 5488 3504 5560 μᾶλλον,
3529 5486 3622 5539 καὶ
3654 5482 3806 5545 6:506;

454 5602 568 5643 "-7"
601 5600 780 5686 ὄχλον]
814 5603 937 5658 add.
967 5605 1153 5660 τοῦτον
1183 5608 1250 5660 II.
1286 5607 1320 5661 4
1354 5605 1560 5678 Mosqq.
1631 5607 1677 5640 ’⁷⁸
1698 5608 1910 5730 ἡμέρας
1931 5625 2000 5730 1:9

457 5672 582 5725 ίνων
627 5673 790 5725 πάλιν
835 5672 898 5725 Η.
941 5673 1014 5730 Μ.
1071 5676 1320 5734 ἐμϐαίνει
1362 5680 1453 5731 καὶ
1492 5679 1655 5732 πάλιν
1698 5679 1762 5734 G.
1846 5679 1958 5734 μϐα
1983 5698 2000 5731 κ

2261 5604 2581 5732 ξεέἵῖῗρί
2603 5601 2999 5728 δέεὲῗέαῗέῖδῖλ
3051 5598 3374 5734 ζῖςῖαέτῗξίιῗῗ
3394 5595 3551 5722 ιίιῗί
3569 5612 3633 5700 3'
3650 5613 3704 5734 Ei
3721 5599 3807 5719 ξὲἓιῐ

1846 5698 1883 5749 μ

381 5672 582 5726 ϐαίνων
627 5669 790 5725 πάλιν
835 5672 898 5725 Η.
941 5673 1014 5730 Μ.
1071 5676 1320 5744 ἐμϐαίνει
1362 5680 1453 5731 καὶ
1488 5669 1655 5732 πάλιν

385 5744 522 5797 Edd.
625 5743 671 5774 ⁸⁸
711 5742 1165 5797 σπλαγννίξομαιῖ
1205 5747 1328 5797 add.
1362 5749 1455 5797 ἐπὶ
1505 5749 1598 5797 τὸν
1638 5748 1762 5797 δνλο

625 5743 671 5774 ⁸ο
711 5742 1165 5818 σπλαγχνίζομαι]
1205 5747 1328 5818 add.
1362 5749 1455 5818 ἐπὶ
1505 5749 1598 5802 τὸν
1638 5748 1793 5817 ὄχλον
1826 5742 1960 5804 Ειίά.
2035 5749 2078 5781 ⁸⁸
2104 5749 2392 5818 γενόμενον
2453 5746 2516 5802 G.
2551 5746 2616 5801 Η.
2649 5745 2713 5818 Κ.

1887 5667 2088 5732 ϐαίνων
2122 5667 2217 5732 καὶ
2258 5667 2438 5732 πάλιν’
2475 5675 2538 5730 Κ.
2604 5667 2663 5707 ’⁷⁸
2692 5673 2912 5743 ἐκκαλεῖ
2938 5671 2999 5726 1..
3051 5669 3154 5743 εἰς]
3182 5667 3272 5722 ἐπὶ
3302 5669 3399 5743 L._
3425 5667 3535 5743 M.“
3563 5668 3700 5743 1’0]
3729 5667 3810 5719 καὶ

2789 5746 2834 5775 ⁸³
2877 5742 3020 5796 θέλει
3068 5736 3316 5796 ρι’ποιεῖ
3361 5739 3425 5795 G.
3492 5736 3809 5794 “Edelialu:

399 5800 678 5887 μαθητάς,
703 5811 801 5882 τὴν
825 5800 1125 5887 πίξέαύτῗῦν
1144 5800 1584 5887 ῖέπίδεικνύντας,
1620 5800 1943 5887 πὸοσιόντας

2261 5800 2364 5880 ταῖς.
2402 5800 2734 5884 οιδωωε,
2766 5824 2988 5887 ῑυοηιιι-ι·
3018 5811 3086 5887 L._
3113 5809 3181 5887 ιι,
3215 5809 3314 5887 Ερ,
3387 5808 3807 5887 ﬂammma.

406 5880 865 5957 lf_a~596a€v060_w
893 5881 954 5937 L.
991 5883 1063 5957 Μ.
1139 5885 1184 5917 ⁸⁸
1222 5885 1343 5957 Υἰιι.
1380 5880 1581 5941 τιίίηοι.⁷
1641 5880 1682 5920 ⁸⁵
1719 5889 1811 5944 Sic
1838 5880 1952 5957 op."

2264 5888 2323 5944 K.
2397 5880 2444 5920 ⁸⁵
2475 5887 2804 5957 συνορῶντες
2828 5885 2888 5940 L.
2923 5885 2992 5957 M_.
3068 5882 3183 5916 ⁸⁹⁶⁹⁸
3214 5900 3231 5932 ι
3272 5881 3422 5938 Unus
3443 5880 3810 5949 ἀνεπινενήττιυςι⁴

391 5951 530 6029 gljus
549 5951 948 6030 ἀπερινοήτως.
972 5971 989 6003 ι
1018 5955 1227 6024 Μογιιεί.
1247 5956 1617 6026 ἁπερινοήτως
1641 5957 1707 6014 Η.
1733 5958 1794 6014 L.
1824 5951 1937 6013 νει-ἶ

1665 5958 1707 6014 Ι.
1733 5958 1794 6014 L.
1824 5951 1999 6014 V’érba
2025 5960 2228 6029 σφόδρα
2260 5960 2500 6029 ἀνοήτως
2524 5951 2632 6013 ηοίι
2662 5964 2946 6012 vcrlcrunl
2967 5955 3208 6022 Interpp.
