3908 6198
267 284 380 342 525

248 493 361 547 lum
380 495 753 565 rapueris,non
767 497 896 551 satis
911 508 990 552 est
1006 499 1219 553 obolum
1232 500 1282 554 in
1298 498 1691 574 eleemosynam
1709 504 1856 564 dare,

248 596 306 639 ut
324 590 523 655 rapinae
544 588 697 642 ulcus
715 603 894 654 sanes;
918 590 1009 646 sed
1035 593 1232 647 talento
1253 609 1388 663 opus
1404 606 1504 649 est.
1527 597 1648 653 Ideo
1666 597 1749 653 fur
1764 599 1856 655 de-

248 676 547 746 prehensus
562 677 913 749 quadruplum
939 683 1220 739 restituere
1246 685 1452 756 cogitur
1475 686 1849 757 (Exod.?.2.l).

245 768 454 839 Raptor
490 782 669 826 autem
703 782 786 827 est
830 773 946 830 fure
990 776 1160 846 pejor.
1189 777 1244 833 Si
1271 794 1405 834 vero
1446 780 1592 835 illutn
1623 783 1855 852 quadru-

245 860 394 931 plum
428 860 559 917 dare
588 872 806 931 Oportet
840 861 917 938 (a)
938 906 952 930 ,
994 877 1261 937 raptorem
1294 870 1577 942 dccuplum
1609 882 1663 929 et
1686 876 1853 930 multo

247 955 372 1025 plus
392 956 677 1012 restituere
698 972 796 1027 par
812 967 926 1023 est;
950 969 1111 1030 atque
1132 965 1367 1033 optabile
1387 974 1470 1020 est
1495 967 1574 1021 vel
1597 969 1675 1022 sic
1697 983 1852 1037 posse

249 1047 420 1102 Deum
449 1048 519 1102 ob
546 1047 855 1117 injustitiam
885 1052 1097 1121 placare
1129 1071 1142 1107 :
1176 1064 1300 1110 tunc
1324 1057 1467 1111 enim
1490 1074 1596 1113 non
1618 1059 1852 1114 eleemo-

242 1154 395 1210 syna:
423 1140 650 1196 fructum
682 1143 925 1213 recipiet.
966 1144 1091 1201 ldeo
1116 1146 1401 1205 Zacchaeus
1451 1148 1615 1205 dicit:
1643 1150 1849 1222 Siquid

241 1233 471 1303 aliquem
505 1235 833 1305 defraudavi,
868 1238 1081 1292 reddam
1107 1242 1484 1311 quadruplum,
1513 1253 1559 1297 et
1582 1244 1848 1300 dimidium

240 1322 493 1378 bonorum
516 1342 740 1379 meorum
761 1327 892 1382 dabo
916 1330 1222 1401 pauperibus
1248 1332 1411 1401 (Luc.
1458 1334 1543 1390 19.
1569 1335 1665 1407 8).
1692 1335 1845 1403 Quod

236 1416 290 1472 si
320 1416 371 1471 in
396 1417 513 1488 lege
531 1418 885 1489 quadruplum
918 1420 1144 1479 reddere
1164 1426 1463 1494 oportebat,
1488 1428 1658 1483 multo
1678 1430 1845 1499 magis

244 1507 303 1563 in
331 1510 528 1580 gratia.
557 1509 611 1566 Si
642 1511 811 1565 furem
845 1521 1049 1568 tantum
1084 1516 1367 1572 restituere
1404 1528 1646 1587 oportet,
1677 1521 1844 1576 multo

233 1604 409 1674 magis
436 1612 725 1674 raptorem.
755 1605 885 1659 Nam
924 1618 1117 1676 prmter
1141 1607 1391 1664 damnum
1412 1651 1427 1676 ,
1459 1613 1842 1669 contumeliosa

234 1703 385 1749 certe
400 1709 486 1749 res
501 1704 602 1752 est.
624 1696 803 1766 Itaque
820 1697 1023 1752 etiamsi
1044 1700 1350 1770 centuplum
1373 1701 1685 1769 reddideris,
1708 1719 1844 1759 non-

234 1785 367 1840 dum
394 1793 561 1841 totum
584 1786 799 1843 dedisti.
824 1788 1010 1844 Yiden’
1040 1806 1127 1847 me
1165 1806 1273 1848 non
1296 1793 1488 1848 frustra
1519 1795 1716 1851 dixisse
1737 1839 1754 1864 ,
1784 1798 1839 1853 Si

233 1878 456 1933 obolum
477 1880 720 1950 rapuisti,
750 1880 913 1937 redde
936 1883 1235 1939 talentum?
1254 1886 1331 1941 sic
1351 1886 1512 1941 etiam
1533 1886 1625 1942 vix
1644 1888 1838 1945 vulnus

241 1977 396 2022 tuum
422 1970 658 2027 curabis.
689 1970 840 2038 Quod
866 1973 911 2027 si
936 1974 1022 2028 vel
1052 1974 1154 2029 hoc
1182 1974 1407 2040 faciens,
1433 1978 1527 2031 vix
1551 1993 1709 2034 cures
1740 1996 1753 2033 :
1787 1980 1834 2034 si

239 2059 490 2115 ordinem
522 2062 778 2131 invertas,
812 2064 1151 2137 integrosque
1182 2068 1551 2140 possessiones
1571 2072 1833 2140 rapueris,

304 2196 382 2260 (a)
414 2203 504 2246 Fur
526 2197 875 2262 deprehensus
896 2201 1219 2266 quadruplum
1256 2205 1523 2256 restituere
1546 2207 1832 2270 cogebatur.

1294 295 1361 351 IN
1396 297 1800 358 MATTH/EUM
1841 302 2070 361 IlOMlL.
2108 306 2242 366 ιω.
2283 312 2356 370 al.
2399 311 2529 370 LIV.

250 416 503 457 mensura
523 402 719 460 malum
744 418 807 460 ex
833 406 1056 462 avaritia
1075 406 1275 463 illatum
1291 424 1501 468 curare.
1518 411 1651 467 Nam
1668 414 1713 468 si
1730 414 1862 469 obo-

3453 350 3561 407 526

1973 434 2138 524 pauca
2168 438 2296 479 vero
2322 433 2626 498 erogaveris
2648 476 2661 498 ,
2700 452 2874 509 neque
2908 442 3013 501 illis
3042 462 3175 520 quos
3216 452 3397 512 liesisti
3417 499 3433 524 ,
3461 464 3556 518 sed

1966 512 2120 577 aliis.
2163 531 2324 587 quam
2374 521 2741 583 defensionem
2792 512 3071 593 habebisi
3102 558 3262 612 quam
3312 512 3559 609 venia—tui

1965 619 2123 673 quam
2145 621 2294 678 spem
2323 613 2512 669 salutis
2529 617 2554 669 ?
2584 617 2674 675 Vis
2704 622 2842 679 scire
2868 640 3124 694 quantum
3147 637 3341 693 malum
3365 641 3552 713 facias,

1961 696 2087 792 dum
2110 701 2186 756 sic
2204 703 2298 758 das
2318 706 2746 780 eleemosynam?
2764 715 2900 772 Audi
2919 718 3245 791 Scripturam
3262 696 3549 792 dicentem;

1962 788 2106 845 Sicut
2134 796 2219 864 qui
2242 797 2407 865 ﬁlium
2435 817 2605 857 coram
2630 816 2773 875 patre
2800 826 2897 863 suo
2920 788 3177 883 inter/icit,
3198 822 3271 874 sic
3295 826 3382 889 qui
3402 827 3547 894 offert

1957 884 2263 984 sacriﬁcium
2287 905 2350 944 ea:
2371 895 2594 957 pecuniis
2614 912 2890 969 pauperum
2908 902 2928 974 (
2944 902 3111 961 Eccli.
3134 909 3222 967 54.
3246 884 3381 984 21).
3403 884 3549 972 lianc

1964 974 2141 1045 itaque
2170 982 2638 1041 co‘mminationem
2670 989 2721 1044 in
2755 1005 2933 1049 mente
2960 974 3545 1067 inscribentestisce-

1954 1064 2140 1123 damus
2168 1088 2182 1124 :
2212 1070 2349 1128 hanc
2379 1076 2429 1128 in
2460 1078 2625 1132 muris
2650 1122 2664 1144 ,
2713 1083 2763 1136 in
2789 1088 3036 1145 manibus
3056 1132 3070 1153 .
3101 1091 3153 1147 in
3180 1098 3503 1154 conscientia
3528 1144 3543 1165 ,

1952 1168 2005 1213 et
2033 1159 2226 1231 ubique
2266 1165 2561 1225 scribamus
2591 1187 2607 1225 :
2639 1180 2694 1227 tit
2742 1175 2827 1230 hic
2868 1178 3058 1239 saltem
3086 1195 3263 1240 metus
3288 1188 3339 1242 in
3369 1159 3546 1245 mento

1952 1261 2134 1306 nostra
2188 1254 2376 1322 vigens
2416 1274 2609 1317 manus
2646 1275 2858 1323 nostras
2894 1286 2925 1324 a
2950 1276 3272 1342 quotidianis
3308 1283 3545 1338 caedibus

1956 1342 2228 1434 cohibeat.
2258 1346 2413 1401 Caede
2439 1350 2642 1420 quippe
2663 1353 2900 1409 deterior
2921 1367 3003 1412 est
3031 1361 3218 1428 rapina
3246 1379 3366 1432 qua:
3396 1382 3528 1434 pau-

1958 1432 2109 1486 latim
2147 1450 2435 1510 paupercm
2467 1443 2760 1499 consumit.
2810 1446 2879 1501 Ut
2923 1448 3085 1519 igitur
3109 1452 3176 1505 ab
3209 1453 3311 1507 ltoc
3344 1432 3525 1524 inqui-

1953 1536 2209 1581 ttamento
2238 1530 2251 1558 ¹
2280 1529 2397 1597 puri
2431 1531 2623 1599 simus,
2661 1536 2775 1591 haec
2802 1539 3120 1595 meditemur
3155 1554 3206 1597 et
3246 1561 3365 1600 cum
3402 1551 3524 1603 aliis

1953 1616 2357 1688 colloquantur.
2393 1622 2467 1677 Ita
2503 1625 2648 1679 enim
2676 1627 2741 1682 ad
2774 1630 3203 1689 misericordiam
3235 1639 3522 1707 proniores

1950 1706 2177 1772 erimus,
2204 1725 2515 1782 puramque
2536 1716 2908 1785 adipiscentur
2937 1706 3263 1793 mercedem,
3290 1739 3521 1785 aeterna-

1946 1812 2056 1868 que
2083 1798 2227 1855 bona
2252 1817 2672 1875 consequemur,
2708 1813 2884 1882 gratia
2926 1824 2982 1869 et
3009 1818 3385 1876 ntisericordia
3413 1824 3518 1879 Do-

1946 1889 2080 1944 mini
2121 1894 2298 1948 nostri
2333 1894 2465 1950 Jesu
2517 1898 2745 1967 Christi,
2786 1904 2874 1957 cui
2917 1906 3086 1976 gloria
3126 1920 3181 1965 et
3222 1912 3513 1982 imperium

1943 1994 2070 2036 cum
2107 1984 2265 2041 Patre
2294 1997 2350 2041 et
2383 1987 2587 2059 Spiritu
2616 2005 2827 2063 sancto,
2858 2015 3005 2057 nunc
3033 2011 3087 2057 et
3115 2018 3351 2075 semper,
3374 2016 3429 2063 et
3458 2009 3512 2064 in

1941 2073 2139 2126 secula
2169 2075 2510 2132 saeculorum.
2544 2079 2740 2137 Amen.

2002 2231 2022 2265 ⁸
2044 2232 2159 2295 Alii,
2184 2234 2244 2285 ab
2264 2234 2355 2287 hoc
2377 2238 2561 2290 morbo.

1442 2483 1785 2546 HOMILIA
1828 2487 1994 2549 LIII.
2039 2488 2123 2549 al.
2172 2488 2332 2548 LIV.

226 2626 362 2681 (ΞΑΡ.
394 2627 478 2682 15.
506 2642 559 2681 v.
587 2628 675 2685 52.
701 2628 853 2683 Iesus
875 2639 1041 2683 autent
1065 2670 1079 2696 ,
1103 2633 1385 2687 convocatis
1416 2633 1678 2703 discipulis
1700 2634 1829 2701 suis,

304 2718 434 2773 dixit
457 2739 482 2773 .·
508 2718 751 2776 Misereor
789 2739 939 2792 super
963 2722 1161 2775 turbam
1179 2764 1195 2791 ,
1238 2725 1357 2795 quia
1381 2742 1492 2779 ecce
1520 2727 1633 2796 jam
1663 2726 1831 2780 triduo

301 2813 549 2866 sustinent
593 2830 697 2879 me,
743 2831 833 2868 nec
871 2813 1053 2868 habent
1097 2815 1234 2885 quod
1279 2817 1583 2872 manducent
1612 2833 1630 2872 :
1656 2828 1703 2872 et
1751 2819 1805 2871 di

302 2906 502 2960 mittere
526 2923 610 2960 eos
626 2908 836 2978 jejunos
864 2909 1003 2974 nolo,
1036 2925 1098 2962 ne
1120 2909 1357 2977 deﬁciant
1381 2911 1432 2964 in
1457 2911 1557 2965 via.

308 2998 358 3051 1.
386 2996 644 3067 Superius
669 3015 790 3054 cum
836 2998 1138 3069 hujusmodi
1169 3002 1377 3072 signum
1405 3003 1640 3059 facturus
1664 3014 1825 3068 esset,

223 3091 406 3162 primo
428 3092 633 3147 curavit
656 3108 749 3148 eos
773 3094 862 3165 qui
884 3095 1127 3165 corporis
1149 3096 1463 3166 aegritudine
1484 3098 1822 3157 laborarent:

221 3182 459 3254 idipsum
504 3183 590 3239 hic
637 3182 805 3260 facit:
847 3194 968 3255 post
1005 3202 1267 3242 cavcorum
1317 3198 1475 3260 atque
1515 3191 1824 3247 claudornm

219 3276 560 3331 curationem
593 3276 643 3331 in
674 3272 900 3348 idipsunt
931 3294 1115 3334 rursus
1145 3280 1348 3336 incidit.
1375 3282 1481 3337 Cur
1501 3292 1677 3339 autem
1702 3294 1826 3343 tunc

221 3365 482 3421 dixerunt
506 3367 752 3438 discipuli
776 3410 791 3434 ,
821 3368 1032 3426 Dimitte
1061 3374 1232 3427 turbas
1270 3373 1287 3441 (
1320 3374 1506 3429 Matth.
1540 3377 1627 3433 N.
1664 3378 1730 3432 15
1758 3377 1777 3450 )
1806 3397 1820 3433 :

219 3469 372 3512 nunc
399 3472 524 3513 vero
550 3474 654 3513 non
682 3458 949 3527 dixerunt,
980 3462 1147 3517 tribus
1174 3474 1349 3518 tamen
1378 3465 1564 3521 diebus
1582 3470 1823 3523 exactis?

218 3546 358 3601 Sive
383 3549 507 3616 quia
531 3549 643 3617 jam
690 3549 764 3604 illi
797 3550 1139 3619 perfectiores
1167 3564 1316 3607 crant
1337 3596 1352 3619 ,
1380 3556 1492 3610 sive
1518 3557 1657 3626 quod
1703 3558 1823 3615 illos

216 3637 469 3695 viderent
497 3655 601 3695 non
626 3649 772 3695 tanto
802 3640 957 3696 famis
983 3658 1144 3697 sensu
1173 3642 1310 3699 afﬁci
1337 3663 1350 3698 :
1376 3661 1495 3700 nam
1519 3646 1570 3700 in
1596 3648 1680 3711 iis,
1703 3664 1821 3718 qute

217 3727 365 3784 facta
385 3742 556 3797 erant,
578 3732 685 3787 Deo
711 3732 932 3802 gloriam
956 3732 1273 3791 referebant.
1295 3735 1398 3792 Sed
1420 3738 1540 3794 vide
1555 3739 1820 3810 quomodo

216 3821 387 3875 etiam
414 3837 553 3876 nunc
574 3838 678 3876 non
716 3824 1030 3894 simpliciter
1054 3826 1121 3881 ad
1164 3829 1478 3883 miraculum
1500 3830 1817 3899 patrandum

217 3915 388 3981 venit,
422 3916 513 3971 sed
545 3917 663 3972 illos
687 3917 750 3971 ad
781 3918 831 3972 id
864 3930 1069 3975 evocat.
1091 3919 1221 3975 Nam
1246 3921 1413 3977 turbze
1439 3923 1673 3994 quidem,
1699 3941 1818 3996 qua:

217 4005 291 4060 ad
323 4008 629 4063 morborum
656 4024 838 4063 curam
866 4018 1158 4079 venerant,
1190 4027 1354 4082 panes
1379 4023 1560 4084 petere
1589 4032 1693 4071 non
1723 4032 1816 4072 au-

216 4098 423 4155 debant
455 4118 468 4153 :
504 4100 619 4169 ipse
663 4116 793 4156 vero
815 4143 832 4169 ,
876 4116 995 4157 cum
1026 4102 1287 4174 benignus
1315 4106 1384 4160 sit
1420 4114 1475 4159 et
1519 4107 1772 4176 providus
1796 4150 1813 4175 ,

218 4206 330 4244 non
355 4191 657 4260 petentibus
675 4192 839 4259 dedit,
863 4194 1041 4265 aitque
1061 4193 1333 4266 discipulis
1364 4213 1377 4249 :
1403 4195 1648 4253 Misereor
1662 4215 1816 4269 super

218 4283 441 4349 turbam,
463 4294 510 4339 et
514 4287 723 4356 jejunos
742 4287 990 4340 dimittere
1006 4288 1120 4341 illos
1138 4286 1276 4341 nolo.
1300 4287 1376 4343 Ne
1391 4289 1627 4345 dicerent
1646 4291 1811 4359 enim,

217 4374 370 4445 ipsos
414 4392 535 4432 cum
580 4378 774 4433 viatico
803 4379 1054 4444 venisse,
1102 4379 1367 4433 aitzlam
1416 4380 1581 4436 triduo
1620 4398 1813 4437 mecum

216 4476 371 4531 sunt;
401 4469 469 4523 ita
509 4471 717 4524 etiamsi
745 4471 934 4525 viatica
970 4469 1284 4527 habuissent
1308 4513 1323 4538 ,
1346 4471 1456 4542 jam
1498 4483 1811 4544 consumpta

215 4567 423 4614 essent.
452 4558 657 4615 Idcirco
682 4562 823 4616 enim
860 4562 951 4617 ille
995 4576 1098 4616 non
1130 4562 1304 4631 primo
1328 4563 1409 4618 vel
1451 4564 1687 4619 secundo
1724 4565 1811 4621 die

214 4651 326 4705 hoc
351 4649 494 4718 fecit,
524 4652 617 4709 sed
647 4667 767 4708 cum
790 4652 899 4724 jam
928 4653 1104 4708 omnia
1125 4653 1431 4723 deficerent,
1461 4664 1518 4709 ttt
1548 4658 1598 4710 itt
1623 4672 1808 4712 neces-

211 4742 375 4796 sitate
396 4742 551 4811 positi
580 4758 700 4798 cum
724 4744 908 4815 majori
932 4744 1106 4800 studio
1127 4744 1322 4800 factum
1343 4747 1667 4817 exciperent.
1686 4748 1809 4804 Ideo

212 4833 316 4894 ait,
350 4831 433 4886 Ne
461 4834 698 4903 deﬁciant
742 4835 794 4889 in
839 4835 955 4898 via;
1000 4836 1290 4891 ostendens
1338 4834 1482 4906 ipsos
1528 4847 1582 4892 et
1625 4840 1807 4908 procul

211 4925 423 4997 positos
450 4940 609 4993 esse,
656 4936 711 4981 et
751 4928 929 4981 omnia
979 4928 1397 4998 consumpsisse.
1446 4928 1552 4984 Sed
1601 4930 1645 4985 si
1697 4947 1802 4987 non

210 5021 300 5073 vis
324 5018 537 5088 jejunos
557 5019 827 5075 dimittere
847 5061 862 5087 ,
892 5036 988 5075 cur
1016 5021 1224 5091 signum
1256 5036 1362 5076 non
1406 5021 1574 5078 facis?
1606 5023 1674 5079 Ut
1703 5024 1804 5080 hac

209 5111 638 5181 interrogatione
682 5120 736 5167 et
782 5113 1131 5183 responsione
1175 5124 1432 5186 sequente
1489 5117 1804 5175 attentiores

209 5203 467 5259 redderet
507 5204 799 5275 discipulos
822 5247 837 5271 ,
869 5214 924 5260 et
952 5206 1028 5260 illi
1054 5205 1210 5261 fidem
1251 5223 1403 5263 suam
1434 5209 1800 5279 ostenderent,

208 5294 596 5365 dicerenlque,
622 5296 792 5352 Panes
819 5295 998 5351 facito.
1022 5297 1127 5353 Sed
1157 5297 1228 5352 illi
1262 5314 1331 5354 ne
1356 5299 1432 5353 sic
1471 5300 1682 5371 quidem
1724 5303 1806 5357 in-

207 5389 589 5460 terrogationis
615 5404 828 5445 causam
860 5391 1235 5448 intellexerunt
1261 5411 1274 5447 :
1300 5393 1438 5450 unde
1465 5404 1643 5465 postea
1666 5397 1805 5454 dixit

208 5481 321 5535 illis
342 5520 358 5546 ,
404 5489 463 5535 ut
502 5480 712 5537 Marcus
735 5483 809 5538 ait
839 5501 853 5538 :
885 5484 1065 5538 Adhuc
1102 5485 1173 5539 ita
1205 5494 1322 5540 sunt
1362 5497 1608 5542 occwcata
1648 5492 1802 5545 εοναά

206 5581 421 5627 vestra:
450 5574 623 5628 oculos
662 5573 893 5629 habentes
924 5592 1026 5630 non
1065 5576 1263 5643 videtis,
1303 5586 1348 5633 et
1372 5596 1519 5633 aures
1566 5581 1800 5637 habentes

205 5680 316 5719 non
355 5664 545 5718 auditis
572 5664 591 5736 (
619 5664 785 5719 Marc.
816 5665 872 5721 8.
903 5667 991 5722 17.
1022 5666 1090 5723 18
1110 5667 1154 5738 ).
1198 5667 1330 5722 Nam
1361 5670 1460 5725 nisi
1490 5670 1590 5725 hoc
1618 5682 1797 5742 esset,

204 5769 318 5835 qua
360 5754 428 5823 de
456 5768 614 5810 causa
664 5753 778 5813 lucc
815 5756 1085 5829 discipulis
1111 5758 1346 5829 diceret,
1389 5761 1798 5837 ostenderetque

1937 2630 2121 2702 dignas
2151 2648 2271 2689 esse
2301 2635 2482 2691 turbas
2506 2636 2787 2707 beneficio,
2812 2641 3136 2716 adderetquc
3165 2648 3337 2718 ipsum
3359 2652 3521 2709 mise-

1939 2723 2167 2779 ricordia
2219 2735 2422 2783 motum
2449 2727 2656 2786 fuisse?
2684 2732 2963 2791 Matthieus
3011 2754 3138 2794 vero
3180 2743 3310 2798 dicit
3350 2746 3520 2815 ipsum

1936 2824 2117 2883 postea
2147 2816 2451 2887 increpasse
2476 2836 2570 2877 eos
2604 2822 2686 2878 Itis
2718 2826 2892 2881 verbis
2926 2846 2938 2881 :
2975 2828 3195 2887 Modica:
3217 2836 3358 2904 ﬁdei,
3390 2855 3521 2892 non-

1933 2905 2052 2960 dum
2072 2906 2371 2978 intelligitis,
2404 2926 2494 2965 nec
2524 2915 2819 2969 meministis
2842 2919 3060 2990 quinque
3084 2939 3272 2992 panum
3294 2936 3339 2980 et
3365 2930 3517 2998 quin-

1930 3014 2026 3069 que
2052 3000 2285 3065 millium,
2306 3013 2352 3058 et
2372 3014 2489 3072 quot
2527 3008 2769 3074 cophinos
2784 3014 3097 3080 sutnpsetitis
3112 3015 3136 3068 ?
3150 3034 3308 3089 neque
3330 3030 3517 3090 septem

1930 3106 2120 3160 panum
2162 3102 2208 3148 et
2234 3105 2450 3164 quatuor
2488 3099 2702 3153 millium
2725 3143 2738 3164 ,
2765 3111 2810 3155 et
2835 3114 2954 3173 quot
2983 3117 3181 3177 sportas
3206 3114 3518 3182 sumpseritis

1931 3181 2163 3251 (Matth.
2196 3185 2285 3241 16.
2317 3185 2370 3241 8.
2403 3187 2478 3259 9)
2505 3188 2528 3240 ?
2568 3190 2640 3243 lta
2671 3195 3014 3263 evangelistae
3044 3181 3339 3257 concordes
3381 3203 3519 3260 inter

1928 3287 1987 3329 se
2016 3286 2163 3329 sunt.
2196 3277 2331 3344 Quid
2356 3296 2482 3350 ergo
2529 3281 2817 3354 discipuli?
2844 3288 3028 3343 Adhuc
3060 3290 3205 3347 humi
3251 3308 3474 3365 serpunt
3500 3316 3516 3355 :

1926 3372 1982 3419 et
2009 3368 2250 3435 quamvis
2290 3369 2449 3424 millia
2493 3371 2713 3440 fecerit,
2746 3384 2799 3429 ut
2827 3379 3016 3446 prioris
3052 3383 3288 3441 miraculi
3317 3404 3517 3442 mento.

1926 3456 2058 3511 riam
2083 3468 2396 3527 servarent,
2424 3471 2478 3517 et
2506 3478 2602 3532 per
2629 3464 3096 3534 interroizationem
3126 3490 3188 3530 ac
3213 3481 3516 3547 responsio-

1942 3566 2089 3614 nem,
2112 3563 2166 3607 et
2184 3555 2329 3624 quod
2347 3556 2468 3612 illos
2490 3557 2771 3612 ministros
2796 3558 3006 3623 fecerit,
3024 3565 3229 3631 etquod
3244 3565 3509 3632 cophinos

1938 3643 2017 3697 eis
2029 3643 2374 3701 distribuerit
2390 3648 2429 3714 ¹;
2450 3648 2543 3704 secl
2565 3650 2743 3705 adhuc
2759 3650 3184 3721 itnperfectiores
3195 3664 3369 3711 erant.
3386 3655 3510 3710 Ideo

1924 3727 2106 3783 dicunt
2132 3730 2180 3784 ei
2211 3748 2224 3785 :
2254 3732 2343 3789 33.
2378 3731 2525 3787 Unde
2554 3734 2694 3790 nobis
2719 3737 2770 3790 in
2797 3739 3069 3795 solitudine
3108 3753 3178 3798 tot
3206 3748 3413 3815 partes?
3442 3750 3512 3805 Et

1922 3830 2074 3877 antea
2101 3832 2154 3877 et
2179 3840 2320 3880 nunc
2348 3825 2689 3883 solitudinem
2718 3846 3036 3900 memorant,
3061 3846 3116 3891 et
3138 3853 3205 3893 ex
3222 3840 3382 3895 animi
3406 3842 3510 3897 im-

1922 3913 2211 3971 becillitate
2242 3916 2310 3970 ita
2338 3917 2638 3988 loquentes,
2665 3920 2874 3991 signum
2904 3925 2970 3980 ab
3015 3930 3160 3983 omni
3211 3933 3513 4004 suspicione

1920 4003 2233 4060 liberabant.
2269 4006 2345 4061 Ne
2374 4009 2493 4079 quis
2520 4011 2662 4065 enim
2689 4012 2925 4084 diceret,
2961 4019 3147 4088 utjam
3179 4034 3333 4079 antea
3364 4025 3511 4093 dixi,

1920 4097 2091 4167 ipsum
2117 4114 2180 4153 ex
2211 4100 2384 4154 vicino
2417 4103 2646 4170 quodam
2684 4105 2800 4161 vico
2826 4124 2989 4177 panes
3016 4122 3311 4170 mutuatum
3353 4135 3472 4175 esse
3492 4161 3510 4189 ,

1918 4186 2066 4243 locus
2093 4188 2213 4259 quis
2239 4190 2309 4244 sit
2347 4189 2687 4263 declaratur,
2735 4206 2793 4252 ut
2832 4200 3143 4258 miraculum
3179 4186 3509 4267 crederetur;

1919 4277 2120 4335 Idcirco
2148 4290 2200 4335 et
2222 4281 2449 4350 primunt
2478 4285 2653 4341 ethoc
2680 4304 2892 4361 quoque
2916 4292 3125 4363 signum
3153 4297 3205 4350 in
3227 4299 3510 4359 solitudine

1914 4368 2077 4435 facit,
2132 4386 2161 4425 a
2193 4372 2379 4428 viculis
2425 4375 2581 4446 longe
2616 4377 2864 4434 distante.
2902 4382 3006 4445 Sed
3051 4384 3239 4441 horum
3272 4390 3402 4444 nihil
3433 4393 3511 4446 itt-

1917 4462 2215 4534 telligentes
2240 4464 2486 4536 discipuli
2509 4469 2759 4526 dicebant
2784 4490 2796 4525 :
2824 4473 2971 4530 Unde
2993 4480 3134 4533 nobis
3165 4482 3215 4535 in
3240 4484 3510 4542 solitudine

1915 4561 1985 4608 tot
2013 4555 2208 4624 panes?
2233 4556 2361 4612 Nam
2382 4559 2636 4629 putabant
2663 4562 2807 4618 illum
2833 4564 2953 4622 ideo
2980 4568 3093 4624 ltzec
3114 4571 3332 4639 dixisse,
3358 4579 3508 4646 quasi

1916 4656 2280 4715 praecepturus
2304 4657 2448 4704 esset
2469 4660 2525 4704 ut
2556 4650 2674 4706 illos
2694 4653 2965 4722 cibareut;
2990 4659 3083 4715 sed
3116 4663 3402 4721 admodum
3438 4668 3509 4722 in-

1912 4739 2188 4809 sipienter.
2240 4741 2469 4814 Ideoque
2519 4745 2622 4800 illis
2664 4763 2835 4818 nuper
2863 4750 3111 4821 dixerat,
3152 4754 3283 4811 Date
3311 4774 3397 4814 vos
3437 4763 3505 4814 eis

1912 4831 2260 4905 manducare(
2292 4834 2480 4893 Matth.
2506 4837 2595 4894 14.
2622 4837 2764 4910 16),
2791 4849 2849 4895 ut
2878 4841 2982 4898 illis
3002 4846 3336 4903 occasionem
3355 4849 3504 4905 daret

1910 4939 1969 4979 se
1998 4925 2096 4981 hac
2129 4926 2196 4981 dc
2221 4943 2383 4983 causa
2414 4930 2683 5000 precandi.
2715 4932 2865 4989 Nunc
2891 4951 3020 4991 vero
3049 4953 3153 4992 non
3184 4938 3343 5006 dicit,
3372 4940 3503 4997 Date

1908 5015 2013 5070 illis
2036 5018 2344 5073 manducare
2366 5062 2381 5087 ,
2414 5021 2508 5075 sed
2550 5022 2675 5091 quid
2698 5023 2720 5076 ?
2746 5024 2992 5080 Misereor
3017 5046 3167 5098 super
3193 5032 3386 5085 turbam
3409 5076 3423 5099 ,
3454 5050 3500 5088 e:

1909 5106 2159 5163 dimittere
2177 5126 2259 5163 eos
2270 5111 2478 5181 jeinnos
2500 5113 2614 5167 nolo
2635 5130 2654 5167 :
2683 5117 2901 5185 propius
2923 5134 3144 5174 movens
3170 5123 3499 5195 incitatisque

1909 5198 2048 5260 illos.
2082 5209 2136 5255 ut
2165 5202 2377 5257 videant
2403 5202 2529 5257 illud
2556 5206 2623 5261 ab
2649 5222 2707 5261 se
2735 5208 3021 5277 petendum
3048 5226 3187 5268 esse.
3217 5213 3348 5270 Nam
3386 5217 3499 5288 ipsa

1908 5293 2065 5349 verba
2094 5294 2455 5360 declarabant,
2487 5312 2645 5367 posse
2677 5299 2848 5369 ipsum
2873 5316 2977 5355 non
3006 5303 3275 5363 dimittere
3302 5323 3396 5363 eos
3417 5311 3474 5378 je

1903 5385 2098 5456 junos,
2132 5395 2188 5443 et
2219 5388 2509 5459 p0tentiam
2554 5390 2722 5460 ipsius
2751 5393 3124 5451 ostendebant.
3167 5398 3297 5455 Illud
3323 5403 3494 5471 enim,

1908 5477 2084 5546 Nolo,
2136 5480 2188 5535 id
2232 5480 2514 5552 signiﬁcat.
2568 5483 2700 5551 Quia
2731 5500 2861 5541 vero
2906 5498 2960 5541 et
3005 5488 3395 5549 multitudinem
3443 5506 3495 5554 et

1904 5571 2079 5628 locum
2121 5583 2177 5629 ct
2217 5574 2556 5630 solitudinem
2604 5589 3006 5650 memoraruut,
3058 5582 3222 5653 (nam
3270 5586 3495 5655 dicunt,

1908 5663 2057 5720 Unde
2099 5665 2240 5720 nobis
2282 5668 2333 5721 in
2358 5667 2629 5724 solitudine
2668 5681 2740 5725 tot
2777 5689 2971 5743 panes,
3014 5684 3066 5731 ut
3106 5678 3314 5735 satietur
3343 5685 3492 5731 tanta

1983 5779 1999 5811 ι
2022 5777 2116 5829 Cir.
2142 5777 2318 5830 Adnot.
2348 5781 2509 5833 Field.
2538 5782 2596 5833 ad
2623 5797 2732 5848 pag.
2758 5784 2865 5837 558.
