3908 6198
444 319 545 378 527

443 433 588 488 turba
607 431 633 486 Ρ
656 430 675 502 )
701 441 873 499 neque
892 433 1073 483 tamen
1092 423 1290 482 Christi
1306 423 1466 479 verba
1490 421 1887 482 intellexerunt,
1905 424 2031 471 tunc

441 541 600 580 suum
627 524 744 593 ipse
780 535 915 592 opus
944 519 1184 590 peragit,
1223 526 1280 572 et
1317 516 1393 570 ait
1418 514 1558 569 illis:
1591 513 1678 569 34.
1715 511 1848 579 Quot
1875 525 2031 580 panes

442 617 680 673 habetis?
707 615 734 669 1
743 614 801 670 lli
825 629 940 670 vero
963 612 1157 678 dicunt,
1184 610 1409 679 Septem,
1440 617 1485 662 et
1515 605 1782 678 pisciculos
1816 618 2026 673 paucos.

442 711 552 767 Nec
575 710 685 779 jam
716 706 920 769 dicunt,
949 705 1054 760 Sed
1079 703 1184 757 haec
1211 700 1333 773 quid
1356 709 1471 754 sunt
1499 699 1631 751 inter
1655 705 1820 749 tantos
1847 692 2023 766 (Joan.

442 805 497 859 6.
530 801 645 875 9)?
694 810 752 855 ut
797 807 952 854 antea
993 793 1261 851 dicebant.
1306 792 1395 847 Sic
1445 790 1651 845 etiamsi
1699 802 1804 842 non
1860 794 2029 840 totum

442 892 1000 966 comprehenderent,
1028 889 1367 945 sublimiores
1394 895 1569 939 tamen
1609 880 1859 953 paulatim
1900 893 2028 934 eva-

443 991 659 1047 debant.
697 986 830 1042 Nam
872 995 929 1040 et
974 984 1091 1053 ipse
1118 981 1200 1035 his
1245 978 1457 1033 illorum
1495 982 1729 1031 mentem
1769 971 1981 1042 erigens
2010 1012 2026 1037 ,

444 1081 637 1138 eodem
664 1093 769 1150 quo
797 1077 942 1148 prius
967 1073 1127 1130 modo
1154 1069 1549 1141 interrogabat,
1581 1075 1640 1122 ut
1669 1065 1750 1121 vel
1776 1080 1839 1120 ex
1867 1062 2029 1119 modo

448 1171 807 1244 interrogandi
835 1170 944 1240 jam
988 1175 1133 1239 gesta
1162 1166 1213 1219 in
1248 1161 1558 1218 memoriam
1600 1164 1898 1214 revocaret.
1943 1154 2022 1208 Tu

443 1283 573 1323 vero
618 1277 675 1321 ut
718 1263 807 1320 hic
832 1261 1007 1317 vidisti
1035 1260 1245 1314 illorum
1276 1252 1752 1325 imperfectionem,
1780 1249 1857 1302 sic
1881 1246 2029 1302 disce

443 1365 655 1421 illorum
676 1355 1092 1432 philosophicam
1109 1359 1365 1415 mentem,
1384 1358 1438 1404 et
1454 1344 1789 1401 veracitatem
1808 1341 2025 1405 mirare,

443 1452 711 1527 quomodo
736 1462 928 1517 nempe
948 1444 1242 1501 scribentes
1266 1482 1281 1508 ,
1313 1439 1674 1515 stupiditateni
1714 1448 1886 1499 suam,
1927 1431 2026 1487 etsi

444 1522 710 1617 magnam,
741 1556 844 1597 non
876 1537 1165 1594 occultent.
1192 1533 1375 1603 Neque
1401 1530 1541 1585 enim
1568 1526 1851 1583 mediocris
1872 1522 2025 1592 culpa

443 1615 578 1700 erat,
613 1651 781 1705 nuper
809 1632 931 1687 Facti
959 1626 1196 1684 miraculi
1221 1633 1329 1679 tam
1355 1622 1460 1678 cito
1490 1618 1767 1684 oblivisci;
1799 1615 2027 1685 ideoque

444 1732 805 1797 increpantur.

510 1820 566 1875 2.
609 1818 688 1873 Ad
747 1820 860 1870 liae
905 1814 1069 1869 aliam
1108 1823 1319 1881 quoque
1366 1802 1715 1875 philosophia:
1762 1798 2023 1853 rationem

439 1915 643 1985 cogites
682 1911 841 1965 velim
888 1926 901 1961 :
940 1904 1208 1976 quomodo
1248 1908 1486 1956 ventrem
1514 1910 1696 1967 parum
1734 1893 2023 1956 curabant,

440 2003 713 2077 quomodo
737 1998 1165 2061 instituebantur,
1198 2009 1265 2048 ne
1295 2005 1493 2047 mensa:
1519 1987 1740 2042 multum
1764 1986 2026 2040 rationem

442 2076 721 2153 haberent.
744 2093 873 2148 Nam
905 2092 956 2145 in
982 2087 1265 2146 solitudine
1289 2099 1408 2140 cum
1427 2090 1624 2147 essent,
1652 2088 1771 2151 post
1791 2076 2023 2133 triduum

438 2201 643 2261 septem
703 2202 867 2259 panes
920 2183 1203 2240 habebant.
1243 2179 1454 2235 Caetera
1500 2191 1624 2231 vero
1676 2174 1919 2230 Christus
1969 2179 2027 2226 ut

439 2286 585 2354 prius
612 2281 842 2352 disponit
874 2296 886 2333 :
916 2277 1226 2334 recumbere
1248 2272 1397 2343 jubet
1422 2272 1473 2325 in
1499 2279 1659 2335 terra,
1691 2277 1745 2323 et
1767 2266 1819 2321 in
1849 2264 2023 2319 mani-

440 2378 537 2431 bus
563 2373 941 2445 discipulorum
968 2384 1132 2441 panes
1156 2364 1487 2436 multiplicat.
1518 2363 1607 2418 55.
1651 2360 1817 2415 Jussit
1854 2358 2020 2421 enim,

435 2472 529 2536 ait,
555 2478 606 2523 ut
632 2468 791 2522 turbte
809 2464 1171 2520 discumberent
1200 2475 1352 2531 super
1380 2468 1584 2511 terram.
1619 2454 1708 2509 36.
1738 2453 1805 2507 Et
1829 2450 2019 2519 accipi-

433 2579 522 2617 ens
548 2561 765 2632 quinque
792 2572 946 2630 partes
975 2564 1018 2610 et
1050 2554 1231 2623 pisces,
1263 2551 1452 2623 gratias
1479 2563 1632 2618 agens
1658 2545 1829 2615 fregit,
1849 2553 1895 2597 et
1923 2546 2019 2596 da-

433 2655 519 2709 bat
538 2650 799 2723 discipulis
820 2646 1087 2719 :m’scipuli
1111 2662 1226 2700 vero
1251 2643 1426 2697 turbat.
1454 2641 1599 2695 Finis
1619 2653 1747 2695 vero
1776 2634 2019 2691 miraculi

430 2746 597 2818 priori
623 2744 813 2800 similis
832 2758 935 2797 non
959 2740 1075 2796 fuit.
1102 2740 1188 2796 57.
1220 2734 1808 2791 Manducaveruntenim
1826 2746 2016 2795 omnes,

432 2838 620 2909 inquit,
661 2847 706 2892 et
743 2834 958 2890 saturati
995 2841 1133 2896 sunt,
1173 2839 1219 2886 et
1259 2830 1479 2884 tulerunt
1517 2826 1650 2897 quod
1676 2834 1934 2895 supererat
1959 2825 2022 2877 de

432 2930 728 3002 fragmentis
756 2939 944 2997 septem
969 2935 1167 2996 sportas
1195 2924 1388 2994 plenas.
1421 2923 1509 2979 38.
1546 2922 1644 2987 Qui
1679 2930 1845 2974 autem
1883 2935 2019 2973 com-

431 3021 637 3076 ederunt
659 3027 802 3075 erant
831 3027 1045 3089 quatuor
1063 3016 1200 3070 mille
1227 3015 1339 3079 viri,
1368 3022 1547 3084 prater
1573 3010 1805 3065 mulieres
1825 3022 1868 3064 et
1894 3026 2017 3081 par-

432 3112 597 3168 vulos.
626 3110 733 3167 Sed
763 3125 862 3166 cur
887 3118 1013 3164 tunc
1038 3122 1158 3164 cum
1184 3105 1463 3177 quinquies
1489 3103 1635 3159 mille
1659 3112 1858 3168 essent,
1888 3100 2018 3156 duo-

430 3203 603 3259 decim
642 3200 855 3272 cophini
885 3197 1280 3271 superfuerunt,
1327 3196 1413 3253 hic
1439 3210 1586 3260 vero,
1620 3203 1844 3265 quatuor
1873 3192 2018 3247 mille

430 3309 551 3350 eum
599 3295 728 3360 sint,
768 3301 973 3364 septem
1015 3299 1212 3362 sporta:
1240 3297 1524 3362 supersunt
1550 3286 1776 3360 (Matth.
1806 3286 1893 3341 li.
1922 3284 2012 3340 20.

429 3388 494 3444 ει
521 3387 586 3460 )‘l
611 3403 709 3443 cur
744 3402 874 3458 ergo
913 3384 1148 3441 minores
1171 3392 1324 3440 erant
1354 3381 1617 3453 reliquiae,
1653 3395 1777 3437 cum
1802 3394 1908 3435 non
1940 3387 2018 3433 tot

428 3489 610 3537 essent
631 3479 720 3551 qui
742 3477 1133 3535 eomederent?‘
1150 3475 1239 3533 Vel
1261 3475 1543 3531 dicendum
1563 3481 1665 3539 est,
1688 3481 1904 3543 sportas
1927 3484 2018 3526 co-

430 3572 610 3644 phinis
638 3572 869 3643 majores
892 3569 1086 3637 fuisse;
1116 3569 1198 3624 vel
1221 3584 1288 3624 ne
1312 3568 1510 3639 paritas
1536 3565 1744 3621 numeri
1778 3565 1828 3620 in
1857 3563 2015 3619 mira-

428 3664 549 3721 culo
589 3664 913 3721 oblivionem
960 3670 1205 3734 pareret,
1253 3676 1318 3716 ex
1363 3658 1660 3716 diderentia
1701 3658 2014 3714 memoriam

430 3756 645 3811 illorum
687 3756 968 3818 excitasse,
1019 3762 1076 3808 ut
1099 3768 1164 3809 ex
1196 3752 1452 3807 varietate
1490 3759 1548 3806 et
1587 3749 1745 3820 huius
1775 3758 1828 3806 et
1874 3748 2015 3805 illius

431 3846 860 3901 recordarentur.
894 3844 1122 3915 ideoque
1159 3852 1282 3898 tunc
1304 3842 1565 3913 cophinos
1598 3841 2014 3912 l'ragmentorum

430 3938 708 4010 discipulis
758 3953 981 3993 numero
1021 3951 1181 4007 pares
1220 3935 1377 4003 l‘acit,
1424 3950 1567 3990 nunc
1608 3948 1745 3990 vero
1790 3933 2016 4005 panibus

430 4037 663 4101 sportas,
701 4037 756 4085 et
796 4029 847 4083 in
879 4028 982 4083 hoc
1010 4043 1221 4098 quoque
1247 4042 1397 4083 suam
1427 4026 1745 4082 ineffabilem
1779 4032 2014 4096 potesta-

432 4130 539 4176 tem
567 4120 817 4185 ostendit,
854 4130 908 4175 et
932 4119 1239 4175 facilitatem
1279 4118 1595 4188 imperandi,
1620 4133 1739 4172 cum
1768 4116 1933 4188 possit
1964 4124 2019 4171 et

432 4215 535 4270 hoc
564 4225 619 4271 et
650 4214 741 4270 illo
766 4213 924 4269 modo
946 4212 1200 4268 miracula
1222 4211 1403 4267 edere.
1427 4209 1606 4281 Neque
1630 4209 1770 4265 enim
1794 4207 2017 4264 modicae

432 4308 709 4379 potestatis
736 4316 849 4361 erat
872 4294 1150 4361 numerum
1174 4319 1329 4375 posse
1351 4317 1671 4358 conservare
1692 4300 1742 4355 in
1767 4308 2013 4371 utroque,

430 4417 551 4457 cum
577 4411 701 4456 tunc
723 4400 1004 4472 quinquies
1032 4400 1201 4467 mille,
1230 4413 1369 4453 nunc
1392 4378 1620 4468 quatuor
1641 4394 1785 4451 mille
1812 4402 2011 4459 essent,

432 4508 532 4548 nec
557 4494 729 4566 plura,
776 4508 875 4549 nec
919 4496 1166 4562 pauciora
1214 4490 1507 4561 fragmenta
1560 4489 1807 4559 relinqui,
1853 4503 2013 4559 quam

430 4594 557 4640 tunc
594 4584 831 4655 caphini,
878 4599 1018 4639 nunc
1064 4592 1261 4652 sporta:
1301 4589 1592 4653 caperent,
1616 4581 1720 4637 etsi
1762 4594 2018 4636 numerus

430 4678 773 4733 convivarum
822 4692 927 4731 non
974 4691 1067 4746 par
1087 4684 1250 4731 esset.
1281 4673 1429 4730 Finis
1465 4674 1547 4730 hic
1575 4684 1630 4731 et
1653 4674 1705 4731 in
1735 4674 1913 4746 priore
1936 4672 2016 4729 si-

431 4768 574 4823 milis
590 4767 705 4822 fuit.
725 4766 857 4821 Nam
885 4778 1025 4831 tunc,
1052 4766 1287 4821 dimissis
1316 4765 1503 4833 turbis,
1534 4766 1742 4837 navigio
1771 4765 2013 4833 recessit,

428 4870 484 4917 et
514 4860 600 4915 hic
627 4860 775 4924 item,
809 4868 866 4913 ut
889 4858 1120 4914 Joannes
1152 4858 1302 4930 (Cap.
1325 4858 1379 4914 6.
1411 4859 1500 4927 l7)
1539 4858 1684 4914 dicit.
1709 4858 1841 4927 Quia
1871 4859 2012 4913 enim

431 4953 635 5009 nullum
661 4952 869 5023 signum
910 4951 1046 5007 adeo
1088 4951 1294 5006 turbam
1334 4950 1616 5007 inducebat
1651 4950 1717 5005 ad
1756 4951 1901 5005 illum
1929 4965 2015 5006 se-

427 5048 720 5118 quendum,
743 5054 801 5101 ut
828 5061 1022 5118 panum
1054 5045 1367 5100 miraculum
1391 5087 1407 5113 ,
1442 5054 1497 5100 et
1534 5043 1634 5100 hoc
1675 5044 1833 5099 modo
1865 5044 2015 5114 sequi

429 5142 576 5197 illum
602 5183 619 5209 ,
645 5139 739 5196 sed
782 5140 942 5196 etiam
986 5152 1169 5210 regem
1209 5137 1385 5194 facere
1412 5137 1695 5202 volebant,
1726 5146 1783 5191 ut
1802 5152 2015 5192 omnem

430 5232 726 5305 tyrannidis
766 5230 1120 5302 suspicionem
1156 5229 1392 5295 devitet,
1427 5238 1545 5300 post
1580 5227 1882 5298 liujusmodi
1912 5228 2014 5282 mi-

430 5324 668 5379 raculum
713 5324 949 5380 recedit:
979 5337 1081 5378 nec
1120 5322 1364 5394 pedibus,
1413 5337 1481 5378 ne
1523 5321 1597 5376 illi
1641 5330 2011 5392 sequerentur,

428 5417 525 5472 sed
555 5415 785 5487 navigio.
816 5415 905 5472 59.
935 5413 1005 5471 Et
1048 5416 1257 5470 dimissa
1289 5414 1456 5482 turba,
1490 5414 1680 5485 inquit.
1711 5413 1936 5469 ascendit
1963 5414 2015 5468 in

430 5509 738 5571 naviculam,
768 5516 815 5563 et
860 5508 992 5563 venit
1035 5509 1088 5562 in
1130 5509 1259 5577 ﬁnes
1288 5506 1553 5579 Magdala.
1597 5506 1747 5577 (Cap.
1776 5504 1918 5576 XVI)
1961 5506 2010 5560 l.

431 5590 813 5655 Et'accedentes
838 5597 1085 5655 Phariswi
1112 5609 1158 5654 et
1197 5600 1469 5655 Sadductei
1510 5601 1752 5672 rogabant
1785 5616 1915 5664 eum,
1960 5609 2014 5653 ut

428 5693 628 5763 signum
665 5694 730 5747 de
765 5691 891 5747 caelo
911 5692 1191 5745 ostenderet
1222 5693 1311 5746 eis.
1357 5693 1412 5746 2.
1446 5692 1543 5747 Ille
1562 5703 1728 5748 autem
1752 5693 1880 5749 dixit
1904 5694 2012 5749 eis:

434 5782 648 5856 Vespere
678 5787 818 5858 {acto
843 5782 1041 5854 dicitis,
1079 5785 1322 5842 Serenum
1348 5791 1439 5843 erit
1464 5806 1480 5843 :
1505 5789 1837 5843 rubicundum
1875 5790 2005 5844 enim

1327 306 1379 362 S.
1415 302 1692 362 JOANNIS
1726 299 2197 360 CllRYSOSTOill
2235 298 2550 357 ARCHIEP.
2590 299 3123 358 CONSTANTINOP.

3618 299 3715 355 533

2136 414 2313 467 caelum
2335 424 2406 469 est
2425 431 2445 479 ;
2474 416 2525 470 3.
2556 425 2602 470 et
2645 431 2811 479 mane,
2847 414 3015 469 Hodie
3059 423 3324 483 tempestas
3378 414 3473 467 crit
3502 429 3521 467 :
3550 415 3716 465 rutilat

2133 507 2263 559 enim
2288 508 2428 561 triste
2452 507 2648 561 etclam.
2677 507 2731 563 4.
2761 505 2967 562 Faciem
2987 507 3098 561 cteli
3128 506 3283 560 nostis
3312 504 3618 576 diiudicare,
3649 508 3714 560 si-

2132 613 2233 667 gna
2272 614 2386 651 vero
2433 608 2714 668 temporum
2757 616 2858 653 non
2899 600 3148 671 potestis?
3195 597 3464 654 Generatio
3490 614 3647 668 prava
3676 610 3718 653 et

2130 690 2364 745 adultera
2388 692 2589 763 signum
2627 694 2827 762 qutcrit,
2868 702 2916 747 et
2940 694 3140 764 signum
3167 710 3267 747 non
3292 694 3496 747 dabitur
3528 693 3595 756 ei,
3628 694 3718 744 nisi

2130 781 2329 853 signum
2357 782 2507 837 Jonas
2533 786 2811 856 praphette.
2839 783 2910 838 Et
2937 784 3283 854 derelinquens
3310 801 3394 839 eos
3422 783 3567 838 abiit.
3591 783 3719 837 Mar-

2130 890 2226 931 cus
2251 885 2427 930 autcm
2457 876 2608 944 dicit,
2637 878 2775 933 Cum
2787 878 3140 934 accessissent
3163 889 3217 934 et
3237 885 3559 947 quiererent,
3578 878 3697 946 inge

2132 967 2330 1023 muisse
2350 968 2559 1037 spiritu,
2583 984 2647 1024 ac
2677 969 2877 1025 dixisse
2908 987 2922 1025 :
2958 969 3094 1036 Quid
3116 970 3370 1041 generatio
3398 971 3496 1023 ista
3522 970 3717 1040 signum

2130 1062 2307 1130 quierit
2334 1060 2524 1125 (Marc.
2552 1063 2605 1119 8.
2643 1063 2775 1135 l2)?
2802 1063 2922 1118 Etsi
2965 1064 3083 1119 talis
3112 1063 3461 1134 interrogatio
3505 1062 3641 1115 iram
3670 1073 3721 1115 et

2131 1152 2549 1223 indignationem
2581 1154 2751 1224 possit
2787 1155 3038 1217 excitare.
3067 1162 3302 1209 attamen
3344 1154 3608 1224 benignus
3635 1152 3720 1206 ille

2132 1243 2393 1299 Dominus
2416 1260 2521 1300 non
2552 1245 2820 1314 irascitur,
2854 1245 2948 1301 sed
2980 1246 3262 1301 miseratur
3303 1245 3425 1300 illos
3452 1254 3719 1314 tamquam

2130 1335 2409 1391 incurabiii
2454 1336 2643 1393 morbo
2668 1337 2992 1403 laborantes,
3028 1337 3118 1407 qui
3149 1347 3268 1407 post
3298 1346 3493 1390 tantam
3527 1344 3719 1405 poten-

2131 1426 2218 1479 ῑὶςυ
2247 1440 2360 1481 sua:
2403 1426 2937 1495 demonstrationem,
2978 1436 3237 1483 tentatum
3268 1427 3502 1482 veniant.
3540 1426 3719 1497 Neque

2128 1518 2271 1573 enim
2294 1518 2620 1575 accedebant
2647 1528 2703 1575 ut
2718 1521 3019 1587 crederent,
3043 1520 3136 1576 sed
3163 1530 3221 1575 ut
3240 1519 3717 1589 reprehenderent.

2129 1612 2262 1667 Nam
2293 1614 2358 1678 si,
2384 1622 2443 1668 ut
2482 1613 2786 1681 crederent,
2816 1615 3189 1681 accessissent,
3218 1615 3453 1671 dedisset
3490 1615 3672 1687 utique
3702 1634 3716 1670 :

2128 1706 2216 1773 qui
2257 1705 2399 1760 enim
2443 1706 2651 1762 mulieri
2696 1706 2848 1773 dixit,
2882 1705 3003 1761 Non
3030 1717 3103 1762 est
3148 1708 3334 1761 bonum
3372 1708 3601 1780 (Matth.
3628 1709 3715 1765 15.

2127 1794 2243 1866 26),
2274 1804 2333 1851 et
2370 1805 2552 1866 postea
2598 1797 2806 1868 signum
2851 1798 3015 1863 dedit,
3053 1800 3219 1853 multo
3264 1799 3430 1868 magis
3462 1799 3547 1855 his
3572 1815 3711 1870 ρη-

2129 1886 2350 1942 buisset.
2376 1887 2574 1943 Verum
2602 1891 2723 1960 quia
2746 1904 2851 1945 non
2878 1890 3194 1961 qmerehant
3214 1899 3275 1946 ut
3297 1891 3598 1957 crederent,
3624 1892 3716 1963 hy-

2130 1980 2357 2049 pocritas
2403 1980 2521 2035 illos
2561 1981 2686 2037 alibi
2734 1993 2908 2049 vocat,
2940 1983 3061 2053 quia
3087 1982 3228 2038 aliud
3259 1984 3529 2051 dicebant,
3573 1986 3715 2039 aliud

2127 2072 2450 2128 sentiebant.
2495 2072 2551 2130 Si
2580 2074 2721 2130 enim
2752 2073 3126 2137 credidissent.
3169 2091 3274 2129 non
3306 2076 3519 2145 petituri
3542 2086 3713 2131 erant.

2127 2163 2358 2220 Aliunde
2385 2165 2546 2221 etiam
2571 2166 2743 2237 palam
2766 2175 2846 2222 est
2876 2166 3018 2237 ipsos
3046 2183 3150 2222 non
3183 2168 3496 2224 credidisse.
3535 2167 3713 2224 lucre-

2126 2256 2233 2326 pati
2258 2258 2455 2328 quippe
2480 2266 2534 2314 et
2555 2258 2834 2325 confutati,
2862 2274 2967 2314 non
2996 2269 3325 2326 manserunt,
3354 2276 3530 2331 neque
3564 2261 3714 2316 dixe-

2125 2361 2289 2409 runt:
2329 2352 2642 2424 ignoramus
2687 2362 2742 2409 et
2778 2352 3022 2409 ediscere
3064 2354 3377 2425 querimus.
3403 2353 3560 2423 Quod
3589 2370 3716 2410 vero

2123 2444 2331 2515 signum
2358 2443 2427 2499 de
2451 2444 2584 2499 caelo
2614 2444 2906 2514 petebant?
2947 2442 3018 2501 Ut
3054 2443 3222 2499 solem
3251 2445 3486 2512 sisteret,
3520 2446 3603 2501 vel
3629 2445 3713 2499 lu-

2125 2552 2246 2592 nam
2278 2536 2533 2602 frenaret,
2583 2546 2677 2593 aut
2723 2536 2944 2593 fulmina
2976 2538 3232 2606 mitteret,
3258 2547 3347 2592 aut
3373 2552 3556 2593 aerem
3594 2553 3713 2593 mu-

2124 2639 2282 2699 taret,
2328 2641 2419 2687 aut
2454 2632 2580 2703 quid
2629 2632 2821 2688 simile.
2864 2633 3000 2700 Quid
3045 2633 3203 2704 igitur
3223 2632 3298 2688 ait
3326 2633 3478 2703 ipse?
3506 2630 3713 2686 Faciem

2120 2725 2233 2780 ccli
2260 2724 2542 2796 dijudicare
2564 2726 2721 2790 scitis,
2752 2727 2901 2797 signa
2923 2741 3038 2780 vero
3055 2736 3333 2797 temporum
3356 2741 3459 2779 non
3480 2726 3714 2795 potestis?

2124 2816 2342 2873 Vidistis
2373 2818 2837 2874 mansuetudinem
2863 2828 2918 2874 et
2944 2818 3363 2874 moderationem
3380 2818 3411 2873 ἳ-
3424 2817 3542 2873 Non
3570 2819 3709 2873 enim

2121 2918 2178 2966 ut
2206 2911 2353 2981 prius
2394 2910 2606 2981 negavit
2644 2921 2699 2966 et
2723 2910 2876 2976 dixit,
2907 2910 3028 2965 Non
3057 2910 3259 2964 dabitur
3286 2911 3333 2965 ei
3358 2912 3379 2979 (
3398 2909 3588 2964 Matth.
3623 2911 3708 2966 12.

2120 3003 2190 3060 39
2210 3001 2252 3075 ),
2284 3002 2379 3058 sed
2405 3017 2624 3058 causam
2652 3018 2748 3058 cur
2788 3017 2892 3059 non
2934 3002 3027 3059 det
3065 3001 3240 3069 aii'ert,
3270 3001 3478 3058 etiamsi
3504 3002 3580 3056 illi
3606 3019 3709 3056 non

2120 3106 2179 3154 ut
2201 3098 2471 3156 discerent
2494 3101 2902 3171 interrogarent.
2928 3099 3183 3169 Quianam
3213 3100 3373 3171 igitur
3389 3115 3548 3156 causa
3574 3100 3711 3155 erat?

2119 3189 2190 3248 Ut
2216 3191 2271 3246 in
2291 3192 2445 3258 caelo,
2475 3193 2665 3265 inquit,
2692 3192 2835 3248 aliud
2861 3192 3174 3263 signumest
3197 3193 3547 3263 tempestatis,
3572 3192 3709 3247 aliud

2119 3285 2538 3357 tranquiliitatis,
2588 3300 2689 3342 nec
2716 3286 2835 3357 quis
2859 3293 3148 3356 compecto
3178 3287 3508 3355 tempestatis
3531 3286 3706 3356 signo,

2118 3378 2554 3451 tranquillitatem
2599 3386 2892 3449 exspectat,
2925 3393 3097 3450 neque
3126 3379 3180 3433 in
3210 3379 3594 3449 tranquillitate
3622 3394 3707 3435 se-

2116 3486 2244 3526 rena
2268 3480 2636 3540 tempestatem
2671 3487 2684 3522 :
2713 3469 2791 3524 sic
2814 3468 2882 3524 de
2922 3484 3010 3524 me
3037 3483 3249 3540 quoque
3275 3469 3705 3524 existimandum.

2117 3563 2274 3619 Aliud
2301 3564 2443 3620 enim
2489 3571 2572 3618 est
2602 3572 2809 3633 tempus
2840 3561 2998 3631 hujus
3021 3560 3302 3629 adventus,
3332 3560 3477 3616 aliud
3524 3563 3706 3616 laturi.

2118 3658 2271 3714 Nunc
2295 3673 2431 3729 opus
2460 3666 2544 3713 est
2584 3657 2749 3727 signis
2777 3656 2901 3725 illis,
2930 3671 3048 3727 quae
3076 3655 3129 3710 in
3161 3664 3302 3711 terra
3331 3655 3559 3722 dantur;
3592 3672 3709 3727 qua

2118 3753 2171 3808 in
2202 3752 2335 3809 caelo
2361 3760 2562 3819 autem,
2587 3752 2640 3806 in
2668 3750 2798 3805 illud
2842 3758 3051 3820 tempus
3078 3758 3446 3804 reservantur.
3475 3749 3628 3805 Nunc
3656 3761 3712 3805 ut

2118 3843 2360 3900 medicus
2379 3842 2520 3909 veni,
2551 3852 2675 3897 tunc
2700 3850 2757 3896 ut
2794 3840 2955 3911 judex
2982 3839 3181 3906 adero;
3214 3855 3357 3896 nunc
3389 3849 3447 3896 ut
3472 3856 3707 3912 quaeram

2119 3951 2213 3992 eos
2241 3935 2333 4006 qui
2370 3944 2706 4001 erraverunt,
2755 3941 2881 3989 tunc
2909 3940 2969 3988 ut
3004 3933 3241 3988 rationes
3264 3940 3526 4003 repetam.
3559 3933 3710 3989 Ideo-

2117 4028 2413 4098 quelatens
2441 4025 2593 4091 veni;
2624 4034 2750 4081 tunc
2774 4025 2983 4096 publice
3009 4035 3063 4081 et
3088 4024 3263 4094 palam
3302 4025 3462 4082 caelos
3488 4028 3707 4082 convol-

2119 4136 2258 4187 vam,
2282 4120 2450 4175 solem
2479 4116 2821 4182 abscondam,
2846 4118 3024 4172 lunam
3045 4132 3152 4171 non
3178 4116 3352 4173 sinam
3379 4118 3509 4173 dare
3532 4118 3707 4175 lucem

2118 4227 2287 4267 suam.
2316 4211 2466 4266 Tunc
2488 4212 2709 4264 virtutes
2735 4209 2989 4264 calorum
3021 4207 3397 4277 movebuntur,
3422 4208 3712 4266 adventus-

2118 4317 2221 4373 que
2259 4316 2411 4356 meus
2439 4299 2629 4356 similis
2657 4299 2760 4355 erit
2796 4296 2988 4368 fulguri
3026 4296 3305 4353 confestim
3334 4299 3581 4355 omnibus
3611 4317 3708 4373 ap-

2119 4396 2344 4467 parenti.
2368 4393 2473 4451 Sed
2491 4408 2597 4450 non
2613 4402 2696 4449 est
2713 4391 2823 4463 jam
2846 4401 3057 4462 tempus
3080 4390 3383 4462 huiusmodi
3408 4393 3706 4463 signorum.

2116 4491 2249 4547 Nam
2276 4489 2396 4545 veni
2425 4488 2715 4543 moriturus
2744 4494 2799 4541 et
2827 4485 3131 4554 turpissima
3163 4498 3439 4554 passurus.
3463 4485 3581 4541 Non
3613 4501 3709 4541 au-

2116 4584 2272 4641 distis
2318 4580 2632 4653 prophetam
2680 4578 2946 4634 dicentem
2991 4595 3006 4634 :
3052 4576 3176 4631 Non
3217 4578 3502 4645 contendet,
3552 4595 3712 4649 neque

2116 4676 2375 4740 clamabit,
2403 4688 2561 4744 neque
2599 4670 2833 4725 audietur
2860 4669 2985 4741 foris
3010 4685 3108 4723 vos:
3135 4669 3244 4739 ejus
3265 4667 3288 4739 ('
3312 4666 3440 4723 Isai.
3475 4669 3568 4724 ὀὶ.
3597 4671 3635 4724 ‘2
3656 4670 3713 4741 )?

2117 4778 2172 4824 et
2195 4767 2356 4823 alium
2380 4777 2564 4821 rursus
2596 4779 2611 4817 :
2640 4759 2918 4817 Descendet
2944 4761 3072 4815 sicut
3098 4758 3270 4830 pluvia
3289 4760 3343 4815 in
3357 4759 3519 4816 vellus
3539 4760 3710 4833 (Psal.

2116 4860 2206 4916 Ἠ.
2238 4859 2321 4929 6)?

2190 4956 2242 5009 5.
2266 4952 2417 5022 Quod
2444 4953 2488 5007 si
2514 4965 2578 5007 ea
2608 4951 2757 5021 signa
2784 4949 2963 5005 dicant
2990 4962 3111 5018 qua:
3132 4948 3231 5003 sub
3266 4946 3550 5003 Pharaone
3579 4947 3715 5005 facta

2116 5055 2263 5113 sunt,
2289 5058 2419 5100 sane
2462 5043 2553 5098 illo
2600 5052 2839 5111 tempore
2878 5041 2945 5095 ab
2970 5039 3121 5095 hoste
3158 5038 3288 5109 eripi
3316 5040 3624 5109 oportebat,
3654 5056 3717 5095 ac

2116 5137 2234 5209 jure
2256 5136 2342 5191 illa
2372 5134 2568 5190 ﬁebant
2596 5133 2744 5204 signa
2778 5149 2792 5185 :
2827 5131 2901 5186 illi
2926 5139 3125 5197 autem,
3152 5130 3240 5201 qui
3269 5130 3335 5186 ad
3374 5132 3584 5187 amicos
3615 5132 3712 5186 ad-

2120 5231 2280 5296 venit,
2316 5245 2420 5284 non
2450 5242 2585 5299 opus
2613 5235 2696 5283 est
2724 5227 2890 5296 signis
2916 5225 3039 5281 illis.
3075 5224 3355 5293 Quomodo
3390 5233 3570 5280 autem
3601 5241 3709 5279 ma-

2118 5339 2220 5395 gna
2239 5323 2327 5378 illa
2346 5322 2505 5389 dabo,
2533 5335 2653 5376 cum
2676 5335 2836 5391 parva
2856 5334 2958 5374 non
2982 5317 3303 5373 credantur?
3325 5316 3491 5372 Parva
3512 5319 3712 5375 scilicet

2118 5424 2374 5488 quantum
2418 5414 2484 5468 ad
2528 5412 2961 5477 ostentationem,
3012 5426 3133 5465 nam
3178 5410 3282 5464 illis
3318 5410 3515 5463 virtute
3544 5410 3714 5463 multo

2120 5507 2323 5576 majora
2369 5513 2511 5560 sunt.
2559 5502 2695 5572 Quid
2738 5504 2879 5558 enim
2930 5517 3026 5572 par
3073 5502 3230 5555 fuerit
3256 5509 3598 5570 peccatorum
3631 5516 3711 5554 rc-

2118 5599 2400 5656 missioni?
2443 5596 2569 5668 quid
2613 5606 2718 5651 tam
2765 5594 3008 5649 mirabile
3053 5593 3211 5648 fuerit
3256 5608 3414 5662 quam
3442 5602 3709 5646 mortuum

2118 5692 2409 5757 suscitare,
2460 5691 2734 5745 daemonas
2779 5687 3015 5758 pellere,
3061 5699 3255 5755 corpus
3298 5684 3629 5745 reformare,
3658 5691 3708 5735 et

2121 5786 2297 5843 omnia
2348 5781 2686 5840 restaurare?
2728 5780 2806 5835 Tu
2846 5795 2972 5835 vero
3020 5794 3113 5833 cor
3158 5790 3340 5832 eorum
3380 5784 3700 5829 occaecatum
