3916 6302
118 352 246 409 B27

112 476 428 547 διασλέψαι
455 475 588 547 πρὸς
619 476 677 531 τὸ
718 480 847 548 παρ’
883 476 1046 531 αὐτοῦ
1076 475 1247 530 ταῦτα
1289 477 1528 547 αἰτῆσαι.
1578 477 1688 530 Καὶ
1715 476 1825 547 7&9

111 560 446 624 δεικνύντος
472 555 539 630 ἦν
556 560 622 614 τὰ
661 562 902 631 ῥήματα,
938 562 1019 614 ὅτι
1064 560 1285 613 δύναται
1311 560 1387 630 μή
1421 559 1685 613 ἀπολῦσαι
1724 561 1823 612 αὐ-

110 649 265 711 τοὺς
286 646 525 718 νήστεις,
551 645 646 699 καὶ
674 645 1029 716 ἐμφαίνοντος
1062 644 1161 716 τὴν
1190 644 1458 708 ἐξουσίαν.
1488 644 1560 696 Τὸ
1587 645 1715 713 γὰρ,
1742 646 1825 698 Οὐ

110 728 313 791 θέλω,
355 728 515 782 τοῦτό
553 730 701 783 ἐστιν
741 728 1175 798 ἐνδεικνυμένου.
1218 727 1438 797 Ἐπειδὴ
1478 727 1533 781 δέ
1566 727 1659 781 τοῦ
1689 727 1826 797 πλή-

112 813 265 875 Θους
293 812 712 884 ἐμνημόνευσαν
743 811 951 874 λοιπὸν.
973 814 1067 865 καὶ
1098 809 1191 865 τοῦ
1221 810 1410 875 τόπου,
1444 811 1540 865 καὶ¹
1566 812 1667 882 τῆς
1695 812 1824 883 ἐρη-

112 895 303 965 μίαςο
364 895 588 967 (Πόθεν
646 897 777 969 γὰρ,
831 895 1019 965 φησὶν,
1077 894 1223 963 ἡμῖν
1276 895 1345 948 ἐν
1391 895 1605 964 ἐρημίᾳ
1659 894 1825 962 ᾶρτοι

110 983 440 1047 τοσοῦτοι,
499 981 657 1035 ὥστε
710 980 1001 1051 χορτάσαι
1056 980 1248 1049 ὄχλον
1298 980 1595 1035 τοσοῦτον
1621 982 1660 1050 ;)
1731 982 1825 1035 καὶ

108 1065 257 1119 οὐδὲ
297 1065 444 1120 οὕτω
490 1066 727 1137 συνῆκαν
768 1065 829 1118 τὸ
870 1064 1080 1133 λεχθὲν,
1132 1063 1315 1118 λοιπὸν
1366 1064 1530 1128 αὐτὸς
1579 1065 1647 1119 τὰ
1692 1067 1823 1137 παρ’

110 1146 333 1202 ἑαυτοῦ
380 1147 646 1217 είσφέρει,
696 1147 791 1199 καί
834 1163 999 1217 φησιν
1041 1148 1259 1210 αὐτοῖς’
1317 1148 1558 1211 Πόσους
1605 1147 1824 1217 ἄρτους

108 1233 341 1301 ἕχει-π
389 1234 455 1285 Ol
498 1230 567 1284 δὲ
608 1231 919 1301 λέγουσιν,
970 1229 1173 1295 Ἑπτὰ,
1210 1231 1309 1284 καὶ
1339 1232 1516 1301 ὀλίγα
1565 1232 1818 1301 ἰχθύδια.

110 1322 242 1374 Καὶ
262 1319 451 1372 οὐκέτι
478 1318 750 1387 λέγουσιν,
793 1316 971 1382 Ἀλλὰ
991 1316 1179 1371 ταῦτα
1206 1318 1264 1371 τί
1293 1318 1466 1372 ἐστιν
1485 1320 1572 1385 είς
1607 1321 1823 1375 τοσού-

110 1422 313 1471 τους;
346 1403 539 1474 ὥσπερ
577 1401 890 1473 ἐμπροσθεν
935 1398 1111 1457 εἷπον.
1156 1401 1344 1467 Οὕτως
1389 1405 1438 1456 εί
1477 1404 1573 1458 καί¹
1618 1406 1692 1477 μὴ
1725 1405 1819 1460 τοῦ

110 1489 339 1554 παντὸς
393 1488 868 1561 ἐπελαμδάνοντο,
932 1488 1048 1542 ἀλλ’
1101 1489 1253 1559 ὅμως
1305 1487 1629 1562 ὑψηλότεροι
1680 1491 1820 1547 κατά

114 1571 333 1645 μικρὸν
370 1572 629 1642 ἐγίνοντο.
659 1571 768 1625 Καὶ
788 1571 897 1643 γὰρ
927 1572 1022 1626 καὶ
1052 1573 1216 1637 αὐτὸς
1237 1573 1326 1629 διὰ
1352 1575 1556 1629 τούτων
1588 1576 1821 1648 ἐγείρων

111 1657 309 1710 αὐτῶν
343 1657 443 1729 τὴν
478 1656 737 1722 διάνοιαν,
779 1657 981 1728 ὁμοίως
1010 1658 1212 1729 ἐρωτᾷ,
1251 1657 1442 1733 ὥσπερ
1479 1662 1573 1716 καὶ
1621 1663 1819 1730 πρότε-

113 1759 245 1812 ρον,
269 1743 362 1795 ῖνα
388 1742 482 1796 καὶ
510 1742 589 1814 τῷ
614 1742 798 1813 τρόπῳ
829 1742 926 1811 τῆς
955 1743 1279 1813 ἐρωτήσεως
1307 1744 1592 1818 ἀναμνήσῃ
1621 1748 1819 1812 αὐτοὺς

110 1826 235 1879 τῶν
283 1826 834 1898 ἧδηγεγενημένων.
883 1828 957 1880 Σὺ
1010 1826 1067 1880 δὲ
1117 1825 1305 1899 ὥσπερ
1342 1824 1481 1893 εἶδες
1531 1831 1709 1886 αὐτῶν
1756 1834 1815 1888 τὸ

111 1911 318 1975 ἀτελὲς
350 1912 413 1965 ἐκ
433 1910 660 1975 τούτων,
695 1908 837 1965 οὕτω
867 1910 1151 1981 κατάμαθε
1180 1913 1272 1966 καὶ
1310 1913 1371 1966 τὸ
1404 1914 1688 1985 φιλόσοφον
1717 1918 1813 1987 τῆς

111 1995 378 2068 γνώμης,
428 1998 523 2050 καὶ
563 1995 843 2067 θαύμασον
889 1996 949 2049 τὸ
983 1996 1300 2068 φιλάληθες,
1353 1998 1471 2062 πῶς
1502 2001 1654 2053 αὐτοὶ
1679 2004 1815 2072 γρά-

112 2097 345 2149 φοντες,
400 2079 469 2134 τὰ
517 2080 728 2134 ἐαυτῶν
777 2080 838 2134 οὐ
894 2079 1233 2151 κρύπτουσιν
1278 2080 1658 2153 ἐλαττώματα,
1720 2085 1817 2139 καί⁵

110 2163 304 2217 ταῦτα
351 2164 562 2234 μεγάλα
604 2164 756 2220 ὄντα.
802 2163 937 2217 Οὐδὲ
980 2163 1089 2235 γὰρ
1123 2163 1185 2217 τὸ
1230 2163 1390 2234 τυχὸν
1423 2159 1492 2234 ἦν
1540 2165 1814 2236 ἔγκλημα,

112 2252 359 2323 ἔναγχος
383 2249 479 2304 τοῦ
516 2250 743 2319 σημείου
773 2248 963 2302 τούτου
1001 2248 1294 2319 γενομένου
1393 2249 1567 2314 οὕτως
1608 2252 1812 2319 εὐθέως

113 2335 519 2391 ἐπιλαθέσθαν
554 2334 643 2389 διὰ
676 2333 833 2388 τοῦτο
865 2334 959 2386 καὶ
991 2332 1375 2401 ἑπιτιμῶνται.

195 2492 267 2562 β’.
329 2489 485 2546 Μετά
504 2489 561 2543 δέ
584 2487 793 2541 τούτων
822 2486 916 2541 καὶ
940 2484 1040 2557 τήν
1082 2483 1250 2555 ἀλλην
1279 2485 1598 2556 φιλοσοφίαν
1624 2488 1812 2556 ἐννόη-

114 2595 221 2631 σον
241 2594 254 2607 ι
295 2575 413 2639 πῶς
440 2568 581 2645 ἦσαν
603 2571 843 2642 γαστρὸς
872 2571 1152 2641 κρείττους
1171 2589 1185 2602 ο
1218 2569 1335 2633 πῶς
1363 2570 1709 2626 ἐπαιδεύοντο
1738 2574 1813 2646 μὴ

112 2660 297 2713 πολὺν
332 2657 599 2712 ποιεῖσθαι
626 2653 906 2725 τραπέζης
931 2654 1108 2722 λόγον.
1151 2653 1239 2707 Ἐν
1262 2656 1467 2727 ἐρημίᾳ
1502 2656 1611 2727 γάρ
1639 2657 1808 2720 ὄντες,

112 2747 221 2799 καὶ
256 2745 406 2814 τρεῖς
427 2741 639 2811 ἡμέρας
666 2740 784 2793 ἐκεῖ
808 2738 1190 2808 διατρίίῖοντες,
1235 2738 1373 2792 ἑπτὰ
1404 2740 1602 2809 ἄρτους
1640 2736 1805 2811 εἶχον.

110 2829 205 2881 τά
239 2826 340 2896 μὲν
370 2820 464 2879 οὖν
494 2824 628 2877 ἀλλα
650 2822 850 2892 ὁμοίως
896 2824 1008 2884 τοῖς
1034 2823 1321 2892 προτέροις
1348 2825 1528 2875 ποιεῖ’
1575 2825 1669 2877 καὶ
1702 2824 1809 2896 γὰρ

111 2909 446 2966 κατακλίνει
483 2909 681 2970 αὐτοὺς
724 2907 815 2958 ἐπὶ
858 2905 956 2975 τὴν
995 2904 1121 2975 γῆν,
1166 2906 1258 2957 καὶ
1287 2907 1343 2957 ἐν
1365 2910 1485 2969 ταῖς
1514 2908 1668 2977 χερσὶ
1702 2908 1809 2963 τῶν

116 2993 388 3066 μαθητῶν
414 2995 558 3046 ποιεῖ
590 2988 857 3061 πηγάζειν
897 2989 1024 3052 τούς
1065 2989 1281 3059 ἄρτους.
1329 2989 1642 3045 Ἐκέλευσε
1678 2992 1807 3063 γὰρ,

112 3079 282 3149 φησι,
344 3076 486 3143 τοὺς
545 3074 769 3144 ὄχλους
832 3070 1164 3128 ἀναπεσεῖν
1204 3072 1302 3125 ἐπὶ
1352 3072 1467 3140 τὴν
1512 3074 1648 3144 γῆν.
1701 3076 1807 3131 Καὶ

110 3162 332 3218 λαϐὼν
374 3160 517 3225 τοὺς
561 3158 711 3213 ἐπτά
742 3157 959 3227 ἄρτους
994 3156 1089 3208 καί
1121 3155 1260 3223 τοὺς
1309 3158 1536 3225 ἰχθύας,
1569 3161 1809 3229 εὐχαρι.

111 3246 369 3313 στήσας
410 3246 656 3308 ἔκλασε,
707 3241 805 3296 καί
846 3239 1048 3294 ἐδίδου
1089 3239 1212 3306 τοῖς
1258 3242 1584 3309 μαθηταῖς·
1643 3247 1699 3297 οἱ
1744 3243 1812 3298 δὲ

108 3330 383 3402 μαθηταὶ
419 3328 499 3395 τῷ
527 3330 707 3397 ὄχλῳ.
751 3326 825 3379 Τδ
858 3324 915 3380 δὲ
953 3323 1105 3387 τέλος
1139 3324 1325 3378 οὐκέτι
1371 3326 1575 3395 ὅμοιον.
1622 3328 1809 3395 Ἔφα-

114 3436 237 3483 την
273 3416 386 3488 7&9
403 3414 647 3479 πάντες,
679 3410 833 3481 φησὶ,
861 3409 958 3464 καὶ
987 3407 1449 3477 ἐχορτάσθησαν
1467 3425 1480 3440 ·
1520 3409 1619 3463 καὶ
1659 3406 1813 3481 ἦραν

111 3505 190 3560 τὸ
224 3499 599 3571 περισσεῦον
624 3494 743 3550 τῶν
768 3494 1134 3563 κλασμάτων
1154 3491 1303 3546 ἑπτὰ
1329 3493 1630 3561 σπυρίδας
1655 3495 1811 3564 πλή-

109 3602 273 3659 ραις.
313 3585 380 3637 Ol
414 3581 482 3635 δὲ
528 3580 837 3644 ἐσθίοντες
887 3572 1050 3646 ἦσαν
1099 3575 1810 3659 τετρακισχίλιοιάνδρες

116 3656 312 3741 χωρίς
351 3660 657 3735 γυναικῶν
689 3660 788 3715 καί
828 3659 1102 3717 παιδίων.
1157 3656 1315 3712 Ἀλλά
1350 3657 1491 3712 διατί
1529 3658 1647 3713 τότε
1710 3662 1809 3732 μέν

114 3749 583 3821 πεντακισχιλίων
630 3747 818 3811 ὄντων,
870 3744 1075 3798 δώδεκα
1124 3741 1337 3812 κόφινοι
1385 3742 1806 3813 ἐπερίσσευσαν.

114 3835 365 3892 ἐνταῦθα
426 3834 483 3887 δέ
547 3826 1036 3901 τετρακισχιλίων,
1098 3828 1239 3881 ἐπτά
1302 3828 1597 3899 σπυρίδεςς
1664 3830 1810 3894 τινος

115 3918 219 3977 οὖν
245 3922 433 3974 ἕνεκεν
468 3916 563 3970 καὶ
590 3912 732 3969 διατι
758 3913 1017 3967 ἐλάττονα
1043 3906 1112 3983 ἦν
1149 3914 1218 3966 τά
1253 3913 1499 3983 λείψανα,
1530 3914 1709 3968 καίτοι
1746 3915 1807 3969 οὐ

120 4002 401 4062 τοσούτων
428 4000 598 4054 δντων
622 3996 731 4051 τῶν
760 3994 1103 4065 ἑστιωμένων
1125 4013 1138 4061 ;
1176 3996 1246 4049 Ἦ
1276 3997 1456 4051 τοίνυν
1480 3997 1639 4052 τοῦτο
1663 3999 1809 4054 ἐστιν

113 4090 323 4151 εῖπεῖν,
358 4086 441 4140 ὅτι
476 4084 533 4137 αι
564 4080 821 4152 σπυρίδες
845 4078 952 4133 τῶν
972 4078 1208 4149 κοφίνων
1239 4079 1455 4150 μείζους
1483 4078 1625 4153 ἦσαν
1648 4100 1663 4114 ο
1695 4083 1726 4155 ἦ
1758 4085 1808 4137 εί

121 4173 207 4245 μὴ
234 4169 417 4229 τοῦτο.
448 4166 537 4220 ῖνα
576 4165 649 4237 μὴ
677 4163 895 4231 πάλινή
933 4162 1115 4233 ἰσότης
1151 4162 1246 4216 τοῦ
1272 4165 1500 4234 σημείου
1536 4168 1615 4229 είς
1636 4165 1807 4238 λήθην

115 4254 326 4315 αὐτοὺς
368 4249 603 4321 ἐμϐάλῃ,
639 4250 707 4319 τῇ
740 4247 972 4317 διαφορᾷ
1014 4246 1114 4315 τήν
1150 4247 1372 4318 μνήμην
1400 4248 1580 4303 αὐτῶν
1612 4249 1807 4320 διεγεξ-

120 4356 250 4411 ρει,
292 4337 382 4389 ἵνα
432 4335 497 4387 ἐκ
532 4329 628 4384 τοῦ
680 4327 1135 4401 παρηλλαγμένου
1174 4330 1563 4397 ἀναμνησθῶσι
1614 4332 1805 4385 κάκεί-

115 4439 215 4474 νου
260 4418 356 4472 καὶ
403 4416 615 4471 τούτου.
662 4413 761 4466 Διά
795 4412 858 4482 δὴ
890 4411 1046 4464 τοῦτο
1080 4412 1199 4465 τότε
1239 4414 1338 4482 μὲν
1384 4416 1497 4478 τοῖς
1533 4415 1805 4485 μαθηταῖς

121 4500 456 4573 ἰσαρίθμους
494 4499 639 4551 ποιεῖ
668 4496 794 4558 τοὺς
820 4496 1071 4565 κοφίνους
1116 4493 1225 4547 τῶν
1263 4493 1549 4565 λειψάνων,
1597 4497 1715 4550 νυνὶ
1747 4496 1805 4550 δέ

115 4588 234 4649 τοῖς
256 4584 447 4657 ἄρτοις
466 4581 564 4644 τὰς
593 4578 875 4650 σπυρίδας,
920 4578 1021 4631 κάν
1050 4576 1225 4647 τούτῳ
1258 4576 1355 4648 τὴν
1394 4577 1599 4647 ἄφατον
1644 4579 1806 4635 δύνα-

120 4688 220 4742 μιν
259 4664 684 4734 ἐνδεικνύμενος,
726 4661 819 4714 καὶ
854 4660 951 4732 τὴν
983 4659 1234 4713 εὐκολίαν
1278 4660 1377 4731 τῆς
1420 4662 1688 4730 ἐξουσίας,
1721 4666 1804 4719 ὅτι

117 4750 276 4822 αὐτῷ
304 4747 525 4805 δυνατὸν
561 4746 654 4799 καὶ
683 4743 824 4798 οὕτω
858 4744 949 4797 καὶ
985 4743 1185 4815 ἑτέρως
1228 4743 1297 4798 τά
1333 4743 1554 4799 τοιαῦτα
1589 4745 1802 4819 θαυμα-

116 4835 398 4907 τουργεῖν.
428 4830 563 4886 Οὐδὲ
584 4829 693 4901 7&9
725 4830 925 4899 μικρᾶς
946 4827 1230 4898 δυνάμεως
1252 4824 1341 4899 ἦν,
1371 4829 1432 4883 τὸ
1456 4828 1547 4882 τὸν
1572 4832 1803 4903 ἀριθμὸν

118 4917 281 4994 [550]
313 4913 643 4985 διατηρῆσαι
667 4913 759 4965 καὶ
789 4912 909 4964 τότε
940 4912 1035 4965 καὶ
1075 4911 1190 4973 νῦν,
1224 4912 1343 4964 τότε
1384 4911 1483 4982 μὲν
1514 4931 1805 4969 πεντακισ-

118 5003 313 5077 χιλίων
340 4998 538 5064 δντων,
578 4996 694 5050 νυνὶ
728 4994 784 5048 δὲ
834 4994 1312 5066 τετρακισχιλίων·
1364 4996 1459 5052 καὶ
1508 4998 1645 5069 μήτε
1682 4999 1803 5053 τότε

117 5088 232 5143 τῶν
263 5082 525 5153 κοφίνων,
572 5080 709 5151 μήτε
758 5078 851 5132 νῦν
887 5078 994 5131 τῶν
1036 5077 1309 5148 σπυρίδων
1366 5080 1503 5151 μήτε
1547 5080 1804 5137 ἐλάττονα

121 5173 268 5245 μήτε
337 5166 563 5221 πλείονα
639 5161 891 5232 γενέσθαι
964 5161 1178 5229 ἀφεῖναι
1235 5162 1305 5215 τὰ
1354 5161 1604 5233 λείψανα,
1678 5166 1801 5220 καί.

117 5270 274 5323 τοιγε
316 5251 411 5306 τοῦ
470 5247 712 5320 πλήθους
768 5246 877 5299 τῶν
928 5245 1270 5316 ἑστιωμένων
1321 5248 1578 5319 διαφόρου
1629 5249 1800 5314 ὄντος.

118 5336 353 5393 Καὶ-το
424 5332 578 5396 τέλος
627 5332 685 5384 δὲ
728 5331 913 5401 ὅμοιον
965 5328 1043 5399 τῷ
1090 5332 1360 5403 προτέρῳ.
1417 5334 1527 5387 Καὶ
1560 5334 1669 5406 γὰρ
1709 5336 1803 5389 καὶ

114 5423 244 5478 τότε
323 5419 451 5483 τοὺς
540 5416 728 5486 ὄχλους
809 5414 967 5483 ἀφεὶς
1053 5414 1400 5487 ἀνεχώρησεν
1489 5420 1546 5472 ἐν
1630 5420 1801 5492 πλοίῳ

118 5508 216 5562 καὶ
263 5503 397 5558 νῦν·
446 5500 541 5554 ειιαλ⁸
585 5502 613 5553 6
645 5499 895 5566 Ἰωάννης
943 5497 997 5550 δὲ
1044 5498 1201 5550 τοῦτό
1245 5517 1428 5571 φησιν.
1446 5500 1664 5575 Ἐπειδὴ
1694 5504 1804 5575 γὰρ

116 5587 275 5643 οὐδὲν
308 5584 451 5639 οὕτω
480 5584 702 5654 σημεῖον
725 5579 1038 5634 ἀκολουθεῖν
1072 5580 1218 5651 αὐτῷ
1259 5583 1694 5653 παρεσκεύαζεν,
1726 5587 1802 5652 ώς

113 5672 177 5725 τὸ
224 5668 337 5723 τῶν
389 5667 570 5738 ἀρτων
605 5664 811 5735 θαῦμα,
846 5664 942 5718 καί
985 5663 1047 5715 οὐ
1098 5663 1257 5733 μόνον
1296 5664 1627 5732 ἀκολουθεῖν,
1664 5669 1801 5724 ἀλλά

116 5757 212 5809 καὶ
261 5749 490 5821 βασιλέα
523 5751 696 5802 ποιεῖν
742 5746 1045 5812 ἐΰούλοντο,
1072 5747 1383 5814 τυραννίδος
1422 5749 1639 5818 φεύγων
1669 5752 1800 5806 ὑπο..

114 5840 247 5909 φίας,
300 5833 555 5905 ἀποπηδᾷ
609 5833 745 5902 μετὰ
800 5832 896 5903 τὴν
948 5830 1389 5903 θαυματουργίαν
1439 5835 1671 5908 ταύτην·
1706 5838 1799 5890 καί¹

116 5923 237 5979 σιδὲ
276 5919 414 5989 πεζῇ
466 5920 701 5981 ἄπεισιν,
739 5921 823 5972 ἵνα
867 5920 941 5988 μὴ
976 5916 1435 5988 ἀκολουθήσωσιν,
1470 5921 1585 5975 ἀλλ’
1614 5924 1692 5987 είς
1738 5923 1797 5977 τὸ

119 6013 303 6063 πλοῖον
355 6006 547 6068 ἐςλ.ίῖἀ.;.
598 6006 697 6057 [τ”ιί
753 6006 1091 6067 ἁπιλύσιις,
1139 6001 1311 6071 φησὶ,
1366 6006 1503 6072 τοὺς
1552 6009 1792 6078 {Nam

1324 359 1389 413 IN
1430 357 1849 415 ΜᾹΤΤΙΙᾸΞυΜ
1890 358 2124 416 HOMIL.
2169 362 2297 422 LIII.
2320 369 2388 422 a1.
2429 368 2558 424 LIV.

3494 379 3594 433 5'28

1925 478 2116 567 (176617
2152 486 2241 548 είς
2280 486 2348 538 τὸ
2402 488 2652 553 πλοῖον,
2702 491 2801 543 καὶ
2843 487 3029 561 ἦλθεν
3073 496 3158 561 είς
3196 496 3266 552 τὰ
3303 498 3430 567 ὅρια
3474 507 3598 556 Μα-

1926 563 2135 632 γδαλά.
2166 568 2277 621 Καὶ
2322 573 2762 640 προσελθόντες
2794 576 2847 627 οί
2879 577 3186 644 Φαρισαῖοι
3215 563 3600 637 καίνΣαδδου-

1926 646 2085 731 ναῖοι
2112 649 2353 716 ἠρώτων
2380 653 2566 707 αὐτὸν
2604 656 2855 725 σημεῖον
2896 658 2964 712 ἐκ
2994 659 3100 713 τοῦ
3125 663 3381 729 οὐρανοῦ
3406 665 3598 731 δεῖξαι

1923 730 2227 817 αὐτοῖς.⁹0
2261 734 2329 787 δέ
2357 752 2578 805 φησιν·
2622 742 2827 809 Ὀψίας
2863 744 3190 814 γενομένης
3224 748 3452 817 λέγετε,
3483 730 3598 806 Εὑ-

1923 813 2022 869 δία
2045 832 2059 848 ο
2086 819 2376 901 ,πυρράζει
2410 823 2520 890 γὰρ
2569 826 2601 877 ὁ
2630 826 2914 893 οὐρανός’
2964 828 3062 881 καὶ
3105 830 3273 896 πρωῒ,
3306 813 3598 901 ⁷Σήμερον

1923 900 2144 983 χειμών
2168 917 2180 929 °
2238 904 2515 971 πυρράζει
2561 907 2670 975 γὰρ
2716 909 3060 978 στυγνάζων
3107 915 3142 966 ὁ
3191 900 3463 983 οὐρανός.
3487 900 3495 901 7
3522 918 3595 972 Τὸ

1917 982 2034 1051 μὲν
2061 985 2386 1051 πρόσωπον
2418 988 2525 1041 τοῦ
2547 991 2807 1056 οὐρανοῦ
2838 994 3161 1061 γινώσκετε
3190 982 3504 1066 διακρῖναι,
3525 1002 3598 1055 τὰ

1921 1065 1991 1119 δὲ
2021 1068 2244 1137 σημεῖα
2286 1068 2402 1123 τῶν
2457 1071 2678 1140 καιρῶν
2701 1075 2774 1128 οὐ
2798 1074 3101 1141 δύνασθε;
3140 1065 3334 1135 Γενεά
3364 1083 3597 1151 πονηρά

1922 1150 2021 1204 καί
2059 1152 2340 1220 μοιχαλὶς
2371 1154 2622 1223 σημεῖον
2648 1155 2922 1223 ἐπιζητεῖ,
2963 1162 3059 1213 καί
3100 1162 3354 1231 σημεῖον
3396 1167 3468 1219 οὐ
3497 1150 3596 1219 δο-

1922 1235 2170 1304 θήσεται
2195 1238 2371 1306 αὺτῇ,
2391 1242 2442 1293 εί
2465 1239 2552 1308 μὴ
2568 1240 2635 1293 τὸ
2661 1241 2914 1309 σημεῖον
2945 1244 3113 1299 Ἰωνᾶ
3134 1246 3238 1300 τοῦ
3260 1248 3589 1317 προφήτου.

1924 1320 2031 1405 Καὶ
2058 1322 2403 1375 καταλιπὼν
2431 1324 2662 1390 αὐτοὺς.
2681 1324 2974 1393 ἀπῆλθεν.
2990 1326 3049 1380 Ὀ
3068 1327 3124 1379 δὲ
3150 1330 3374 1399 Μάρκος
3405 1335 3590 1405 φησὶν,

1920 1403 2000 1456 ὅτι
2031 1405 2433 1476 προσελθόντων
2466 1409 2644 1460 αὐτῶν
2690 1410 2782 1462 καὶ
2814 1410 3211 1480 συζητούντων,
3250 1403 3592 1472 Ἁναστενά-

1921 1487 2031 1553 ξας
2064 1487 2143 1553 τῷ
2183 1491 2473 1558 πνεύματι
2511 1491 2729 1556 αὐτοῦ,
2770 1490 2932 1560 λέγει
2958 1508 2974 1525 ⁸
3020 1495 3082 1547 Τί
3118 1497 3157 1561 τι
3205 1499 3380 1564 γενεὰ
3439 1498 3591 1567 αὕτη

1920 1572 2178 1641 σημεῖον
2220 1573 2511 1641 ἐπιζητεῒ;
2558 1576 2815 1645 Καίτοιγε
2857 1577 3031 1649 ὀργῆς
3063 1579 3189 1643 ἀξία
3245 1584 3278 1653 ή
3324 1583 3593 1656 ἐρώτησις

1921 1657 2015 1709 καὶ
2063 1656 2489 1727 ἀγανακτήσεως
2509 1673 2522 1687 °
2554 1657 2669 1712 ἀλλ’
2697 1659 2847 1729 ὅμως
2877 1661 2906 1714 6
2934 1661 3315 1733 φιλάνθρωπος
3352 1668 3445 1720 καὶ
3491 1684 3591 1738 κη-

1917 1738 2097 1810 δεμὼν
2127 1740 2227 1793 οὐκ
2256 1739 2554 1810 ὀργίζεται,
2581 1741 2697 1794 ἀλλ’
2729 1741 2868 1794 ἐλεεῖ
2907 1742 3002 1797 καὶ
3042 1744 3313 1810 ταλανίξει
3358 1748 3453 1801 ἆτε
3497 1751 3591 1805 ἀν-

1919 1821 2041 1875 ίατα
2073 1822 2382 1888 νοσοῦντας,
2418 1824 2512 1877 καὶ
2562 1824 2702 1895 μετὰ
2753 1825 3019 1897 τοσαύτην
3058 1828 3330 1894 ἀπόδειξιν
3364 1831 3463 1901 τῆς
3493 1834 3591 1886 αὐ-

1912 1906 2007 1959 τοῦ
2046 1906 2326 1977 δυνάμεως
2358 1907 2715 1979 πειράζοντας
2768 1910 2947 1965 αὐτόν.
3008 1911 3141 1964 Οὐδὲ
3171 1914 3278 1984 7&9
3311 1913 3450 1967 ὥστε
3497 1933 3588 1967 πι-

1916 1989 2138 2042 στεῦσαι
2187 1988 2435 2060 ἐζήτουν,
2481 1990 2596 2044 ἀλλ’
2631 1991 2773 2045 ὥστε
2826 1992 3197 2050 ἐπιλαϐέσθαι.
3254 1998 3316 2049 El
3359 1998 3468 2069 7&9
3512 1998 3589 2064 ὡς

1918 2073 2299 2139 πιστεύσοντες
2349 2076 2672 2148 προσῆλθον,
2704 2077 2902 2132 ἔδωκεν
2933 2078 3093 2134 ἀν.’0
3127 2080 3234 2152 γὰρ
3268 2084 3332 2151 τῇ
3370 2087 3589 2151 γυναικὶ

1916 2158 2107 2223 εἰπὼν,
2142 2162 2265 2215 Οὐκ
2294 2161 2423 2215 ἔστι
2451 2162 2661 2229 καλὸν,
2696 2163 2790 2216 καὶ
2839 2163 2977 2233 μετά
3025 2164 3196 2220 ταῦτα
3234 2167 3377 2232 δοὺς,
3407 2167 3589 2238 πολλῷ

1919 2244 2118 2314 μᾶλλον
2148 2244 2213 2298 ἂν
2255 2244 2462 2308 τούτοις
2490 2245 2783 2315 παρέσχεν.
2802 2248 2940 2301 Ἀλλ’
2974 2250 3161 2323 ἐπειδὴ
3192 2253 3252 2305 οὐ
3298 2251 3587 2306 πιστεῦσαι

1916 2330 2175 2401 ἐζήτουν,
2216 2329 2305 2383 διὰ
2352 2329 2512 2383 τοῦτο
2560 2332 2654 2385 καὶ
2690 2335 2988 2405 ὑποκριτὰς
3032 2336 3258 2407 ἑτέρωθι
3296 2337 3467 2401 καλεῖ,
3504 2340 3586 2391 ὃτι

1915 2413 2079 2484 ἐτερα
2113 2414 2209 2483 μὲν
2236 2413 2440 2482 ελεγον,
2467 2414 2629 2485 ἑτερα
2658 2416 2714 2468 δὲ
2743 2418 3021 2489 ἐφρόνουν.
3046 2422 3108 2473 Εί
3138 2420 3247 2491 γὰρ
3279 2422 3583 2485 ἐπίστευον,

1914 2498 2021 2552 οὐδ’
2056 2498 2121 2551 ἂν
2153 2498 2382 2568 ⁴ᾔτησαν.
2421 2500 2531 2553 Καὶ
2562 2500 2825 2570 ἑτέρωθεν
2878 2504 2934 2556 δὲ
2981 2504 3137 2573 δῆλον
3158 2547 3177 2571 ,
3219 2505 3301 2559 ὅτι
3335 2507 3434 2559 οὐκ
3465 2505 3586 2559 ἑπί-

1917 2599 2131 2635 στευονο
2161 2585 2241 2637 ὅτι
2270 2583 2683 2653 ἐπιτιμηθέντες
2712 2586 2804 2637 καὶ
2829 2586 3192 2657 ἐλεγχθέντες.
3229 2589 3289 2642 οὐ
3320 2588 3586 2659 παρέμει-

1916 2684 2035 2732 ναν,
2065 2666 2184 2719 οὐδέ
2231 2662 2402 2729 εἷπον,
2438 2667 2519 2719 ὅτι
2556 2667 2879 2737 Ἀγνοοῦμεν
2922 2670 3017 2722 καὶ
3068 2670 3258 2740 μαθεῖν
3293 2671 3579 2742 ζητοῦμεν.

1917 2752 1981 2804 Τί
2007 2750 2063 2803 δέ
2094 2754 2317 2822 σημεῖον
2343 2751 2406 2802 ἐκ
2434 2749 2527 2803 τοῦ
2561 2752 2789 2821 οὐρανοῦ
2816 2753 2977 2823 ⁴ρὶτουν
3002 2771 3016 2820 ;
3058 2756 3126 2807 Ἦ
3157 2755 3249 2807 τὸν
3278 2755 3427 2827 ήλιον
3457 2758 3585 2827 στῆ-

1918 2850 2045 2895 σαι,
2080 2834 2114 2904 ἢ
2158 2834 2256 2903 τὴν
2303 2833 2533 2904 σελήνην
2564 2833 2880 2903 χαλινῶσαι,
2914 2836 2947 2908 ἢ
2979 2838 3281 2907 κεραυνοὺς
3321 2856 3583 2909 κατενεγ-

1916 2923 2051 2986 κεῖν,
2086 2921 2119 2991 ή
2149 2920 2240 2973 τὸν
2267 2920 2403 2991 ἀέρα
2433 2920 2773 2989 μεταϐαλεῖν,
2797 2921 2831 2991 ἢ
2863 2920 2990 2975 ἀλλο
3020 2939 3072 2975 τι
3106 2920 3368 2977 τοιοῦτον.
3396 2925 3462 2977 Τί
3490 2941 3585 2979 ουν
3696 2950 3699 2953 η

1917 3004 2052 3075 πρὸς
2088 3004 2263 3057 ταῦτα
2306 3004 2501 3071 αὐτὸς;
2555 3002 2625 3057 Τὸ
2659 3003 2777 3073 μὲν
2809 3006 3132 3073 πρόσωπον
3173 3006 3280 3061 τοῦ
3323 3009 3584 3075 οὐρανοῦ

1914 3088 2239 3157 γινώσκετε
2276 3087 2622 3155 διακρίνειν,
2650 3086 2722 3140 τὰ
2765 3087 2833 3141 δὲ
2878 3087 3095 3158 σημεῖα
3130 3088 3247 3143 τῶν
3272 3090 3488 3159 καιρῶν
3512 3093 3599 3146 οῠη

1913 3173 2216 3237 δύνασθε;
2253 3174 2447 3244 Ὁρᾶτε
2490 3173 2589 3243 τὴν
2641 3172 2922 3243 πραότητα
2964 3173 3058 3226 καὶ
3103 3172 3203 3244 τὴν
3245 3174 3583 3242 ἐπιείκειαν;

1915 3258 2049 3311 Οὐδέ
2100 3257 2209 3329 γὰρ
2255 3257 2330 3321 ὡς
2377 3256 2645 3327 πρότερον
2683 3258 2958 3329 ἠρνήσατο
2989 3258 3147 3328 μόνον
3174 3259 3267 3312 καὶ
3293 3255 3464 3323 εἶπεν,
3498 3257 3585 3316 οὐ

1914 3342 2234 3409 δοθήσεται
2269 3340 2443 3409 αὐτῇ,
2474 3339 2610 3395 ἀλλά
2655 3343 2749 3394 καὶ
2780 3342 2879 3413 τήν
2912 3343 3091 3397 αίτίαν
3119 3342 3286 3412 λέγει,
3329 3345 3396 3398 δι’
3424 3345 3490 3417 ἢν
3521 3345 3584 3398 οὐ

1912 3427 2118 3488 δίδωσι,
2147 3427 2386 3495 καίτοιγε
2411 3427 2511 3496 οὐχ
2533 3425 2674 3495 ὑπὲρ
2701 3425 2796 3479 τοῦ
2823 3426 3012 3497 μαθεῖν
3033 3427 3359 3498 ἐρωτώντων
3381 3430 3581 3484 αὐτῶν.

1913 3511 2011 3573 Τίς
2051 3506 2145 3564 οὖν
2173 3511 2206 3581 ή
2236 3510 2422 3574 αἰτίας
2456 3510 2667 3579 Ὠσπερ
2696 3509 2787 3562 ἐπὶ
2815 3510 2909 3563 τοῦ
2944 3511 3195 3581 οὐρανοῦ,
3232 3513 3416 3583 φησὶν,
3455 3513 3586 3569 ἀλλο

1914 3595 2014 3664 μὲν
2057 3595 2283 3665 σημεῖον
2323 3593 2416 3646 τοῦ
2452 3592 2737 3663 χειμῶνος,
2770 3593 2897 3648 ἄλλο
2920 3595 2976 3649 δὲ
3002 3599 3101 3667 τῆς
3128 3596 3329 3660 εὐδίας.
3362 3597 3458 3651 καὶ
3483 3598 3583 3651 οὐκ

1910 3677 1977 3732 ἀν
2005 3694 2090 3741 τις
2109 3677 2171 3730 τὸ
2197 3680 2421 3747 σημεῖον
2455 3677 2577 3729 ἰδὼν
2606 3675 2698 3729 τοῦ
2720 3677 2990 3747 χειμῶνος
3010 3678 3253 3749 γαλήνην
3275 3677 3578 3749 ζητήσειεν,

1909 3760 2030 3814 οὐδὲ
2074 3761 2133 3817 ἐν
2177 3759 2388 3831 γαλήνῃ
2430 3759 2609 3832 εὐδινῇ
2658 3760 2938 3832 χειμῶναο
2988 3760 3131 3815 οὕτω
3184 3762 3279 3816 καὶ
3324 3762 3415 3815 ἐπ’
3443 3763 3580 3833 ἐμοῦ

1911 3842 2221 3913 λογίζεσθαι
2256 3846 2382 3916 χρή.
2407 3842 2598 3908 ’Ἄλλος
2626 3844 2736 3916 γάρ
2759 3840 2912 3908 οὗτος
2938 3845 3039 3916 τῆς
3072 3845 3371 3917 παρουσίας
3397 3847 3426 3898 6
3460 3862 3583 3900 και.

1913 3928 2025 4000 ρὸς,
2054 3928 2212 3993 ἀλλος
2239 3928 2297 3981 δὲ
2340 3928 2369 3981 6
2405 3927 2634 3999 μέλλων.
2672 3928 2825 4000 [5411
2853 3929 2968 3983 Νῦν
3018 3929 3175 4001 χρεία
3221 3930 3423 3983 τούτων
3470 3930 3582 3985 τῶν

1911 4013 2153 4083 σημείων
2181 4011 2291 4066 τῶν
2318 4013 2375 4067 ἐν
2405 4014 2472 4083 τῇ
2499 4014 2570 4084 γῇ
2589 4026 2604 4042 ⁸
2635 4012 2705 4065 τά
2732 4014 2785 4066 δὲ
2814 4015 2873 4067 ἐν
2899 4014 2977 4085 τῷ
3014 4014 3227 4087 οὐρανῷ
3254 4016 3445 4085 ἐκείνῳ
3486 4032 3580 4069 τε·

1907 4096 2197 4167 ταμίευται
2223 4094 2302 4166 τῷ
2333 4095 2532 4167 καιρῷ.
2564 4094 2677 4148 Νῦν
2706 4095 2782 4158 ὡς
2817 4098 3000 4168 ίατρδς
3041 4093 3224 4170 ἦλθον,
3254 4097 3373 4153 τότε
3402 4098 3479 4163 ώς
3501 4099 3579 4153 δι-

1909 4180 2117 4251 καστὴς
2148 4180 2461 4251 παρέσομαι
2483 4196 2496 4209 ·
2527 4179 2621 4233 νῦν
2639 4179 2778 4232 ὥστε
2804 4179 3035 4252 ζητῆσαι
3057 4181 3116 4235 τὸ
3141 4182 3576 4253 πεπλανημένον,

1906 4266 2027 4319 τότε
2072 4264 2212 4319 ὥστε
2236 4266 2539 4335 ἀπαιτῆσαι
2569 4261 2817 4328 εὐθύνας.
2845 4265 2942 4319 Διά
2971 4264 3130 4319 τοῦτο
3172 4264 3353 4319 λαθὼν
3376 4261 3540 4337 ἦλθον
3560 4282 3574 4297 ο

1906 4350 2026 4403 τότε
2077 4351 2135 4404 δὲ
2184 4350 2321 4421 μετὰ
2369 4349 2568 4419 πολλῆς
2619 4349 2717 4418 τῆς
2767 4338 3188 4421 δημοσιεύσεως,
3220 4350 3312 4405 τὸν
3352 4350 3577 4418 οὐρανὸν

1907 4434 2152 4499 ἑλίττων,
2186 4434 2276 4486 τὸν
2306 4433 2454 4504 ἥλιον
2491 4432 2881 4503 ἀποκρύπτων,
2909 4433 3006 4505 τὴν
3031 4433 3260 4506 σελήνην
3277 4432 3377 4487 οὐκ
3395 4434 3577 4503 ἀφιεὶς

1906 4520 2086 4575 δοῦναι
2113 4519 2174 4573 τὸ
2204 4517 2335 4589 φῶς.
2371 4518 2504 4572 Τότε
2540 4518 2632 4571 καὶ
2676 4519 2732 4572 αί
2766 4518 3023 4589 δυνάμεις
3048 4518 3158 4573 τῶν
3185 4519 3429 4592 οὐρανῶν
3476 4536 3576 4573 σα-

1905 4606 2275 4677 λευθήσονται,
2314 4604 2408 4657 καὶ
2464 4602 2747 4676 ἀστραπήν
2797 4603 3010 4675 ἀθρόως
3057 4605 3192 4658 πᾶσι
3243 4602 3577 4674 φαινομένην

1909 4693 2209 4764 μιμήσεται
2250 4691 2351 4760 τῆς
2395 4688 2697 4759 παρουσίας
2734 4705 2835 4759 μου
2885 4689 2919 4760 ή
2963 4689 3274 4757 ἐπιφάνεια.
3292 4687 3432 4740 Ἀλλ’
3455 4688 3577 4758 οὐχὶ

1906 4775 2002 4829 νῦν
2043 4774 2246 4828 τούτων
2274 4774 2303 4826 6
2330 4772 2522 4843 καιρὸς
2554 4772 2662 4824 τῶν
2689 4772 2931 4843 σημείων
2955 4787 2969 4801 ·
3004 4769 3168 4843 ἦλθον
3214 4771 3323 4840 γὰρ
3370 4771 3577 4825 ἀποθα-

1904 4865 2036 4923 νεῖν.
2070 4860 2165 4914 καὶ
2206 4857 2275 4913 τά
2314 4858 2520 4929 ἔσχατα
2554 4857 2767 4911 παθεῖν.
2809 4856 2924 4911 Οὐκ
2952 4857 3220 4926 ἠκούσατε
3242 4855 3335 4908 τοῦ
3364 4856 3578 4926 προφή-

1904 4961 1997 4997 του
2041 4943 2289 5011 λέγοντος
2312 4960 2327 4974 ο
2390 4943 2513 4996 Οὐκ
2562 4940 2747 5009 ἐρίσει
2774 4980 2789 5005 ,
2840 4938 2985 4995 οὐδὲ
3030 4938 3355 5008 κραυγάσει
3374 4976 3389 5002 ,
3434 4938 3576 4991 οὐδὲ

1904 5027 2347 5093 ἀκουσθήσεται
2379 5026 2495 5091 ἔξω
2520 5026 2558 5093 ἡ
2582 5024 2752 5094 φωνὴ
2782 5022 2971 5078 αὐτοῦ
2988 5039 3007 5087 ;
3040 5022 3134 5077 καὶ
3161 5022 3349 5093 ἐτέρου
3380 5020 3572 5075 πάλιν·

1903 5110 2314 5178 Καταόήσεται
2343 5111 2422 5177 ὡς
2450 5111 2624 5176 ὑετὸς
2650 5108 2751 5163 ἐπὶ
2779 5108 3010 5172 πόκον;

1981 5259 2045 5321 γ’.
2087 5253 2150 5305 Εί
2179 5250 2236 5305 δὲ
2267 5250 2337 5303 τὰ
2355 5249 2448 5303 ἐπὶ
2468 5246 2667 5319 Φαραὼ
2689 5246 2897 5314 λέγοιεν
2919 5245 3139 5313 σημεῖα,
3160 5242 3420 5313 πολεμίου
3452 5242 3573 5297 τότε

1903 5334 2283 5405 ἀπαλλαγῆναι
2316 5332 2424 5386 ἔδει
2447 5373 2461 5396 ,
2497 5331 2592 5385 καὶ
2639 5330 2865 5391 εἰκότως
2891 5329 3074 5381 ἐκεῖνα
3118 5326 3329 5396 ἐγίνετο
3362 5342 3376 5357 ο
3409 5327 3489 5398 τῷ
3516 5328 3574 5383 δέ

1902 5419 2041 5492 πρὸς
2098 5418 2284 5488 φίλους
2339 5415 2546 5469 ἐλθόντι
2593 5413 2799 5468 τούτων
2850 5414 2910 5467 οὐ
2963 5410 3121 5484 χρεία
3159 5411 3267 5464 τῶν
3307 5411 3568 5483 σημείων.

1901 5503 2027 5567 Πῶς
2064 5502 2120 5557 δέ
2158 5502 2253 5555 καὶ
2289 5499 2357 5555 τὰ
2395 5500 2605 5571 μεγάλα
2635 5497 2811 5559 δώσω,
2841 5496 2951 5550 τῶν
2978 5494 3188 5567 μικρῶν
3217 5494 3292 5566 μὴ
3324 5512 3572 5548 πιστευο-

1905 5586 2111 5656 μένων;
2151 5584 2378 5655 Μικρῶν
2418 5584 2493 5647 ὠς
2529 5580 2667 5655 πρὸς
2707 5578 2964 5645 ἐπίδειξιν
3002 5578 3183 5649 λέγω·
3225 5578 3349 5631 ἐπεὶ
3386 5581 3450 5650 τῇ
3489 5579 3575 5633 δυ-

1901 5670 2063 5740 νάμει
2102 5668 2281 5738 πολλῷ
2304 5668 2476 5723 ταῦτα
2504 5667 2727 5721 ἐκείνων
2761 5664 2983 5737 μείζονα
3006 5661 3095 5736 ἦν.
3135 5664 3201 5717 Τί
3228 5664 3334 5735 7&9
3359 5663 3425 5716 ἂν
3460 5664 3572 5717 ῖσον

1901 5754 1985 5823 εἴη
2035 5752 2130 5807 τοῦ
2184 5752 2557 5823 ἁμαρτήματα
2609 5749 2807 5813 λῦσαι,
2847 5750 2941 5802 καὶ
2996 5748 3187 5818 νεκρὸν
3231 5748 3567 5817 ἀναστῆσαι,

1901 5838 1993 5891 καὶ
2031 5837 2291 5908 δαίμονας
2340 5836 2629 5899 ἀπελάσαι,
2667 5837 2761 5888 καὶ
2813 5834 3218 5905 δημιουργῆσαι
3251 5831 3440 5900 σῶμα,
3478 5832 3569 5882 καὶ

1899 5922 1967 5974 τὰ
1999 5922 2133 5976 ἄλλα
2168 5922 2340 5975 πάντα
2373 5920 2697 5991 διορθῶσαις
2730 5919 2799 5973 Σύ
2829 5919 2885 5973 δὲ
2909 5918 3089 5973 αὐτῶν
3124 5918 3223 5987 ὅρα
3252 5916 3346 5986 τὴν
3388 5932 3570 5967 πεπω-

1904 6008 2151 6081 ρωμένην
2180 6007 2439 6081 καρδίαν,
2473 6006 2587 6072 πῶς
2622 6005 2974 6070 ἀκούσαντες,
3019 6004 3100 6055 ὅτι
3136 6004 3215 6057 Οὐ
3245 5999 3571 6066 δοθήσεται
