  <div class='ocr_page' id='page_1' title='image "/cluster/home/n/w/nwhite01/storage/ocr_20150623/57-58/hvd.32044012465811/466.png"; bbox 0 0 3908 6198; ppageno 0'>
   <div class='ocr_carea' id='block_1_1' title="bbox 189 258 298 316">
    <p class='ocr_par' dir='ltr' id='par_1_1' title="bbox 189 258 298 316">
     <span class='ocr_line' id='line_1_1' title="bbox 189 258 298 316; baseline 0 0"><span class='ocrx_word' id='word_1_1' title='bbox 189 258 298 316; x_wconf 67' lang='lat'><strong>599</strong></span> 
     </span>
    </p>
   </div>
   <div class='ocr_carea' id='block_1_2' title="bbox 186 368 1770 441">
    <p class='ocr_par' dir='ltr' id='par_1_2' title="bbox 186 368 1770 441">
     <span class='ocr_line' id='line_1_2' title="bbox 186 368 1770 441; baseline -0.004 -13"><span class='ocrx_word' id='word_1_2' title='bbox 186 371 492 438; x_wconf 84' lang='lat' dir='ltr'><strong>considera,</strong></span> <span class='ocrx_word' id='word_1_3' title='bbox 519 369 607 441; x_wconf 86' lang='lat' dir='ltr'><strong>qui</strong></span> <span class='ocrx_word' id='word_1_4' title='bbox 635 385 754 424; x_wconf 88' lang='lat' dir='ltr'><strong>cum</strong></span> <span class='ocrx_word' id='word_1_5' title='bbox 781 369 1074 432; x_wconf 87' lang='lat' dir='ltr'><strong>audissent,</strong></span> <span class='ocrx_word' id='word_1_6' title='bbox 1103 368 1319 437; x_wconf 79' lang='lat' dir='ltr'><strong><em>Signum</em></strong></span> <span class='ocrx_word' id='word_1_7' title='bbox 1343 385 1443 421; x_wconf 90' lang='lat' dir='ltr'><strong>non</strong></span> <span class='ocrx_word' id='word_1_8' title='bbox 1476 369 1676 422; x_wconf 83' lang='lat' dir='ltr'><strong>dabitur</strong></span> <span class='ocrx_word' id='word_1_9' title='bbox 1700 369 1770 422; x_wconf 88' lang='lat' dir='ltr'><strong>eis</strong></span> 
     </span>
    </p>
   </div>
   <div class='ocr_carea' id='block_1_3' title="bbox 186 460 1772 535">
    <p class='ocr_par' dir='ltr' id='par_1_3' title="bbox 186 460 1772 535">
     <span class='ocr_line' id='line_1_3' title="bbox 186 460 1772 535; baseline -0.003 -16"><span class='ocrx_word' id='word_1_10' title='bbox 186 465 289 519; x_wconf 83' lang='lat' dir='ltr'><strong>nisi</strong></span> <span class='ocrx_word' id='word_1_11' title='bbox 329 465 528 535; x_wconf 83' lang='lat' dir='ltr'><strong>signum</strong></span> <span class='ocrx_word' id='word_1_12' title='bbox 557 461 707 516; x_wconf 79' lang='lat' dir='ltr'><strong>Iona:</strong></span> <span class='ocrx_word' id='word_1_13' title='bbox 736 463 1018 532; x_wconf 71' lang='lat' dir='ltr'><strong>prophetae,</strong></span> <span class='ocrx_word' id='word_1_14' title='bbox 1065 475 1170 514; x_wconf 93' lang='lat' dir='ltr'><strong>non</strong></span> <span class='ocrx_word' id='word_1_15' title='bbox 1219 461 1564 531; x_wconf 71' lang='lat' dir='ltr'><strong>interrogant.</strong></span> <span class='ocrx_word' id='word_1_16' title='bbox 1613 460 1772 529; x_wconf 92' lang='lat' dir='ltr'><strong>Atqui</strong></span> 
     </span>
    </p>
   </div>
   <div class='ocr_carea' id='block_1_4' title="bbox 186 556 1771 630">
    <p class='ocr_par' dir='ltr' id='par_1_4' title="bbox 186 556 1771 630">
     <span class='ocr_line' id='line_1_4' title="bbox 186 556 1771 630; baseline -0.004 -13"><span class='ocrx_word' id='word_1_17' title='bbox 186 560 470 630; x_wconf 80' lang='lat' dir='ltr'><strong>Oportebat</strong></span> <span class='ocrx_word' id='word_1_18' title='bbox 511 572 627 622; x_wconf 87' lang='lat' dir='ltr'><strong>eos,</strong></span> <span class='ocrx_word' id='word_1_19' title='bbox 670 559 759 628; x_wconf 87' lang='lat' dir='ltr'><strong>qui</strong></span> <span class='ocrx_word' id='word_1_20' title='bbox 803 557 1113 629; x_wconf 75' lang='lat' dir='ltr'><strong>prophetam</strong></span> <span class='ocrx_word' id='word_1_21' title='bbox 1164 564 1455 621; x_wconf 89' lang='lat' dir='ltr'><strong>noverant,</strong></span> <span class='ocrx_word' id='word_1_22' title='bbox 1487 556 1771 623; x_wconf 83' lang='lat' dir='ltr'><strong>omniaque</strong></span> 
     </span>
    </p>
   </div>
   <div class='ocr_carea' id='block_1_5' title="bbox 186 646 1773 723">
    <p class='ocr_par' dir='ltr' id='par_1_5' title="bbox 186 646 1773 723">
     <span class='ocr_line' id='line_1_5' title="bbox 186 646 1773 723; baseline -0.005 -15"><span class='ocrx_word' id='word_1_23' title='bbox 186 664 316 708; x_wconf 87' lang='lat' dir='ltr'><strong>tunc</strong></span> <span class='ocrx_word' id='word_1_24' title='bbox 338 661 505 723; x_wconf 81' lang='lat' dir='ltr'><strong>gesta,</strong></span> <span class='ocrx_word' id='word_1_25' title='bbox 534 658 588 705; x_wconf 87' lang='lat' dir='ltr'><strong>et</strong></span> <span class='ocrx_word' id='word_1_26' title='bbox 613 649 727 705; x_wconf 67' lang='lat' dir='ltr'><strong>bsic</strong></span> <span class='ocrx_word' id='word_1_27' title='bbox 760 649 870 719; x_wconf 86' lang='lat' dir='ltr'><strong>jam</strong></span> <span class='ocrx_word' id='word_1_28' title='bbox 902 648 1078 703; x_wconf 91' lang='lat' dir='ltr'><strong>denuo</strong></span> <span class='ocrx_word' id='word_1_29' title='bbox 1105 646 1404 712; x_wconf 82' lang='lat' dir='ltr'><strong>audiebant,</strong></span> <span class='ocrx_word' id='word_1_30' title='bbox 1437 647 1692 701; x_wconf 86' lang='lat' dir='ltr'><strong>sciscitari</strong></span> <span class='ocrx_word' id='word_1_31' title='bbox 1719 654 1773 700; x_wconf 87' lang='lat' dir='ltr'><strong>et</strong></span> 
     </span>
    </p>
   </div>
   <div class='ocr_carea' id='block_1_6' title="bbox 183 730 1770 808">
    <p class='ocr_par' dir='ltr' id='par_1_6' title="bbox 183 730 1770 808">
     <span class='ocr_line' id='line_1_6' title="bbox 183 730 1770 808; baseline -0.004 -10"><span class='ocrx_word' id='word_1_32' title='bbox 183 742 418 808; x_wconf 83' lang='lat' dir='ltr'><strong>discere,</strong></span> <span class='ocrx_word' id='word_1_33' title='bbox 461 755 559 796; x_wconf 91' lang='lat' dir='ltr'><strong>cur</strong></span> <span class='ocrx_word' id='word_1_34' title='bbox 598 740 700 794; x_wconf 90' lang='lat' dir='ltr'><strong>hoc</strong></span> <span class='ocrx_word' id='word_1_35' title='bbox 733 730 1003 795; x_wconf 76' lang='lat' dir='ltr'><strong>diceretur</strong></span> <span class='ocrx_word' id='word_1_36' title='bbox 1028 759 1044 791; x_wconf 88' lang='lat'><strong><em>:</em></strong></span> <span class='ocrx_word' id='word_1_37' title='bbox 1071 738 1187 804; x_wconf 89' lang='lat' dir='ltr'><strong>sed,</strong></span> <span class='ocrx_word' id='word_1_38' title='bbox 1232 737 1373 807; x_wconf 90' lang='lat' dir='ltr'><strong>quod</strong></span> <span class='ocrx_word' id='word_1_39' title='bbox 1408 736 1539 803; x_wconf 87' lang='lat' dir='ltr'><strong>dixi,</strong></span> <span class='ocrx_word' id='word_1_40' title='bbox 1569 752 1672 792; x_wconf 93' lang='lat' dir='ltr'><strong>non</strong></span> <span class='ocrx_word' id='word_1_41' title='bbox 1703 753 1770 791; x_wconf 87' lang='lat' dir='ltr'><strong>ex</strong></span> 
     </span>
    </p>
   </div>
   <div class='ocr_carea' id='block_1_7' title="bbox 183 827 1771 899">
    <p class='ocr_par' dir='ltr' id='par_1_7' title="bbox 183 827 1771 899">
     <span class='ocr_line' id='line_1_7' title="bbox 183 827 1771 899; baseline -0.006 -8"><span class='ocrx_word' id='word_1_42' title='bbox 183 833 426 890; x_wconf 88' lang='lat' dir='ltr'><strong>discendi</strong></span> <span class='ocrx_word' id='word_1_43' title='bbox 450 830 719 886; x_wconf 87' lang='lat' dir='ltr'><strong>desiderio</strong></span> <span class='ocrx_word' id='word_1_44' title='bbox 745 831 845 885; x_wconf 90' lang='lat' dir='ltr'><strong>hoc</strong></span> <span class='ocrx_word' id='word_1_45' title='bbox 874 828 1171 899; x_wconf 80' lang='lat' dir='ltr'><strong>proferunt.</strong></span> <span class='ocrx_word' id='word_1_46' title='bbox 1197 827 1424 897; x_wconf 86' lang='lat' dir='ltr'><strong>Ideoque</strong></span> <span class='ocrx_word' id='word_1_47' title='bbox 1448 827 1646 883; x_wconf 90' lang='lat' dir='ltr'><strong>relictis</strong></span> <span class='ocrx_word' id='word_1_48' title='bbox 1666 827 1771 882; x_wconf 85' lang='lat' dir='ltr'><strong>illis</strong></span> 
     </span>
    </p>
   </div>
   <div class='ocr_carea' id='block_1_8' title="bbox 181 920 1770 990">
    <p class='ocr_par' dir='ltr' id='par_1_8' title="bbox 181 920 1770 990">
     <span class='ocr_line' id='line_1_8' title="bbox 181 920 1770 990; baseline -0.003 -12"><span class='ocrx_word' id='word_1_49' title='bbox 181 926 338 981; x_wconf 84' lang='lat' dir='ltr'><strong>abiit.</strong></span> <span class='ocrx_word' id='word_1_50' title='bbox 361 926 415 981; x_wconf 85' lang='lat'><strong>5.</strong></span> <span class='ocrx_word' id='word_1_51' title='bbox 446 924 514 977; x_wconf 85' lang='lat' dir='ltr'><strong>Et</strong></span> <span class='ocrx_word' id='word_1_52' title='bbox 551 940 666 977; x_wconf 88' lang='lat' dir='ltr'><strong>cum</strong></span> <span class='ocrx_word' id='word_1_53' title='bbox 698 922 962 989; x_wconf 75' lang='lat' dir='ltr'><strong>venissent,</strong></span> <span class='ocrx_word' id='word_1_54' title='bbox 1009 921 1197 990; x_wconf 85' lang='lat' dir='ltr'><strong>inquit,</strong></span> <span class='ocrx_word' id='word_1_55' title='bbox 1226 920 1458 987; x_wconf 70' lang='lat' dir='ltr'><strong>discipuli</strong></span> <span class='ocrx_word' id='word_1_56' title='bbox 1495 920 1605 990; x_wconf 83' lang='lat' dir='ltr'><strong>ejus</strong></span> <span class='ocrx_word' id='word_1_57' title='bbox 1633 930 1770 974; x_wconf 88' lang='lat' dir='ltr'><strong>trans</strong></span> 
     </span>
    </p>
   </div>
   <div class='ocr_carea' id='block_1_9' title="bbox 184 1010 1770 1090">
    <p class='ocr_par' dir='ltr' id='par_1_9' title="bbox 184 1010 1770 1090">
     <span class='ocr_line' id='line_1_9' title="bbox 184 1010 1770 1090; baseline -0.004 -20"><span class='ocrx_word' id='word_1_58' title='bbox 184 1022 393 1090; x_wconf 76' lang='lat' dir='ltr'><strong>fretum,</strong></span> <span class='ocrx_word' id='word_1_59' title='bbox 422 1016 562 1070; x_wconf 89' lang='lat' dir='ltr'><strong>obliti</strong></span> <span class='ocrx_word' id='word_1_60' title='bbox 587 1023 701 1069; x_wconf 81' lang='lat' dir='ltr'><strong>sunt</strong></span> <span class='ocrx_word' id='word_1_61' title='bbox 730 1029 887 1083; x_wconf 86' lang='lat' dir='ltr'><strong>panes</strong></span> <span class='ocrx_word' id='word_1_62' title='bbox 911 1012 1153 1083; x_wconf 85' lang='lat' dir='ltr'><strong>accipere.</strong></span> <span class='ocrx_word' id='word_1_63' title='bbox 1183 1013 1236 1065; x_wconf 88' lang='grc'><strong>6.</strong></span> <span class='ocrx_word' id='word_1_64' title='bbox 1265 1010 1415 1065; x_wconf 83' lang='lat' dir='ltr'><strong>Jesus</strong></span> <span class='ocrx_word' id='word_1_65' title='bbox 1449 1022 1613 1065; x_wconf 82' lang='lat' dir='ltr'><strong>autem</strong></span> <span class='ocrx_word' id='word_1_66' title='bbox 1641 1011 1770 1064; x_wconf 79' lang='lat' dir='ltr'><strong>dixit</strong></span> 
     </span>
    </p>
   </div>
   <div class='ocr_carea' id='block_1_10' title="bbox 181 1102 1768 1176">
    <p class='ocr_par' dir='ltr' id='par_1_10' title="bbox 181 1102 1768 1176">
     <span class='ocr_line' id='line_1_10' title="bbox 181 1102 1768 1176; baseline -0.003 -15"><span class='ocrx_word' id='word_1_67' title='bbox 181 1110 289 1163; x_wconf 82' lang='lat' dir='ltr'><strong>illis</strong></span> <span class='ocrx_word' id='word_1_68' title='bbox 316 1124 335 1162; x_wconf 89' lang='lat'><strong><em>:</em></strong></span> <span class='ocrx_word' id='word_1_69' title='bbox 370 1106 544 1162; x_wconf 81' lang='lat' dir='ltr'><strong>Videte</strong></span> <span class='ocrx_word' id='word_1_70' title='bbox 571 1116 616 1160; x_wconf 90' lang='lat' dir='ltr'><strong>et</strong></span> <span class='ocrx_word' id='word_1_71' title='bbox 644 1116 809 1159; x_wconf 82' lang='lat' dir='ltr'><strong>cavete</strong></span> <span class='ocrx_word' id='word_1_72' title='bbox 832 1122 865 1157; x_wconf 90' lang='lat' dir='ltr'><strong>a</strong></span> <span class='ocrx_word' id='word_1_73' title='bbox 889 1107 1129 1176; x_wconf 85' lang='lat' dir='ltr'><strong>fermento</strong></span> <span class='ocrx_word' id='word_1_74' title='bbox 1158 1102 1532 1157; x_wconf 75' lang='lat' dir='ltr'><strong>Pharisaeorum</strong></span> <span class='ocrx_word' id='word_1_75' title='bbox 1562 1116 1608 1158; x_wconf 84' lang='lat' dir='ltr'><strong>et</strong></span> <span class='ocrx_word' id='word_1_76' title='bbox 1630 1104 1768 1159; x_wconf 88' lang='lat' dir='ltr'><strong>Sad-</strong></span> 
     </span>
    </p>
   </div>
   <div class='ocr_carea' id='block_1_11' title="bbox 182 1194 1767 1262">
    <p class='ocr_par' dir='ltr' id='par_1_11' title="bbox 182 1194 1767 1262">
     <span class='ocr_line' id='line_1_11' title="bbox 182 1194 1767 1262; baseline -0.004 -6"><span class='ocrx_word' id='word_1_77' title='bbox 182 1202 497 1256; x_wconf 70' lang='lat' dir='ltr'><strong>duca&#39;orum.</strong></span> <span class='ocrx_word' id='word_1_78' title='bbox 548 1199 656 1254; x_wconf 85' lang='lat' dir='ltr'><strong>Cur</strong></span> <span class='ocrx_word' id='word_1_79' title='bbox 696 1214 800 1253; x_wconf 91' lang='lat' dir='ltr'><strong>non</strong></span> <span class='ocrx_word' id='word_1_80' title='bbox 841 1197 994 1262; x_wconf 80' lang='lat' dir='ltr'><strong>dixit,</strong></span> <span class='ocrx_word' id='word_1_81' title='bbox 1038 1194 1232 1252; x_wconf 88' lang='lat' dir='ltr'><strong>Cavete</strong></span> <span class='ocrx_word' id='word_1_82' title='bbox 1260 1211 1290 1249; x_wconf 84' lang='lat' dir='ltr'><strong>a</strong></span> <span class='ocrx_word' id='word_1_83' title='bbox 1318 1195 1600 1250; x_wconf 85' lang='lat' dir='ltr'><strong>doctrina?</strong></span> <span class='ocrx_word' id='word_1_84' title='bbox 1650 1196 1767 1249; x_wconf 85' lang='lat' dir='ltr'><strong>Vult</strong></span> 
     </span>
    </p>
   </div>
   <div class='ocr_carea' id='block_1_12' title="bbox 181 1287 1766 1361">
    <p class='ocr_par' dir='ltr' id='par_1_12' title="bbox 181 1287 1766 1361">
     <span class='ocr_line' id='line_1_12' title="bbox 181 1287 1766 1361; baseline -0.003 -15"><span class='ocrx_word' id='word_1_85' title='bbox 181 1302 332 1347; x_wconf 85' lang='lat' dir='ltr'><strong>certe</strong></span> <span class='ocrx_word' id='word_1_86' title='bbox 357 1291 484 1361; x_wconf 86' lang='lat' dir='ltr'><strong>ipsis</strong></span> <span class='ocrx_word' id='word_1_87' title='bbox 510 1306 629 1361; x_wconf 73' lang='lat' dir='ltr'><strong>qua:</strong></span> <span class='ocrx_word' id='word_1_88' title='bbox 650 1301 796 1360; x_wconf 85' lang='lat' dir='ltr'><strong>gesta</strong></span> <span class='ocrx_word' id='word_1_89' title='bbox 817 1288 1025 1342; x_wconf 83' lang='lat' dir='ltr'><strong>fuerant</strong></span> <span class='ocrx_word' id='word_1_90' title='bbox 1059 1287 1109 1340; x_wconf 92' lang='lat' dir='ltr'><strong>in</strong></span> <span class='ocrx_word' id='word_1_91' title='bbox 1141 1287 1452 1341; x_wconf 85' lang='lat' dir='ltr'><strong>memoriam</strong></span> <span class='ocrx_word' id='word_1_92' title='bbox 1486 1302 1766 1354; x_wconf 83' lang='lat' dir='ltr'><strong>revocare;</strong></span> 
     </span>
    </p>
   </div>
   <div class='ocr_carea' id='block_1_13' title="bbox 181 1377 1768 1451">
    <p class='ocr_par' dir='ltr' id='par_1_13' title="bbox 181 1377 1768 1451">
     <span class='ocr_line' id='line_1_13' title="bbox 181 1377 1768 1451; baseline -0.004 -13"><span class='ocrx_word' id='word_1_93' title='bbox 181 1383 391 1438; x_wconf 81' lang='lat' dir='ltr'><strong>sciebat</strong></span> <span class='ocrx_word' id='word_1_94' title='bbox 416 1380 559 1437; x_wconf 90' lang='lat' dir='ltr'><strong>enim</strong></span> <span class='ocrx_word' id='word_1_95' title='bbox 601 1381 712 1451; x_wconf 85' lang='lat' dir='ltr'><strong>jam</strong></span> <span class='ocrx_word' id='word_1_96' title='bbox 738 1394 859 1435; x_wconf 88' lang='lat' dir='ltr'><strong>esse</strong></span> <span class='ocrx_word' id='word_1_97' title='bbox 882 1378 1096 1433; x_wconf 88' lang='lat' dir='ltr'><strong>oblitos.</strong></span> <span class='ocrx_word' id='word_1_98' title='bbox 1124 1377 1229 1435; x_wconf 88' lang='lat' dir='ltr'><strong>Sed</strong></span> <span class='ocrx_word' id='word_1_99' title='bbox 1260 1377 1572 1447; x_wconf 91' lang='lat' dir='ltr'><strong>simpliciter</strong></span> <span class='ocrx_word' id='word_1_100' title='bbox 1609 1393 1768 1432; x_wconf 90' lang='lat' dir='ltr'><strong>accu-</strong></span> 
     </span>
    </p>
   </div>
   <div class='ocr_carea' id='block_1_14' title="bbox 180 1472 1766 1539">
    <p class='ocr_par' dir='ltr' id='par_1_14' title="bbox 180 1472 1766 1539">
     <span class='ocr_line' id='line_1_14' title="bbox 180 1472 1766 1539; baseline -0.004 -11"><span class='ocrx_word' id='word_1_101' title='bbox 180 1491 309 1529; x_wconf 85' lang='lat' dir='ltr'><strong>sare</strong></span> <span class='ocrx_word' id='word_1_102' title='bbox 352 1488 456 1528; x_wconf 91' lang='lat' dir='ltr'><strong>non</strong></span> <span class='ocrx_word' id='word_1_103' title='bbox 504 1472 784 1527; x_wconf 84' lang='lat' dir='ltr'><strong>videbatur</strong></span> <span class='ocrx_word' id='word_1_104' title='bbox 814 1479 938 1524; x_wconf 91' lang='lat' dir='ltr'><strong>tunc</strong></span> <span class='ocrx_word' id='word_1_105' title='bbox 961 1478 1313 1539; x_wconf 88' lang='lat' dir='ltr'><strong>opportunum</strong></span> <span class='ocrx_word' id='word_1_106' title='bbox 1352 1483 1514 1523; x_wconf 90' lang='lat' dir='ltr'><strong>esse:</strong></span> <span class='ocrx_word' id='word_1_107' title='bbox 1564 1483 1766 1535; x_wconf 88' lang='lat' dir='ltr'><strong>verum,</strong></span> 
     </span>
    </p>
   </div>
   <div class='ocr_carea' id='block_1_15' title="bbox 182 1561 1768 1633">
    <p class='ocr_par' dir='ltr' id='par_1_15' title="bbox 182 1561 1768 1633">
     <span class='ocr_line' id='line_1_15' title="bbox 182 1561 1768 1633; baseline -0.003 -12"><span class='ocrx_word' id='word_1_108' title='bbox 182 1568 469 1623; x_wconf 86' lang='lat' dir='ltr'><strong>occasione</strong></span> <span class='ocrx_word' id='word_1_109' title='bbox 492 1566 561 1621; x_wconf 90' lang='lat' dir='ltr'><strong>ab</strong></span> <span class='ocrx_word' id='word_1_110' title='bbox 584 1565 686 1620; x_wconf 91' lang='lat' dir='ltr'><strong>illis</strong></span> <span class='ocrx_word' id='word_1_111' title='bbox 714 1574 950 1633; x_wconf 86' lang='lat' dir='ltr'><strong>accepta,</strong></span> <span class='ocrx_word' id='word_1_112' title='bbox 992 1563 1264 1631; x_wconf 84' lang='lat' dir='ltr'><strong>increpare</strong></span> <span class='ocrx_word' id='word_1_113' title='bbox 1294 1562 1411 1615; x_wconf 90' lang='lat' dir='ltr'><strong>illos</strong></span> <span class='ocrx_word' id='word_1_114' title='bbox 1439 1561 1768 1617; x_wconf 82' lang='lat' dir='ltr'><strong>tolerabilem</strong></span> 
     </span>
    </p>
   </div>
   <div class='ocr_carea' id='block_1_16' title="bbox 183 1652 1770 1722">
    <p class='ocr_par' dir='ltr' id='par_1_16' title="bbox 183 1652 1770 1722">
     <span class='ocr_line' id='line_1_16' title="bbox 183 1652 1770 1722; baseline -0.004 -8"><span class='ocrx_word' id='word_1_115' title='bbox 183 1657 443 1714; x_wconf 79' lang='lat' dir='ltr'><strong>reddebat</strong></span> <span class='ocrx_word' id='word_1_116' title='bbox 485 1656 895 1712; x_wconf 87' lang='lat' dir='ltr'><strong>accusationem.</strong></span> <span class='ocrx_word' id='word_1_117' title='bbox 947 1652 1014 1707; x_wconf 85' lang='lat' dir='ltr'><strong>Et</strong></span> <span class='ocrx_word' id='word_1_118' title='bbox 1060 1669 1154 1708; x_wconf 90' lang='lat' dir='ltr'><strong>cur</strong></span> <span class='ocrx_word' id='word_1_119' title='bbox 1198 1667 1302 1706; x_wconf 88' lang='lat' dir='ltr'><strong>non</strong></span> <span class='ocrx_word' id='word_1_120' title='bbox 1335 1662 1455 1706; x_wconf 92' lang='lat' dir='ltr'><strong>tunc</strong></span> <span class='ocrx_word' id='word_1_121' title='bbox 1482 1653 1770 1722; x_wconf 83' lang='lat' dir='ltr'><strong>increpavit</strong></span> 
     </span>
    </p>
   </div>
   <div class='ocr_carea' id='block_1_17' title="bbox 183 1744 1772 1814">
    <p class='ocr_par' dir='ltr' id='par_1_17' title="bbox 183 1744 1772 1814">
     <span class='ocr_line' id='line_1_17' title="bbox 183 1744 1772 1814; baseline -0.003 -9"><span class='ocrx_word' id='word_1_122' title='bbox 183 1765 281 1805; x_wconf 87' lang='lat' dir='ltr'><strong>eos</strong></span> <span class='ocrx_word' id='word_1_123' title='bbox 305 1764 424 1804; x_wconf 90' lang='lat' dir='ltr'><strong>cum</strong></span> <span class='ocrx_word' id='word_1_124' title='bbox 451 1748 717 1812; x_wconf 86' lang='lat' dir='ltr'><strong>dixerunt,</strong></span> <span class='ocrx_word' id='word_1_125' title='bbox 753 1745 900 1802; x_wconf 83' lang='lat' dir='ltr'><strong>Unde</strong></span> <span class='ocrx_word' id='word_1_126' title='bbox 927 1745 1068 1799; x_wconf 90' lang='lat' dir='ltr'><strong>nobis</strong></span> <span class='ocrx_word' id='word_1_127' title='bbox 1096 1744 1150 1798; x_wconf 88' lang='lat' dir='ltr'><strong>in</strong></span> <span class='ocrx_word' id='word_1_128' title='bbox 1176 1744 1449 1799; x_wconf 89' lang='lat' dir='ltr'><strong>solitudine</strong></span> <span class='ocrx_word' id='word_1_129' title='bbox 1471 1753 1539 1799; x_wconf 91' lang='lat' dir='ltr'><strong>tot</strong></span> <span class='ocrx_word' id='word_1_130' title='bbox 1575 1761 1728 1814; x_wconf 85' lang='lat' dir='ltr'><strong>panes</strong></span> <span class='ocrx_word' id='word_1_131' title='bbox 1745 1747 1772 1800; x_wconf 69' lang='lat'><strong>.9</strong></span> 
     </span>
    </p>
   </div>
   <div class='ocr_carea' id='block_1_18' title="bbox 182 1836 1771 1907">
    <p class='ocr_par' dir='ltr' id='par_1_18' title="bbox 182 1836 1771 1907">
     <span class='ocr_line' id='line_1_18' title="bbox 182 1836 1771 1907; baseline -0.003 -9"><span class='ocrx_word' id='word_1_132' title='bbox 182 1840 324 1898; x_wconf 88' lang='lat' dir='ltr'><strong>Nam</strong></span> <span class='ocrx_word' id='word_1_133' title='bbox 356 1850 481 1896; x_wconf 92' lang='lat' dir='ltr'><strong>tunc</strong></span> <span class='ocrx_word' id='word_1_134' title='bbox 520 1839 835 1894; x_wconf 86' lang='lat' dir='ltr'><strong>videbantur</strong></span> <span class='ocrx_word' id='word_1_135' title='bbox 863 1837 979 1892; x_wconf 66' lang='lat' dir='ltr'><strong>hinc</strong></span> <span class='ocrx_word' id='word_1_136' title='bbox 1021 1844 1318 1906; x_wconf 87' lang='lat' dir='ltr'><strong>opportune</strong></span> <span class='ocrx_word' id='word_1_137' title='bbox 1354 1836 1456 1892; x_wconf 91' lang='lat' dir='ltr'><strong>dici</strong></span> <span class='ocrx_word' id='word_1_138' title='bbox 1488 1852 1663 1907; x_wconf 83' lang='lat' dir='ltr'><strong>posse.</strong></span> <span class='ocrx_word' id='word_1_139' title='bbox 1693 1838 1771 1894; x_wconf 89' lang='lat' dir='ltr'><strong>Ne</strong></span> 
     </span>
    </p>
   </div>
   <div class='ocr_carea' id='block_1_19' title="bbox 183 1928 1773 2000">
    <p class='ocr_par' dir='ltr' id='par_1_19' title="bbox 183 1928 1773 2000">
     <span class='ocr_line' id='line_1_19' title="bbox 183 1928 1773 2000; baseline 0 -15"><span class='ocrx_word' id='word_1_140' title='bbox 183 1932 458 1988; x_wconf 83' lang='lat' dir='ltr'><strong>videretur</strong></span> <span class='ocrx_word' id='word_1_141' title='bbox 481 1930 547 1986; x_wconf 90' lang='lat' dir='ltr'><strong>ad</strong></span> <span class='ocrx_word' id='word_1_142' title='bbox 569 1931 777 2000; x_wconf 86' lang='lat' dir='ltr'><strong>signum</strong></span> <span class='ocrx_word' id='word_1_143' title='bbox 807 1928 1105 1984; x_wconf 81' lang='lat' dir='ltr'><strong>faciendum</strong></span> <span class='ocrx_word' id='word_1_144' title='bbox 1131 1943 1367 1983; x_wconf 90' lang='lat' dir='ltr'><strong>currere.</strong></span> <span class='ocrx_word' id='word_1_145' title='bbox 1405 1930 1652 2000; x_wconf 86' lang='lat' dir='ltr'><strong>Alioquin</strong></span> <span class='ocrx_word' id='word_1_146' title='bbox 1676 1932 1773 1985; x_wconf 48' lang='lat' dir='ltr'><strong>an;</strong></span> 
     </span>
    </p>
   </div>
   <div class='ocr_carea' id='block_1_20' title="bbox 184 2022 1772 2091">
    <p class='ocr_par' dir='ltr' id='par_1_20' title="bbox 184 2022 1772 2091">
     <span class='ocr_line' id='line_1_20' title="bbox 184 2022 1772 2091; baseline -0.001 -11"><span class='ocrx_word' id='word_1_147' title='bbox 184 2034 297 2080; x_wconf 89' lang='lat' dir='ltr'><strong>tem</strong></span> <span class='ocrx_word' id='word_1_148' title='bbox 321 2024 533 2080; x_wconf 90' lang='lat' dir='ltr'><strong>nolebat</strong></span> <span class='ocrx_word' id='word_1_149' title='bbox 552 2037 733 2078; x_wconf 91' lang='lat' dir='ltr'><strong>coram</strong></span> <span class='ocrx_word' id='word_1_150' title='bbox 756 2022 923 2077; x_wconf 87' lang='lat' dir='ltr'><strong>turbis</strong></span> <span class='ocrx_word' id='word_1_151' title='bbox 946 2022 1062 2076; x_wconf 90' lang='lat' dir='ltr'><strong>illos</strong></span> <span class='ocrx_word' id='word_1_152' title='bbox 1082 2036 1326 2091; x_wconf 80' lang='lat' dir='ltr'><strong>arguere,</strong></span> <span class='ocrx_word' id='word_1_153' title='bbox 1352 2022 1435 2077; x_wconf 87' lang='lat' dir='ltr'><strong>vel</strong></span> <span class='ocrx_word' id='word_1_154' title='bbox 1453 2037 1573 2077; x_wconf 89' lang='lat' dir='ltr'><strong>sese</strong></span> <span class='ocrx_word' id='word_1_155' title='bbox 1590 2033 1772 2079; x_wconf 87' lang='lat' dir='ltr'><strong>osten-</strong></span> 
     </span>
    </p>
   </div>
   <div class='ocr_carea' id='block_1_21' title="bbox 184 2112 1773 2185">
    <p class='ocr_par' dir='ltr' id='par_1_21' title="bbox 184 2112 1773 2185">
     <span class='ocr_line' id='line_1_21' title="bbox 184 2112 1773 2185; baseline 0.001 -15"><span class='ocrx_word' id='word_1_156' title='bbox 184 2114 525 2171; x_wconf 87' lang='lat' dir='ltr'><strong>tare..Nunc</strong></span> <span class='ocrx_word' id='word_1_157' title='bbox 567 2129 699 2170; x_wconf 84' lang='lat' dir='ltr'><strong>vero</strong></span> <span class='ocrx_word' id='word_1_158' title='bbox 752 2112 1103 2184; x_wconf 87' lang='lat' dir='ltr'><strong>opportunior</strong></span> <span class='ocrx_word' id='word_1_159' title='bbox 1151 2113 1440 2176; x_wconf 88' lang='lat' dir='ltr'><strong>accusatio,</strong></span> <span class='ocrx_word' id='word_1_160' title='bbox 1490 2115 1612 2184; x_wconf 85' lang='lat' dir='ltr'><strong>quia</strong></span> <span class='ocrx_word' id='word_1_161' title='bbox 1652 2126 1773 2185; x_wconf 90' lang='lat' dir='ltr'><strong>post</strong></span> 
     </span>
    </p>
   </div>
   <div class='ocr_carea' id='block_1_22' title="bbox 180 2203 1803 2279">
    <p class='ocr_par' dir='ltr' id='par_1_22' title="bbox 180 2203 1803 2279">
     <span class='ocr_line' id='line_1_22' title="bbox 180 2203 1803 2279; baseline 0 -17"><span class='ocrx_word' id='word_1_162' title='bbox 180 2206 383 2278; x_wconf 83' lang='lat' dir='ltr'><strong>duplex</strong></span> <span class='ocrx_word' id='word_1_163' title='bbox 409 2205 723 2261; x_wconf 87' lang='lat' dir='ltr'><strong>miraculum</strong></span> <span class='ocrx_word' id='word_1_164' title='bbox 756 2205 889 2260; x_wconf 90' lang='lat' dir='ltr'><strong>tales</strong></span> <span class='ocrx_word' id='word_1_165' title='bbox 916 2214 1090 2259; x_wconf 88' lang='lat' dir='ltr'><strong>erant.</strong></span> <span class='ocrx_word' id='word_1_166' title='bbox 1140 2203 1344 2259; x_wconf 84' lang='lat' dir='ltr'><strong>Idcirco</strong></span> <span class='ocrx_word' id='word_1_167' title='bbox 1368 2220 1488 2259; x_wconf 89' lang='lat' dir='ltr'><strong>cum</strong></span> <span class='ocrx_word' id='word_1_168' title='bbox 1514 2206 1656 2261; x_wconf 91' lang='lat' dir='ltr'><strong>aliud</strong></span> <span class='ocrx_word' id='word_1_169' title='bbox 1689 2206 1769 2262; x_wconf 80' lang='lat' dir='ltr'><strong>fe-</strong></span> <span class='ocrx_word' id='word_1_170' title='bbox 1800 2276 1803 2279; x_wconf 95' lang='lat'><em>_</em></span> 
     </span>
    </p>
   </div>
   <div class='ocr_carea' id='block_1_23' title="bbox 180 2296 1772 2368">
    <p class='ocr_par' dir='ltr' id='par_1_23' title="bbox 180 2296 1772 2368">
     <span class='ocr_line' id='line_1_23' title="bbox 180 2296 1772 2368; baseline 0.001 -16"><span class='ocrx_word' id='word_1_171' title='bbox 180 2299 352 2353; x_wconf 85' lang='lat' dir='ltr'><strong>cisset</strong></span> <span class='ocrx_word' id='word_1_172' title='bbox 402 2296 752 2360; x_wconf 86' lang='lat' dir='ltr'><strong>miraculum,</strong></span> <span class='ocrx_word' id='word_1_173' title='bbox 809 2305 935 2351; x_wconf 91' lang='lat' dir='ltr'><strong>tunc</strong></span> <span class='ocrx_word' id='word_1_174' title='bbox 987 2296 1259 2365; x_wconf 83' lang='lat' dir='ltr'><strong>increpat,</strong></span> <span class='ocrx_word' id='word_1_175' title='bbox 1319 2297 1772 2368; x_wconf 77' lang='lat' dir='ltr'><strong>cogitationesque</strong></span> 
     </span>
    </p>
   </div>
   <div class='ocr_carea' id='block_1_24' title="bbox 182 2387 1771 2460">
    <p class='ocr_par' dir='ltr' id='par_1_24' title="bbox 182 2387 1771 2460">
     <span class='ocr_line' id='line_1_24' title="bbox 182 2387 1771 2460; baseline 0.002 -17"><span class='ocrx_word' id='word_1_176' title='bbox 182 2389 424 2459; x_wconf 85' lang='lat' dir='ltr'><strong>ipsorum</strong></span> <span class='ocrx_word' id='word_1_177' title='bbox 456 2387 509 2443; x_wconf 93' lang='lat' dir='ltr'><strong>in</strong></span> <span class='ocrx_word' id='word_1_178' title='bbox 537 2388 771 2443; x_wconf 89' lang='lat' dir='ltr'><strong>medium</strong></span> <span class='ocrx_word' id='word_1_179' title='bbox 799 2387 1061 2458; x_wconf 87' lang='lat' dir='ltr'><strong>producit.</strong></span> <span class='ocrx_word' id='word_1_180' title='bbox 1084 2387 1216 2455; x_wconf 85' lang='lat' dir='ltr'><strong>Quid</strong></span> <span class='ocrx_word' id='word_1_181' title='bbox 1240 2403 1403 2459; x_wconf 89' lang='lat' dir='ltr'><strong>porro</strong></span> <span class='ocrx_word' id='word_1_182' title='bbox 1429 2390 1771 2460; x_wconf 86' lang='lat' dir='ltr'><strong>cogitabant?</strong></span> 
     </span>
    </p>
   </div>
   <div class='ocr_carea' id='block_1_25' title="bbox 182 2479 1772 2551">
    <p class='ocr_par' dir='ltr' id='par_1_25' title="bbox 182 2479 1772 2551">
     <span class='ocr_line' id='line_1_25' title="bbox 182 2479 1772 2551; baseline 0.002 -17"><span class='ocrx_word' id='word_1_183' title='bbox 182 2481 239 2534; x_wconf 88' lang='lat'><strong>7.</strong></span> <span class='ocrx_word' id='word_1_184' title='bbox 269 2481 404 2547; x_wconf 80' lang='lat' dir='ltr'><strong>Quia</strong></span> <span class='ocrx_word' id='word_1_185' title='bbox 431 2495 588 2549; x_wconf 86' lang='lat' dir='ltr'><strong>panes</strong></span> <span class='ocrx_word' id='word_1_186' title='bbox 616 2497 716 2534; x_wconf 90' lang='lat' dir='ltr'><strong>non</strong></span> <span class='ocrx_word' id='word_1_187' title='bbox 741 2482 1044 2550; x_wconf 84' lang='lat' dir='ltr'><strong>accepimus,</strong></span> <span class='ocrx_word' id='word_1_188' title='bbox 1069 2479 1252 2548; x_wconf 88' lang='lat' dir='ltr'><strong>inqu.t.</strong></span> <span class='ocrx_word' id='word_1_189' title='bbox 1278 2479 1465 2535; x_wconf 87' lang='lat' dir='ltr'><strong>Adhuc</strong></span> <span class='ocrx_word' id='word_1_190' title='bbox 1490 2483 1630 2535; x_wconf 90' lang='lat' dir='ltr'><strong>enim</strong></span> <span class='ocrx_word' id='word_1_191' title='bbox 1650 2497 1772 2551; x_wconf 90' lang='lat' dir='ltr'><strong>pur-</strong></span> 
     </span>
    </p>
   </div>
   <div class='ocr_carea' id='block_1_26' title="bbox 179 2569 1770 2643">
    <p class='ocr_par' dir='ltr' id='par_1_26' title="bbox 179 2569 1770 2643">
     <span class='ocr_line' id='line_1_26' title="bbox 179 2569 1770 2643; baseline 0.001 -16"><span class='ocrx_word' id='word_1_192' title='bbox 179 2572 488 2643; x_wconf 84' lang='lat' dir='ltr'><strong>gationibus</strong></span> <span class='ocrx_word' id='word_1_193' title='bbox 531 2569 765 2626; x_wconf 82' lang='lat' dir='ltr'><strong>Judaicis</strong></span> <span class='ocrx_word' id='word_1_194' title='bbox 808 2579 962 2624; x_wconf 85' lang='lat' dir='ltr'><strong>erant</strong></span> <span class='ocrx_word' id='word_1_195' title='bbox 1006 2569 1219 2633; x_wconf 86' lang='lat' dir='ltr'><strong>addicti,</strong></span> <span class='ocrx_word' id='word_1_196' title='bbox 1270 2585 1500 2625; x_wconf 87' lang='lat' dir='ltr'><strong>necnon</strong></span> <span class='ocrx_word' id='word_1_197' title='bbox 1526 2572 1770 2628; x_wconf 90' lang='lat' dir='ltr'><strong>ciborum</strong></span> 
     </span>
    </p>
   </div>
   <div class='ocr_carea' id='block_1_27' title="bbox 177 2659 1771 2730">
    <p class='ocr_par' dir='ltr' id='par_1_27' title="bbox 177 2659 1771 2730">
     <span class='ocr_line' id='line_1_27' title="bbox 177 2659 1771 2730; baseline 0.001 -13"><span class='ocrx_word' id='word_1_198' title='bbox 177 2662 683 2727; x_wconf 78' lang='lat' dir='ltr'><strong>observationibus;</strong></span> <span class='ocrx_word' id='word_1_199' title='bbox 735 2659 961 2730; x_wconf 87' lang='lat' dir='ltr'><strong>ideoque</strong></span> <span class='ocrx_word' id='word_1_200' title='bbox 998 2675 1183 2715; x_wconf 88' lang='lat' dir='ltr'><strong>eorum</strong></span> <span class='ocrx_word' id='word_1_201' title='bbox 1226 2661 1462 2716; x_wconf 83' lang='lat' dir='ltr'><strong>nomium</strong></span> <span class='ocrx_word' id='word_1_202' title='bbox 1492 2678 1651 2718; x_wconf 88' lang='lat' dir='ltr'><strong>causa</strong></span> <span class='ocrx_word' id='word_1_203' title='bbox 1677 2679 1771 2718; x_wconf 90' lang='lat' dir='ltr'><strong>ve-</strong></span> 
     </span>
    </p>
   </div>
   <div class='ocr_carea' id='block_1_28' title="bbox 180 2750 1772 2824">
    <p class='ocr_par' dir='ltr' id='par_1_28' title="bbox 180 2750 1772 2824">
     <span class='ocr_line' id='line_1_28' title="bbox 180 2750 1772 2824; baseline -0.001 -16"><span class='ocrx_word' id='word_1_204' title='bbox 180 2753 490 2809; x_wconf 80' lang='lat' dir='ltr'><strong>hementius</strong></span> <span class='ocrx_word' id='word_1_205' title='bbox 516 2753 567 2807; x_wconf 90' lang='lat' dir='ltr'><strong>in</strong></span> <span class='ocrx_word' id='word_1_206' title='bbox 592 2751 707 2807; x_wconf 90' lang='lat' dir='ltr'><strong>illos</strong></span> <span class='ocrx_word' id='word_1_207' title='bbox 729 2750 1015 2817; x_wconf 90' lang='lat' dir='ltr'><strong>invehitur,</strong></span> <span class='ocrx_word' id='word_1_208' title='bbox 1043 2750 1227 2806; x_wconf 87' lang='lat' dir='ltr'><strong>dicens</strong></span> <span class='ocrx_word' id='word_1_209' title='bbox 1256 2768 1270 2804; x_wconf 90' lang='lat'><strong>:</strong></span> <span class='ocrx_word' id='word_1_210' title='bbox 1302 2751 1355 2806; x_wconf 89' lang='lat'><strong>8.</strong></span> <span class='ocrx_word' id='word_1_211' title='bbox 1386 2752 1521 2818; x_wconf 82' lang='lat' dir='ltr'><strong>Quid</strong></span> <span class='ocrx_word' id='word_1_212' title='bbox 1540 2755 1772 2824; x_wconf 88' lang='lat' dir='ltr'><strong>cogitatis</strong></span> 
     </span>
    </p>
   </div>
   <div class='ocr_carea' id='block_1_29' title="bbox 176 2842 1771 2914">
    <p class='ocr_par' dir='ltr' id='par_1_29' title="bbox 176 2842 1771 2914">
     <span class='ocr_line' id='line_1_29' title="bbox 176 2842 1771 2914; baseline -0.001 -14"><span class='ocrx_word' id='word_1_213' title='bbox 176 2847 235 2901; x_wconf 81' lang='lat' dir='ltr'><strong>in</strong></span> <span class='ocrx_word' id='word_1_214' title='bbox 264 2845 402 2900; x_wconf 80' lang='lat' dir='ltr'><strong>nobis</strong></span> <span class='ocrx_word' id='word_1_215' title='bbox 422 2846 568 2914; x_wconf 82' lang='lat' dir='ltr'><strong>ipsis,</strong></span> <span class='ocrx_word' id='word_1_216' title='bbox 598 2844 808 2898; x_wconf 71' lang='lat' dir='ltr'><strong>modica:</strong></span> <span class='ocrx_word' id='word_1_217' title='bbox 835 2843 986 2912; x_wconf 79' lang='lat' dir='ltr'><strong>ﬁdei,</strong></span> <span class='ocrx_word' id='word_1_218' title='bbox 1013 2842 1148 2912; x_wconf 82' lang='lat' dir='ltr'><strong>quod</strong></span> <span class='ocrx_word' id='word_1_219' title='bbox 1178 2859 1332 2907; x_wconf 87' lang='lat' dir='ltr'><strong>panes</strong></span> <span class='ocrx_word' id='word_1_220' title='bbox 1359 2860 1457 2896; x_wconf 88' lang='lat' dir='ltr'><strong>non</strong></span> <span class='ocrx_word' id='word_1_221' title='bbox 1497 2845 1723 2914; x_wconf 84' lang='lat' dir='ltr'><strong>ceperitis</strong></span> <span class='ocrx_word' id='word_1_222' title='bbox 1745 2846 1771 2899; x_wconf 83' lang='lat'><strong>?</strong></span> 
     </span>
    </p>
   </div>
   <div class='ocr_carea' id='block_1_30' title="bbox 177 2935 1768 3007">
    <p class='ocr_par' dir='ltr' id='par_1_30' title="bbox 177 2935 1768 3007">
     <span class='ocr_line' id='line_1_30' title="bbox 177 2935 1768 3007; baseline -0.003 -11"><span class='ocrx_word' id='word_1_223' title='bbox 177 2938 239 2996; x_wconf 80' lang='lat'><strong>9.</strong></span> <span class='ocrx_word' id='word_1_224' title='bbox 282 2938 520 2995; x_wconf 80' lang='lat' dir='ltr'><strong>Nondum</strong></span> <span class='ocrx_word' id='word_1_225' title='bbox 545 2936 841 3007; x_wconf 84' lang='lat' dir='ltr'><strong>intelligitis,</strong></span> <span class='ocrx_word' id='word_1_226' title='bbox 869 2951 1025 3005; x_wconf 87' lang='lat' dir='ltr'><strong>neque</strong></span> <span class='ocrx_word' id='word_1_227' title='bbox 1051 2935 1419 2989; x_wconf 82' lang='lat' dir='ltr'><strong>recordamini?</strong></span> <span class='ocrx_word' id='word_1_228' title='bbox 1438 2936 1768 2991; x_wconf 65' lang='lat' dir='ltr'><strong>Occaicatum</strong></span> 
     </span>
    </p>
   </div>
   <div class='ocr_carea' id='block_1_31' title="bbox 176 3025 1772 3092">
    <p class='ocr_par' dir='ltr' id='par_1_31' title="bbox 176 3025 1772 3092">
     <span class='ocr_line' id='line_1_31' title="bbox 176 3025 1772 3092; baseline -0.003 -6"><span class='ocrx_word' id='word_1_229' title='bbox 176 3039 269 3085; x_wconf 82' lang='lat' dir='ltr'><strong>est</strong></span> <span class='ocrx_word' id='word_1_230' title='bbox 292 3044 386 3085; x_wconf 91' lang='lat' dir='ltr'><strong>cor</strong></span> <span class='ocrx_word' id='word_1_231' title='bbox 406 3037 661 3092; x_wconf 86' lang='lat' dir='ltr'><strong>vestrum,</strong></span> <span class='ocrx_word' id='word_1_232' title='bbox 700 3026 882 3082; x_wconf 89' lang='lat' dir='ltr'><strong>oculos</strong></span> <span class='ocrx_word' id='word_1_233' title='bbox 926 3025 1182 3081; x_wconf 88' lang='lat' dir='ltr'><strong>habentes</strong></span> <span class='ocrx_word' id='word_1_234' title='bbox 1211 3041 1315 3081; x_wconf 87' lang='lat' dir='ltr'><strong>non</strong></span> <span class='ocrx_word' id='word_1_235' title='bbox 1361 3025 1571 3092; x_wconf 85' lang='lat' dir='ltr'><strong>videtis,</strong></span> <span class='ocrx_word' id='word_1_236' title='bbox 1611 3041 1772 3083; x_wconf 84' lang='lat' dir='ltr'><strong>aures</strong></span> 
     </span>
    </p>
   </div>
   <div class='ocr_carea' id='block_1_32' title="bbox 178 3116 1770 3191">
    <p class='ocr_par' dir='ltr' id='par_1_32' title="bbox 178 3116 1770 3191">
     <span class='ocr_line' id='line_1_32' title="bbox 178 3116 1770 3191; baseline -0.001 -14"><span class='ocrx_word' id='word_1_237' title='bbox 178 3122 444 3177; x_wconf 77' lang='lat' dir='ltr'><strong>habentes</strong></span> <span class='ocrx_word' id='word_1_238' title='bbox 474 3135 577 3175; x_wconf 92' lang='lat' dir='ltr'><strong>non</strong></span> <span class='ocrx_word' id='word_1_239' title='bbox 602 3119 817 3174; x_wconf 84' lang='lat' dir='ltr'><strong>auditis.</strong></span> <span class='ocrx_word' id='word_1_240' title='bbox 844 3116 965 3172; x_wconf 86' lang='lat' dir='ltr'><strong>Non</strong></span> <span class='ocrx_word' id='word_1_241' title='bbox 989 3119 1324 3172; x_wconf 82' lang='lat' dir='ltr'><strong>recordamini</strong></span> <span class='ocrx_word' id='word_1_242' title='bbox 1347 3120 1564 3190; x_wconf 86' lang='lat' dir='ltr'><strong>quinque</strong></span> <span class='ocrx_word' id='word_1_243' title='bbox 1581 3137 1770 3191; x_wconf 85' lang='lat' dir='ltr'><strong>panum</strong></span> 
     </span>
    </p>
   </div>
   <div class='ocr_carea' id='block_1_33' title="bbox 175 3211 1773 3284">
    <p class='ocr_par' dir='ltr' id='par_1_33' title="bbox 175 3211 1773 3284">
     <span class='ocr_line' id='line_1_33' title="bbox 175 3211 1773 3284; baseline 0 -16"><span class='ocrx_word' id='word_1_244' title='bbox 175 3215 236 3268; x_wconf 84' lang='lat' dir='ltr'><strong>in</strong></span> <span class='ocrx_word' id='word_1_245' title='bbox 261 3213 477 3284; x_wconf 84' lang='lat' dir='ltr'><strong>quinque</strong></span> <span class='ocrx_word' id='word_1_246' title='bbox 498 3211 660 3265; x_wconf 81' lang='lat' dir='ltr'><strong>millia</strong></span> <span class='ocrx_word' id='word_1_247' title='bbox 687 3211 964 3276; x_wconf 81' lang='lat' dir='ltr'><strong>hominum,</strong></span> <span class='ocrx_word' id='word_1_248' title='bbox 982 3220 1028 3265; x_wconf 89' lang='lat' dir='ltr'><strong>et</strong></span> <span class='ocrx_word' id='word_1_249' title='bbox 1048 3220 1165 3280; x_wconf 88' lang='lat' dir='ltr'><strong>quot</strong></span> <span class='ocrx_word' id='word_1_250' title='bbox 1186 3211 1429 3280; x_wconf 81' lang='lat' dir='ltr'><strong>cophinus</strong></span> <span class='ocrx_word' id='word_1_251' title='bbox 1447 3213 1731 3280; x_wconf 81' lang='lat' dir='ltr'><strong>sumpsistis</strong></span> <span class='ocrx_word' id='word_1_252' title='bbox 1744 3213 1773 3268; x_wconf 65' lang='lat'><strong>.9</strong></span> 
     </span>
    </p>
   </div>
   <div class='ocr_carea' id='block_1_34' title="bbox 178 3302 1767 3374">
    <p class='ocr_par' dir='ltr' id='par_1_34' title="bbox 178 3302 1767 3374">
     <span class='ocr_line' id='line_1_34' title="bbox 178 3302 1767 3374; baseline -0.001 -15"><span class='ocrx_word' id='word_1_253' title='bbox 178 3304 277 3359; x_wconf 75' lang='grc'><strong>10.</strong></span> <span class='ocrx_word' id='word_1_254' title='bbox 305 3320 460 3373; x_wconf 84' lang='lat' dir='ltr'><strong>neque</strong></span> <span class='ocrx_word' id='word_1_255' title='bbox 480 3313 668 3372; x_wconf 83' lang='lat' dir='ltr'><strong>septem</strong></span> <span class='ocrx_word' id='word_1_256' title='bbox 703 3318 914 3374; x_wconf 85' lang='lat' dir='ltr'><strong>panum,</strong></span> <span class='ocrx_word' id='word_1_257' title='bbox 952 3302 1007 3355; x_wconf 87' lang='lat' dir='ltr'><strong>in</strong></span> <span class='ocrx_word' id='word_1_258' title='bbox 1034 3311 1249 3371; x_wconf 84' lang='lat' dir='ltr'><strong>quatuor</strong></span> <span class='ocrx_word' id='word_1_259' title='bbox 1290 3302 1453 3356; x_wconf 83' lang='lat' dir='ltr'><strong>millia</strong></span> <span class='ocrx_word' id='word_1_260' title='bbox 1487 3303 1767 3371; x_wconf 80' lang='lat' dir='ltr'><strong>hominum,</strong></span> 
     </span>
    </p>
   </div>
   <div class='ocr_carea' id='block_1_35' title="bbox 174 3394 944 3470">
    <p class='ocr_par' dir='ltr' id='par_1_35' title="bbox 174 3394 944 3470">
     <span class='ocr_line' id='line_1_35' title="bbox 174 3394 944 3470; baseline -0.005 -18"><span class='ocrx_word' id='word_1_261' title='bbox 174 3407 231 3452; x_wconf 83' lang='lat' dir='ltr'><strong>et</strong></span> <span class='ocrx_word' id='word_1_262' title='bbox 253 3407 373 3468; x_wconf 85' lang='lat' dir='ltr'><strong>quot</strong></span> <span class='ocrx_word' id='word_1_263' title='bbox 397 3407 594 3468; x_wconf 85' lang='lat' dir='ltr'><strong>sportas</strong></span> <span class='ocrx_word' id='word_1_264' title='bbox 617 3396 900 3470; x_wconf 84' lang='lat' dir='ltr'><strong>sumpsistis</strong></span> <span class='ocrx_word' id='word_1_265' title='bbox 916 3394 944 3448; x_wconf 71' lang='lat'><strong>.9</strong></span> 
     </span>
    </p>
   </div>
   <div class='ocr_carea' id='block_1_36' title="bbox 252 3486 1772 3558">
    <p class='ocr_par' dir='ltr' id='par_1_36' title="bbox 252 3486 1772 3558">
     <span class='ocr_line' id='line_1_36' title="bbox 252 3486 1772 3558; baseline 0.001 -16"><span class='ocrx_word' id='word_1_266' title='bbox 252 3487 547 3558; x_wconf 82' lang='lat' dir='ltr'><strong>Increpatio</strong></span> <span class='ocrx_word' id='word_1_267' title='bbox 594 3486 969 3541; x_wconf 79' lang='lat' dir='ltr'><strong>mansuetudini</strong></span> <span class='ocrx_word' id='word_1_268' title='bbox 1005 3487 1273 3557; x_wconf 85' lang='lat' dir='ltr'><strong>conjuncta</strong></span> <span class='ocrx_word' id='word_1_269' title='bbox 1304 3486 1463 3542; x_wconf 83' lang='lat' dir='ltr'><strong>utilis.</strong></span> <span class='ocrx_word' id='word_1_270' title='bbox 1488 3518 1560 3527; x_wconf 97' lang='lat'><strong>—</strong></span> <span class='ocrx_word' id='word_1_271' title='bbox 1589 3487 1772 3543; x_wconf 85' lang='lat' dir='ltr'><strong>Videu’</strong></span> 
     </span>
    </p>
   </div>
   <div class='ocr_carea' id='block_1_37' title="bbox 173 3576 1771 3651">
    <p class='ocr_par' dir='ltr' id='par_1_37' title="bbox 173 3576 1771 3651">
     <span class='ocr_line' id='line_1_37' title="bbox 173 3576 1771 3651; baseline 0.001 -17"><span class='ocrx_word' id='word_1_272' title='bbox 173 3579 439 3651; x_wconf 75' lang='lat' dir='ltr'><strong>grandem</strong></span> <span class='ocrx_word' id='word_1_273' title='bbox 465 3577 917 3648; x_wconf 83' lang='lat' dir='ltr'><strong>indignationem?</strong></span> <span class='ocrx_word' id='word_1_274' title='bbox 942 3576 1124 3648; x_wconf 84' lang='lat' dir='ltr'><strong>Neque</strong></span> <span class='ocrx_word' id='word_1_275' title='bbox 1148 3591 1369 3647; x_wconf 89' lang='lat' dir='ltr'><strong>usquam</strong></span> <span class='ocrx_word' id='word_1_276' title='bbox 1397 3577 1522 3632; x_wconf 89' lang='lat' dir='ltr'><strong>alibi</strong></span> <span class='ocrx_word' id='word_1_277' title='bbox 1562 3578 1771 3635; x_wconf 89' lang='lat' dir='ltr'><strong>videtur</strong></span> 
     </span>
    </p>
   </div>
   <div class='ocr_carea' id='block_1_38' title="bbox 175 3668 1768 3740">
    <p class='ocr_par' dir='ltr' id='par_1_38' title="bbox 175 3668 1768 3740">
     <span class='ocr_line' id='line_1_38' title="bbox 175 3668 1768 3740; baseline 0 -13"><span class='ocrx_word' id='word_1_278' title='bbox 175 3671 308 3727; x_wconf 85' lang='lat' dir='ltr'><strong>illos</strong></span> <span class='ocrx_word' id='word_1_279' title='bbox 335 3671 415 3725; x_wconf 89' lang='lat' dir='ltr'><strong>sic</strong></span> <span class='ocrx_word' id='word_1_280' title='bbox 443 3671 765 3740; x_wconf 89' lang='lat' dir='ltr'><strong>increpasse.</strong></span> <span class='ocrx_word' id='word_1_281' title='bbox 797 3668 904 3724; x_wconf 88' lang='lat' dir='ltr'><strong>Cur</strong></span> <span class='ocrx_word' id='word_1_282' title='bbox 931 3684 1059 3738; x_wconf 83' lang='lat' dir='ltr'><strong>ergo</strong></span> <span class='ocrx_word' id='word_1_283' title='bbox 1083 3670 1152 3723; x_wconf 87' lang='lat' dir='ltr'><strong>ita</strong></span> <span class='ocrx_word' id='word_1_284' title='bbox 1194 3668 1351 3725; x_wconf 83' lang='lat' dir='ltr'><strong>facit?</strong></span> <span class='ocrx_word' id='word_1_285' title='bbox 1382 3669 1450 3726; x_wconf 88' lang='lat' dir='ltr'><strong>Ut</strong></span> <span class='ocrx_word' id='word_1_286' title='bbox 1477 3685 1661 3727; x_wconf 85' lang='lat' dir='ltr'><strong>rursus</strong></span> <span class='ocrx_word' id='word_1_287' title='bbox 1689 3672 1768 3727; x_wconf 88' lang='lat' dir='ltr'><strong>ci-</strong></span> 
     </span>
    </p>
   </div>
   <div class='ocr_carea' id='block_1_39' title="bbox 174 3761 1767 3830">
    <p class='ocr_par' dir='ltr' id='par_1_39' title="bbox 174 3761 1767 3830">
     <span class='ocr_line' id='line_1_39' title="bbox 174 3761 1767 3830; baseline 0.002 -12"><span class='ocrx_word' id='word_1_288' title='bbox 174 3764 377 3818; x_wconf 81' lang='lat' dir='ltr'><strong>borum</strong></span> <span class='ocrx_word' id='word_1_289' title='bbox 407 3762 793 3817; x_wconf 85' lang='lat' dir='ltr'><strong>observationis</strong></span> <span class='ocrx_word' id='word_1_290' title='bbox 817 3762 1123 3830; x_wconf 80' lang='lat' dir='ltr'><strong>Opinionem</strong></span> <span class='ocrx_word' id='word_1_291' title='bbox 1142 3761 1462 3825; x_wconf 87' lang='lat' dir='ltr'><strong>eliminaret.</strong></span> <span class='ocrx_word' id='word_1_292' title='bbox 1483 3763 1608 3819; x_wconf 85' lang='lat' dir='ltr'><strong>Ideo</strong></span> <span class='ocrx_word' id='word_1_293' title='bbox 1624 3767 1767 3821; x_wconf 90' lang='lat' dir='ltr'><strong>enim</strong></span> 
     </span>
    </p>
   </div>
   <div class='ocr_carea' id='block_1_40' title="bbox 175 3853 1767 3921">
    <p class='ocr_par' dir='ltr' id='par_1_40' title="bbox 175 3853 1767 3921">
     <span class='ocr_line' id='line_1_40' title="bbox 175 3853 1767 3921; baseline 0.001 -12"><span class='ocrx_word' id='word_1_294' title='bbox 175 3863 314 3910; x_wconf 85' lang='lat' dir='ltr'><strong>tunc</strong></span> <span class='ocrx_word' id='word_1_295' title='bbox 337 3853 547 3909; x_wconf 88' lang='lat' dir='ltr'><strong>dicebat</strong></span> <span class='ocrx_word' id='word_1_296' title='bbox 575 3861 802 3917; x_wconf 89' lang='lat' dir='ltr'><strong>tantum,</strong></span> <span class='ocrx_word' id='word_1_297' title='bbox 832 3853 957 3907; x_wconf 85' lang='lat' dir='ltr'><strong>Sine</strong></span> <span class='ocrx_word' id='word_1_298' title='bbox 983 3853 1237 3908; x_wconf 76' lang='lat' dir='ltr'><strong>intellectu</strong></span> <span class='ocrx_word' id='word_1_299' title='bbox 1269 3855 1406 3921; x_wconf 84' lang='lat' dir='ltr'><strong>estis,</strong></span> <span class='ocrx_word' id='word_1_300' title='bbox 1436 3870 1539 3908; x_wconf 88' lang='lat' dir='ltr'><strong>non</strong></span> <span class='ocrx_word' id='word_1_301' title='bbox 1576 3855 1767 3911; x_wconf 80' lang='lat' dir='ltr'><strong>intelli-</strong></span> 
     </span>
    </p>
   </div>
   <div class='ocr_carea' id='block_1_41' title="bbox 170 3945 1771 4019">
    <p class='ocr_par' dir='ltr' id='par_1_41' title="bbox 170 3945 1771 4019">
     <span class='ocr_line' id='line_1_41' title="bbox 170 3945 1771 4019; baseline 0.003 -19"><span class='ocrx_word' id='word_1_302' title='bbox 170 3947 338 4019; x_wconf 81' lang='lat' dir='ltr'><strong>gitis;</strong></span> <span class='ocrx_word' id='word_1_303' title='bbox 368 3946 456 4001; x_wconf 93' lang='lat' dir='ltr'><strong>hic</strong></span> <span class='ocrx_word' id='word_1_304' title='bbox 482 3960 610 4002; x_wconf 90' lang='lat' dir='ltr'><strong>vero</strong></span> <span class='ocrx_word' id='word_1_305' title='bbox 644 3945 992 4002; x_wconf 86' lang='lat' dir='ltr'><strong>vehementer</strong></span> <span class='ocrx_word' id='word_1_306' title='bbox 1019 3946 1345 4017; x_wconf 87' lang='lat' dir='ltr'><strong>increpando</strong></span> <span class='ocrx_word' id='word_1_307' title='bbox 1372 3947 1522 4015; x_wconf 91' lang='lat' dir='ltr'><strong>dicit,</strong></span> <span class='ocrx_word' id='word_1_308' title='bbox 1550 3948 1771 4005; x_wconf 67' lang='lat' dir='ltr'><strong>Modica</strong></span> 
     </span>
    </p>
   </div>
   <div class='ocr_carea' id='block_1_42' title="bbox 170 4037 1769 4109">
    <p class='ocr_par' dir='ltr' id='par_1_42' title="bbox 170 4037 1769 4109">
     <span class='ocr_line' id='line_1_42' title="bbox 170 4037 1769 4109; baseline 0.005 -18"><span class='ocrx_word' id='word_1_309' title='bbox 170 4039 327 4107; x_wconf 73' lang='lat' dir='ltr'><strong>ﬁdei.</strong></span> <span class='ocrx_word' id='word_1_310' title='bbox 384 4037 502 4094; x_wconf 90' lang='lat' dir='ltr'><strong>Non</strong></span> <span class='ocrx_word' id='word_1_311' title='bbox 559 4039 702 4093; x_wconf 90' lang='lat' dir='ltr'><strong>enim</strong></span> <span class='ocrx_word' id='word_1_312' title='bbox 758 4040 952 4109; x_wconf 88' lang='lat' dir='ltr'><strong>ubique</strong></span> <span class='ocrx_word' id='word_1_313' title='bbox 998 4040 1457 4096; x_wconf 86' lang='lat' dir='ltr'><strong>mansuetudinem</strong></span> <span class='ocrx_word' id='word_1_314' title='bbox 1511 4042 1769 4099; x_wconf 87' lang='lat' dir='ltr'><strong>adhibere</strong></span> 
     </span>
    </p>
   </div>
   <div class='ocr_carea' id='block_1_43' title="bbox 169 4127 1766 4199">
    <p class='ocr_par' dir='ltr' id='par_1_43' title="bbox 169 4127 1766 4199">
     <span class='ocr_line' id='line_1_43' title="bbox 169 4127 1766 4199; baseline 0.003 -15"><span class='ocrx_word' id='word_1_315' title='bbox 169 4135 418 4199; x_wconf 89' lang='lat' dir='ltr'><strong>oportet.</strong></span> <span class='ocrx_word' id='word_1_316' title='bbox 443 4127 517 4185; x_wconf 86' lang='lat' dir='ltr'><strong>Ut</strong></span> <span class='ocrx_word' id='word_1_317' title='bbox 541 4128 683 4184; x_wconf 91' lang='lat' dir='ltr'><strong>enim</strong></span> <span class='ocrx_word' id='word_1_318' title='bbox 723 4128 967 4184; x_wconf 82' lang='lat' dir='ltr'><strong>ﬁduciam</strong></span> <span class='ocrx_word' id='word_1_319' title='bbox 999 4130 1127 4199; x_wconf 89' lang='lat' dir='ltr'><strong>ipsis</strong></span> <span class='ocrx_word' id='word_1_320' title='bbox 1155 4130 1421 4188; x_wconf 84' lang='lat' dir='ltr'><strong>indiderat</strong></span> <span class='ocrx_word' id='word_1_321' title='bbox 1450 4150 1465 4188; x_wconf 90' lang='lat'><strong>:</strong></span> <span class='ocrx_word' id='word_1_322' title='bbox 1493 4134 1571 4188; x_wconf 90' lang='lat' dir='ltr'><strong>sic</strong></span> <span class='ocrx_word' id='word_1_323' title='bbox 1599 4143 1654 4189; x_wconf 94' lang='lat' dir='ltr'><strong>et</strong></span> <span class='ocrx_word' id='word_1_324' title='bbox 1680 4134 1766 4189; x_wconf 60' lang='lat' dir='ltr'><strong>in-</strong></span> 
     </span>
    </p>
   </div>
   <div class='ocr_carea' id='block_1_44' title="bbox 169 4218 1767 4294">
    <p class='ocr_par' dir='ltr' id='par_1_44' title="bbox 169 4218 1767 4294">
     <span class='ocr_line' id='line_1_44' title="bbox 169 4218 1767 4294; baseline 0.004 -18"><span class='ocrx_word' id='word_1_325' title='bbox 169 4228 388 4290; x_wconf 86' lang='lat' dir='ltr'><strong>crepat,</strong></span> <span class='ocrx_word' id='word_1_326' title='bbox 418 4218 519 4274; x_wconf 91' lang='lat' dir='ltr'><strong>bac</strong></span> <span class='ocrx_word' id='word_1_327' title='bbox 558 4220 813 4276; x_wconf 86' lang='lat' dir='ltr'><strong>varietate</strong></span> <span class='ocrx_word' id='word_1_328' title='bbox 857 4221 1012 4275; x_wconf 90' lang='lat' dir='ltr'><strong>saluti</strong></span> <span class='ocrx_word' id='word_1_329' title='bbox 1043 4237 1229 4278; x_wconf 90' lang='lat' dir='ltr'><strong>eorum</strong></span> <span class='ocrx_word' id='word_1_330' title='bbox 1259 4224 1607 4294; x_wconf 87' lang='lat' dir='ltr'><strong>prospiciens.</strong></span> <span class='ocrx_word' id='word_1_331' title='bbox 1634 4224 1767 4282; x_wconf 88' lang='lat' dir='ltr'><strong>Vide</strong></span> 
     </span>
    </p>
   </div>
   <div class='ocr_carea' id='block_1_45' title="bbox 168 4311 1767 4381">
    <p class='ocr_par' dir='ltr' id='par_1_45' title="bbox 168 4311 1767 4381">
     <span class='ocr_line' id='line_1_45' title="bbox 168 4311 1767 4381; baseline 0.003 -14"><span class='ocrx_word' id='word_1_332' title='bbox 168 4322 363 4368; x_wconf 86' lang='lat' dir='ltr'><strong>autem</strong></span> <span class='ocrx_word' id='word_1_333' title='bbox 389 4320 443 4366; x_wconf 90' lang='lat' dir='ltr'><strong>et</strong></span> <span class='ocrx_word' id='word_1_334' title='bbox 467 4311 902 4381; x_wconf 89' lang='lat' dir='ltr'><strong>increpationem.</strong></span> <span class='ocrx_word' id='word_1_335' title='bbox 936 4322 990 4368; x_wconf 90' lang='lat' dir='ltr'><strong>et</strong></span> <span class='ocrx_word' id='word_1_336' title='bbox 1017 4328 1121 4367; x_wconf 91' lang='lat' dir='ltr'><strong>una</strong></span> <span class='ocrx_word' id='word_1_337' title='bbox 1146 4315 1605 4370; x_wconf 89' lang='lat' dir='ltr'><strong>mansuetudinem</strong></span> <span class='ocrx_word' id='word_1_338' title='bbox 1629 4317 1767 4372; x_wconf 88' lang='lat' dir='ltr'><strong>mul-</strong></span> 
     </span>
    </p>
   </div>
   <div class='ocr_carea' id='block_1_46' title="bbox 170 4400 1768 4478">
    <p class='ocr_par' dir='ltr' id='par_1_46' title="bbox 170 4400 1768 4478">
     <span class='ocr_line' id='line_1_46' title="bbox 170 4400 1768 4478; baseline 0.003 -20"><span class='ocrx_word' id='word_1_339' title='bbox 170 4413 312 4458; x_wconf 79' lang='lat' dir='ltr'><strong>tam.</strong></span> <span class='ocrx_word' id='word_1_340' title='bbox 346 4400 478 4456; x_wconf 86' lang='lat' dir='ltr'><strong>Nam</strong></span> <span class='ocrx_word' id='word_1_341' title='bbox 506 4416 627 4457; x_wconf 87' lang='lat' dir='ltr'><strong>sese</strong></span> <span class='ocrx_word' id='word_1_342' title='bbox 649 4400 762 4457; x_wconf 84' lang='lat' dir='ltr'><strong>fere</strong></span> <span class='ocrx_word' id='word_1_343' title='bbox 787 4417 1020 4473; x_wconf 82' lang='lat' dir='ltr'><strong>purgans</strong></span> <span class='ocrx_word' id='word_1_344' title='bbox 1047 4404 1190 4474; x_wconf 90' lang='lat' dir='ltr'><strong>quod</strong></span> <span class='ocrx_word' id='word_1_345' title='bbox 1215 4406 1332 4461; x_wconf 88' lang='lat' dir='ltr'><strong>illos</strong></span> <span class='ocrx_word' id='word_1_346' title='bbox 1352 4421 1541 4476; x_wconf 81' lang='lat' dir='ltr'><strong>aspere</strong></span> <span class='ocrx_word' id='word_1_347' title='bbox 1563 4408 1768 4478; x_wconf 84' lang='lat' dir='ltr'><strong>arguis-</strong></span> 
     </span>
    </p>
   </div>
   <div class='ocr_carea' id='block_1_47' title="bbox 168 4489 1767 4570">
    <p class='ocr_par' dir='ltr' id='par_1_47' title="bbox 168 4489 1767 4570">
     <span class='ocr_line' id='line_1_47' title="bbox 168 4489 1767 4570; baseline 0.003 -22"><span class='ocrx_word' id='word_1_348' title='bbox 168 4502 285 4559; x_wconf 85' lang='lat' dir='ltr'><strong>set,</strong></span> <span class='ocrx_word' id='word_1_349' title='bbox 310 4491 387 4547; x_wconf 89' lang='lat' dir='ltr'><strong>ait</strong></span> <span class='ocrx_word' id='word_1_350' title='bbox 412 4509 426 4545; x_wconf 87' lang='lat'><strong>:</strong></span> <span class='ocrx_word' id='word_1_351' title='bbox 454 4489 697 4547; x_wconf 88' lang='lat' dir='ltr'><strong>Nondum</strong></span> <span class='ocrx_word' id='word_1_352' title='bbox 720 4492 999 4564; x_wconf 89' lang='lat' dir='ltr'><strong>intelligitis</strong></span> <span class='ocrx_word' id='word_1_353' title='bbox 1017 4496 1236 4566; x_wconf 82' lang='lat' dir='ltr'><strong>quinque</strong></span> <span class='ocrx_word' id='word_1_354' title='bbox 1277 4512 1431 4566; x_wconf 85' lang='lat' dir='ltr'><strong>panes</strong></span> <span class='ocrx_word' id='word_1_355' title='bbox 1456 4497 1511 4553; x_wconf 88' lang='lat' dir='ltr'><strong>in</strong></span> <span class='ocrx_word' id='word_1_356' title='bbox 1547 4498 1767 4570; x_wconf 79' lang='lat' dir='ltr'><strong>quinque</strong></span> 
     </span>
    </p>
   </div>
   <div class='ocr_carea' id='block_1_48' title="bbox 167 4584 1765 4660">
    <p class='ocr_par' dir='ltr' id='par_1_48' title="bbox 167 4584 1765 4660">
     <span class='ocr_line' id='line_1_48' title="bbox 167 4584 1765 4660; baseline 0.003 -19"><span class='ocrx_word' id='word_1_357' title='bbox 167 4585 365 4651; x_wconf 70' lang='lat' dir='ltr'><strong>millia,</strong></span> <span class='ocrx_word' id='word_1_358' title='bbox 392 4592 438 4638; x_wconf 88' lang='lat' dir='ltr'><strong>et</strong></span> <span class='ocrx_word' id='word_1_359' title='bbox 461 4594 580 4653; x_wconf 88' lang='lat' dir='ltr'><strong>quot</strong></span> <span class='ocrx_word' id='word_1_360' title='bbox 607 4584 850 4655; x_wconf 83' lang='lat' dir='ltr'><strong>cophinos</strong></span> <span class='ocrx_word' id='word_1_361' title='bbox 876 4586 1196 4656; x_wconf 81' lang='lat' dir='ltr'><strong>sumpsistis?</strong></span> <span class='ocrx_word' id='word_1_362' title='bbox 1226 4597 1272 4641; x_wconf 89' lang='lat' dir='ltr'><strong>et</strong></span> <span class='ocrx_word' id='word_1_363' title='bbox 1295 4598 1482 4657; x_wconf 83' lang='lat' dir='ltr'><strong>septem</strong></span> <span class='ocrx_word' id='word_1_364' title='bbox 1523 4606 1677 4660; x_wconf 87' lang='lat' dir='ltr'><strong>panes</strong></span> <span class='ocrx_word' id='word_1_365' title='bbox 1711 4591 1765 4645; x_wconf 81' lang='lat' dir='ltr'><strong>in</strong></span> 
     </span>
    </p>
   </div>
   <div class='ocr_carea' id='block_1_49' title="bbox 165 4678 1764 4751">
    <p class='ocr_par' dir='ltr' id='par_1_49' title="bbox 165 4678 1764 4751">
     <span class='ocr_line' id='line_1_49' title="bbox 165 4678 1764 4751; baseline 0.007 -22"><span class='ocrx_word' id='word_1_366' title='bbox 165 4685 397 4749; x_wconf 77' lang='lat' dir='ltr'><strong>quatuor</strong></span> <span class='ocrx_word' id='word_1_367' title='bbox 420 4678 600 4743; x_wconf 88' lang='lat' dir='ltr'><strong>millia,</strong></span> <span class='ocrx_word' id='word_1_368' title='bbox 636 4687 685 4732; x_wconf 90' lang='lat' dir='ltr'><strong>et</strong></span> <span class='ocrx_word' id='word_1_369' title='bbox 723 4688 841 4747; x_wconf 89' lang='lat' dir='ltr'><strong>quot</strong></span> <span class='ocrx_word' id='word_1_370' title='bbox 859 4690 1055 4749; x_wconf 85' lang='lat' dir='ltr'><strong>sportas</strong></span> <span class='ocrx_word' id='word_1_371' title='bbox 1080 4681 1397 4751; x_wconf 75' lang='lat' dir='ltr'><strong>sumpsistisl</strong></span> <span class='ocrx_word' id='word_1_372' title='bbox 1425 4682 1549 4739; x_wconf 71' lang='lat' dir='ltr'><strong>ideo</strong></span> <span class='ocrx_word' id='word_1_373' title='bbox 1571 4699 1764 4740; x_wconf 85' lang='lat' dir='ltr'><strong>nume-</strong></span> 
     </span>
    </p>
   </div>
   <div class='ocr_carea' id='block_1_50' title="bbox 166 4766 1763 4846">
    <p class='ocr_par' dir='ltr' id='par_1_50' title="bbox 166 4766 1763 4846">
     <span class='ocr_line' id='line_1_50' title="bbox 166 4766 1763 4846; baseline 0.008 -24"><span class='ocrx_word' id='word_1_374' title='bbox 166 4780 298 4823; x_wconf 86' lang='lat' dir='ltr'><strong>rum</strong></span> <span class='ocrx_word' id='word_1_375' title='bbox 346 4766 502 4823; x_wconf 69' lang='lat' dir='ltr'><strong>affert</strong></span> <span class='ocrx_word' id='word_1_376' title='bbox 541 4777 647 4824; x_wconf 89' lang='lat' dir='ltr'><strong>tam</strong></span> <span class='ocrx_word' id='word_1_377' title='bbox 695 4786 878 4826; x_wconf 90' lang='lat' dir='ltr'><strong>eorum</strong></span> <span class='ocrx_word' id='word_1_378' title='bbox 923 4774 1012 4843; x_wconf 90' lang='lat' dir='ltr'><strong>qui</strong></span> <span class='ocrx_word' id='word_1_379' title='bbox 1041 4774 1403 4842; x_wconf 85' lang='lat' dir='ltr'><strong>comederant,</strong></span> <span class='ocrx_word' id='word_1_380' title='bbox 1447 4792 1605 4846; x_wconf 88' lang='lat' dir='ltr'><strong>quam</strong></span> <span class='ocrx_word' id='word_1_381' title='bbox 1634 4779 1763 4834; x_wconf 82' lang='lat' dir='ltr'><strong>reli-</strong></span> 
     </span>
    </p>
   </div>
   <div class='ocr_carea' id='block_1_51' title="bbox 164 4861 1762 4942">
    <p class='ocr_par' dir='ltr' id='par_1_51' title="bbox 164 4861 1762 4942">
     <span class='ocr_line' id='line_1_51' title="bbox 164 4861 1762 4942; baseline 0.009 -29"><span class='ocrx_word' id='word_1_382' title='bbox 164 4861 423 4932; x_wconf 88' lang='lat' dir='ltr'><strong>quiarum</strong></span> <span class='ocrx_word' id='word_1_383' title='bbox 446 4877 460 4928; x_wconf 97' lang='lat'><strong>;</strong></span> <span class='ocrx_word' id='word_1_384' title='bbox 487 4869 545 4915; x_wconf 93' lang='lat' dir='ltr'><strong>ut</strong></span> <span class='ocrx_word' id='word_1_385' title='bbox 575 4862 678 4917; x_wconf 92' lang='lat' dir='ltr'><strong>illis</strong></span> <span class='ocrx_word' id='word_1_386' title='bbox 706 4864 864 4919; x_wconf 87' lang='lat' dir='ltr'><strong>simul</strong></span> <span class='ocrx_word' id='word_1_387' title='bbox 893 4865 944 4920; x_wconf 93' lang='lat' dir='ltr'><strong>in</strong></span> <span class='ocrx_word' id='word_1_388' title='bbox 975 4867 1284 4921; x_wconf 87' lang='lat' dir='ltr'><strong>memoriam</strong></span> <span class='ocrx_word' id='word_1_389' title='bbox 1311 4879 1589 4926; x_wconf 88' lang='lat' dir='ltr'><strong>revocaret</strong></span> <span class='ocrx_word' id='word_1_390' title='bbox 1622 4886 1762 4942; x_wconf 75' lang='lat' dir='ltr'><strong>pra:-</strong></span> 
     </span>
    </p>
   </div>
   <div class='ocr_carea' id='block_1_52' title="bbox 165 4951 1764 5024">
    <p class='ocr_par' dir='ltr' id='par_1_52' title="bbox 165 4951 1764 5024">
     <span class='ocr_line' id='line_1_52' title="bbox 165 4951 1764 5024; baseline 0.008 -18"><span class='ocrx_word' id='word_1_391' title='bbox 165 4951 357 5017; x_wconf 84' lang='lat' dir='ltr'><strong>terita,</strong></span> <span class='ocrx_word' id='word_1_392' title='bbox 385 4960 437 5007; x_wconf 89' lang='lat' dir='ltr'><strong>et</strong></span> <span class='ocrx_word' id='word_1_393' title='bbox 476 4951 542 5007; x_wconf 89' lang='lat' dir='ltr'><strong>ad</strong></span> <span class='ocrx_word' id='word_1_394' title='bbox 578 4952 752 5008; x_wconf 83' lang='lat' dir='ltr'><strong>futura</strong></span> <span class='ocrx_word' id='word_1_395' title='bbox 797 4956 940 5024; x_wconf 88' lang='lat' dir='ltr'><strong>ipsos</strong></span> <span class='ocrx_word' id='word_1_396' title='bbox 974 4959 1285 5013; x_wconf 89' lang='lat' dir='ltr'><strong>attentiores</strong></span> <span class='ocrx_word' id='word_1_397' title='bbox 1314 4959 1580 5017; x_wconf 84' lang='lat' dir='ltr'><strong>redderet.</strong></span> <span class='ocrx_word' id='word_1_398' title='bbox 1614 4962 1680 5018; x_wconf 88' lang='lat' dir='ltr'><strong>Et</strong></span> <span class='ocrx_word' id='word_1_399' title='bbox 1707 4972 1764 5019; x_wconf 90' lang='lat' dir='ltr'><strong>ut</strong></span> 
     </span>
    </p>
   </div>
   <div class='ocr_carea' id='block_1_53' title="bbox 163 5042 1760 5119">
    <p class='ocr_par' dir='ltr' id='par_1_53' title="bbox 163 5042 1760 5119">
     <span class='ocr_line' id='line_1_53' title="bbox 163 5042 1760 5119; baseline 0.008 -23"><span class='ocrx_word' id='word_1_400' title='bbox 163 5042 377 5107; x_wconf 87' lang='lat' dir='ltr'><strong>discas,</strong></span> <span class='ocrx_word' id='word_1_401' title='bbox 398 5052 650 5112; x_wconf 82' lang='lat' dir='ltr'><strong>quantum</strong></span> <span class='ocrx_word' id='word_1_402' title='bbox 672 5045 842 5115; x_wconf 87' lang='lat' dir='ltr'><strong>potuit</strong></span> <span class='ocrx_word' id='word_1_403' title='bbox 862 5046 1171 5116; x_wconf 90' lang='lat' dir='ltr'><strong>increpatio,</strong></span> <span class='ocrx_word' id='word_1_404' title='bbox 1190 5059 1350 5119; x_wconf 91' lang='lat' dir='ltr'><strong>utque</strong></span> <span class='ocrx_word' id='word_1_405' title='bbox 1371 5052 1760 5109; x_wconf 75' lang='lat' dir='ltr'><strong>somnolentum</strong></span> 
     </span>
    </p>
   </div>
   <div class='ocr_carea' id='block_1_54' title="bbox 166 5134 1760 5215">
    <p class='ocr_par' dir='ltr' id='par_1_54' title="bbox 166 5134 1760 5215">
     <span class='ocr_line' id='line_1_54' title="bbox 166 5134 1760 5215; baseline 0.009 -27"><span class='ocrx_word' id='word_1_406' title='bbox 166 5134 418 5203; x_wconf 80' lang='lat' dir='ltr'><strong>ipsorum</strong></span> <span class='ocrx_word' id='word_1_407' title='bbox 448 5142 679 5191; x_wconf 88' lang='lat' dir='ltr'><strong>mentem</strong></span> <span class='ocrx_word' id='word_1_408' title='bbox 705 5139 956 5203; x_wconf 78' lang='lat' dir='ltr'><strong>erexerit,</strong></span> <span class='ocrx_word' id='word_1_409' title='bbox 976 5139 1097 5193; x_wconf 88' lang='lat' dir='ltr'><strong>audi</strong></span> <span class='ocrx_word' id='word_1_410' title='bbox 1116 5140 1240 5210; x_wconf 89' lang='lat' dir='ltr'><strong>quid</strong></span> <span class='ocrx_word' id='word_1_411' title='bbox 1261 5142 1760 5215; x_wconf 79' lang='lat' dir='ltr'><strong>dicatevangelista.</strong></span> 
     </span>
    </p>
   </div>
   <div class='ocr_carea' id='block_1_55' title="bbox 162 5223 1762 5306">
    <p class='ocr_par' dir='ltr' id='par_1_55' title="bbox 162 5223 1762 5306">
     <span class='ocr_line' id='line_1_55' title="bbox 162 5223 1762 5306; baseline 0.008 -26"><span class='ocrx_word' id='word_1_412' title='bbox 162 5224 310 5280; x_wconf 79' lang='lat' dir='ltr'><strong>Nam</strong></span> <span class='ocrx_word' id='word_1_413' title='bbox 337 5238 458 5279; x_wconf 85' lang='lat' dir='ltr'><strong>cum</strong></span> <span class='ocrx_word' id='word_1_414' title='bbox 480 5223 637 5281; x_wconf 68' lang='lat' dir='ltr'><strong>Iesus</strong></span> <span class='ocrx_word' id='word_1_415' title='bbox 660 5225 789 5281; x_wconf 88' lang='lat' dir='ltr'><strong>nihil</strong></span> <span class='ocrx_word' id='word_1_416' title='bbox 813 5228 1039 5300; x_wconf 88' lang='lat' dir='ltr'><strong>amplius</strong></span> <span class='ocrx_word' id='word_1_417' title='bbox 1058 5228 1298 5298; x_wconf 80' lang='lat' dir='ltr'><strong>dixisset,</strong></span> <span class='ocrx_word' id='word_1_418' title='bbox 1321 5233 1412 5288; x_wconf 87' lang='lat' dir='ltr'><strong>sed</strong></span> <span class='ocrx_word' id='word_1_419' title='bbox 1435 5234 1762 5306; x_wconf 88' lang='lat' dir='ltr'><strong>increpasset</strong></span> 
     </span>
    </p>
   </div>
   <div class='ocr_carea' id='block_1_56' title="bbox 164 5316 1758 5398">
    <p class='ocr_par' dir='ltr' id='par_1_56' title="bbox 164 5316 1758 5398">
     <span class='ocr_line' id='line_1_56' title="bbox 164 5316 1758 5398; baseline 0.009 -30"><span class='ocrx_word' id='word_1_420' title='bbox 164 5316 294 5370; x_wconf 66' lang='lat' dir='ltr'><strong>haec</strong></span> <span class='ocrx_word' id='word_1_421' title='bbox 341 5322 546 5371; x_wconf 83' lang='lat' dir='ltr'><strong>tantum</strong></span> <span class='ocrx_word' id='word_1_422' title='bbox 595 5316 862 5387; x_wconf 89' lang='lat' dir='ltr'><strong>addendo,</strong></span> <span class='ocrx_word' id='word_1_423' title='bbox 905 5320 993 5375; x_wconf 79' lang='grc'><strong>11.</strong></span> <span class='ocrx_word' id='word_1_424' title='bbox 1028 5320 1293 5386; x_wconf 82' lang='lat' dir='ltr'><strong>Quomodo</strong></span> <span class='ocrx_word' id='word_1_425' title='bbox 1332 5339 1434 5379; x_wconf 90' lang='lat' dir='ltr'><strong>non</strong></span> <span class='ocrx_word' id='word_1_426' title='bbox 1460 5325 1758 5398; x_wconf 81' lang='lat' dir='ltr'><strong>intelligitis,</strong></span> 
     </span>
    </p>
   </div>
   <div class='ocr_carea' id='block_1_57' title="bbox 162 5412 1761 5490">
    <p class='ocr_par' dir='ltr' id='par_1_57' title="bbox 162 5412 1761 5490">
     <span class='ocr_line' id='line_1_57' title="bbox 162 5412 1761 5490; baseline 0.01 -31"><span class='ocrx_word' id='word_1_427' title='bbox 162 5424 255 5460; x_wconf 82' lang='lat' dir='ltr'><strong>me</strong></span> <span class='ocrx_word' id='word_1_428' title='bbox 297 5422 402 5461; x_wconf 86' lang='lat' dir='ltr'><strong>non</strong></span> <span class='ocrx_word' id='word_1_429' title='bbox 455 5424 487 5462; x_wconf 89' lang='lat' dir='ltr'><strong>a</strong></span> <span class='ocrx_word' id='word_1_430' title='bbox 536 5425 667 5479; x_wconf 80' lang='lat' dir='ltr'><strong>pane</strong></span> <span class='ocrx_word' id='word_1_431' title='bbox 713 5427 887 5466; x_wconf 82' lang='lat' dir='ltr'><strong>cavere</strong></span> <span class='ocrx_word' id='word_1_432' title='bbox 927 5412 1115 5468; x_wconf 71' lang='lat' dir='ltr'><strong>dixisse</strong></span> <span class='ocrx_word' id='word_1_433' title='bbox 1161 5415 1316 5478; x_wconf 81' lang='lat' dir='ltr'><strong>nobis.</strong></span> <span class='ocrx_word' id='word_1_434' title='bbox 1348 5417 1436 5471; x_wconf 90' lang='lat' dir='ltr'><strong>sed</strong></span> <span class='ocrx_word' id='word_1_435' title='bbox 1459 5434 1492 5471; x_wconf 90' lang='lat' dir='ltr'><strong>a</strong></span> <span class='ocrx_word' id='word_1_436' title='bbox 1519 5420 1761 5490; x_wconf 77' lang='lat' dir='ltr'><strong>fermento</strong></span> 
     </span>
    </p>
   </div>
   <div class='ocr_carea' id='block_1_58' title="bbox 169 5498 1757 5581">
    <p class='ocr_par' dir='ltr' id='par_1_58' title="bbox 169 5498 1757 5581">
     <span class='ocr_line' id='line_1_58' title="bbox 169 5498 1757 5581; baseline 0.013 -31"><span class='ocrx_word' id='word_1_437' title='bbox 169 5498 558 5555; x_wconf 75' lang='lat' dir='ltr'><strong>l’haristeorum</strong></span> <span class='ocrx_word' id='word_1_438' title='bbox 603 5512 652 5556; x_wconf 84' lang='lat' dir='ltr'><strong>et</strong></span> <span class='ocrx_word' id='word_1_439' title='bbox 693 5502 1132 5561; x_wconf 76' lang='lat' dir='ltr'><strong>Sadducteorum?</strong></span> <span class='ocrx_word' id='word_1_440' title='bbox 1175 5508 1356 5563; x_wconf 89' lang='lat' dir='ltr'><strong>subdit</strong></span> <span class='ocrx_word' id='word_1_441' title='bbox 1389 5512 1757 5581; x_wconf 81' lang='lat' dir='ltr'><strong>evangelista:</strong></span> 
     </span>
    </p>
   </div>
   <div class='ocr_carea' id='block_1_59' title="bbox 170 5587 1763 5665">
    <p class='ocr_par' dir='ltr' id='par_1_59' title="bbox 170 5587 1763 5665">
     <span class='ocr_line' id='line_1_59' title="bbox 170 5587 1763 5665; baseline 0.011 -21"><span class='ocrx_word' id='word_1_442' title='bbox 170 5589 267 5644; x_wconf 73' lang='grc'><strong>12.</strong></span> <span class='ocrx_word' id='word_1_443' title='bbox 302 5587 447 5643; x_wconf 86' lang='lat' dir='ltr'><strong>Tunc</strong></span> <span class='ocrx_word' id='word_1_444' title='bbox 465 5591 839 5659; x_wconf 72' lang='lat' dir='ltr'><strong>intellexerunt,</strong></span> <span class='ocrx_word' id='word_1_445' title='bbox 866 5596 985 5665; x_wconf 88' lang='lat' dir='ltr'><strong>quia</strong></span> <span class='ocrx_word' id='word_1_446' title='bbox 1010 5612 1111 5652; x_wconf 88' lang='lat' dir='ltr'><strong>non</strong></span> <span class='ocrx_word' id='word_1_447' title='bbox 1136 5598 1335 5653; x_wconf 68' lang='lat' dir='ltr'><strong>dixerat</strong></span> <span class='ocrx_word' id='word_1_448' title='bbox 1358 5602 1629 5657; x_wconf 83' lang='lat' dir='ltr'><strong>cavendum</strong></span> <span class='ocrx_word' id='word_1_449' title='bbox 1655 5620 1763 5661; x_wconf 85' lang='lat' dir='ltr'><strong>esse</strong></span> 
     </span>
    </p>
   </div>
   <div class='ocr_carea' id='block_1_60' title="bbox 166 5683 1755 5756">
    <p class='ocr_par' dir='ltr' id='par_1_60' title="bbox 166 5683 1755 5756">
     <span class='ocr_line' id='line_1_60' title="bbox 166 5683 1755 5756; baseline 0.009 -17"><span class='ocrx_word' id='word_1_450' title='bbox 166 5701 201 5739; x_wconf 91' lang='lat' dir='ltr'><strong>a</strong></span> <span class='ocrx_word' id='word_1_451' title='bbox 217 5683 477 5753; x_wconf 78' lang='lat' dir='ltr'><strong>fermento</strong></span> <span class='ocrx_word' id='word_1_452' title='bbox 503 5686 673 5756; x_wconf 84' lang='lat' dir='ltr'><strong>panis,</strong></span> <span class='ocrx_word' id='word_1_453' title='bbox 702 5688 791 5744; x_wconf 81' lang='lat' dir='ltr'><strong>sed</strong></span> <span class='ocrx_word' id='word_1_454' title='bbox 824 5706 857 5744; x_wconf 92' lang='lat' dir='ltr'><strong>a</strong></span> <span class='ocrx_word' id='word_1_455' title='bbox 881 5688 1110 5747; x_wconf 82' lang='lat' dir='ltr'><strong>doctrina</strong></span> <span class='ocrx_word' id='word_1_456' title='bbox 1137 5690 1518 5752; x_wconf 70' lang='lat' dir='ltr'><strong>Pltarisworum</strong></span> <span class='ocrx_word' id='word_1_457' title='bbox 1537 5707 1585 5756; x_wconf 86' lang='lat' dir='ltr'><strong>et</strong></span> <span class='ocrx_word' id='word_1_458' title='bbox 1616 5699 1755 5756; x_wconf 83' lang='lat' dir='ltr'><strong>Sad-</strong></span> 
     </span>
    </p>
   </div>
   <div class='ocr_carea' id='block_1_61' title="bbox 1213 251 2444 314">
    <p class='ocr_par' dir='ltr' id='par_1_61' title="bbox 1213 251 2444 314">
     <span class='ocr_line' id='line_1_61' title="bbox 1213 251 2444 314; baseline 0.003 -4"><span class='ocrx_word' id='word_1_459' title='bbox 1213 254 1276 310; x_wconf 90' lang='lat' dir='ltr'><strong>IN</strong></span> <span class='ocrx_word' id='word_1_460' title='bbox 1316 251 1721 312; x_wconf 66' lang='lat' dir='ltr'><strong>MATTIIIEUM</strong></span> <span class='ocrx_word' id='word_1_461' title='bbox 1760 252 1986 310; x_wconf 76' lang='lat' dir='ltr'><strong>IIOMIL.</strong></span> <span class='ocrx_word' id='word_1_462' title='bbox 2027 254 2160 312; x_wconf 89' lang='lat' dir='ltr'><strong>Llll.</strong></span> <span class='ocrx_word' id='word_1_463' title='bbox 2198 258 2268 313; x_wconf 89' lang='lat' dir='ltr'><strong>al.</strong></span> <span class='ocrx_word' id='word_1_464' title='bbox 2311 257 2444 314; x_wconf 85' lang='lat' dir='ltr'><strong>LIV.</strong></span> 
     </span>
    </p>
   </div>
   <div class='ocr_carea' id='block_1_62' title="bbox 3347 267 3454 325">
    <p class='ocr_par' dir='ltr' id='par_1_62' title="bbox 3347 267 3454 325">
     <span class='ocr_line' id='line_1_62' title="bbox 3347 267 3454 325; baseline 0.019 -2"><span class='ocrx_word' id='word_1_465' title='bbox 3347 267 3454 325; x_wconf 75' lang='lat'><strong>530</strong></span> 
     </span>
    </p>
   </div>
   <div class='ocr_carea' id='block_1_63' title="bbox 1883 370 3452 451">
    <p class='ocr_par' dir='ltr' id='par_1_63' title="bbox 1883 370 3452 451">
     <span class='ocr_line' id='line_1_63' title="bbox 1883 370 3452 451; baseline 0.01 -29"><span class='ocrx_word' id='word_1_466' title='bbox 1883 370 2167 425; x_wconf 70' lang='lat' dir='ltr'><strong>ducworum</strong></span> <span class='ocrx_word' id='word_1_467' title='bbox 2185 390 2205 441; x_wconf 89' lang='lat'><strong>;</strong></span> <span class='ocrx_word' id='word_1_468' title='bbox 2228 374 2433 428; x_wconf 88' lang='lat' dir='ltr'><strong>etiamsi</strong></span> <span class='ocrx_word' id='word_1_469' title='bbox 2459 373 2547 430; x_wconf 89' lang='lat' dir='ltr'><strong>ille</strong></span> <span class='ocrx_word' id='word_1_470' title='bbox 2578 374 2690 429; x_wconf 65' lang='lat' dir='ltr'><strong>haec</strong></span> <span class='ocrx_word' id='word_1_471' title='bbox 2718 389 2821 429; x_wconf 91' lang='lat' dir='ltr'><strong>non</strong></span> <span class='ocrx_word' id='word_1_472' title='bbox 2852 375 3035 433; x_wconf 81' lang='lat' dir='ltr'><strong>fuisset</strong></span> <span class='ocrx_word' id='word_1_473' title='bbox 3055 377 3452 451; x_wconf 81' lang='lat' dir='ltr'><strong>interpretatus.</strong></span> 
     </span>
    </p>
   </div>
   <div class='ocr_carea' id='block_1_64' title="bbox 1882 462 3455 537">
    <p class='ocr_par' dir='ltr' id='par_1_64' title="bbox 1882 462 3455 537">
     <span class='ocr_line' id='line_1_64' title="bbox 1882 462 3455 537; baseline 0.01 -22"><span class='ocrx_word' id='word_1_474' title='bbox 1882 462 2011 517; x_wconf 91' lang='lat' dir='ltr'><strong>Vide</strong></span> <span class='ocrx_word' id='word_1_475' title='bbox 2036 473 2230 533; x_wconf 89' lang='lat' dir='ltr'><strong>quanta</strong></span> <span class='ocrx_word' id='word_1_476' title='bbox 2260 465 2394 520; x_wconf 91' lang='lat' dir='ltr'><strong>bona</strong></span> <span class='ocrx_word' id='word_1_477' title='bbox 2418 467 2655 521; x_wconf 89' lang='lat' dir='ltr'><strong>attulerit</strong></span> <span class='ocrx_word' id='word_1_478' title='bbox 2684 467 2992 537; x_wconf 84' lang='lat' dir='ltr'><strong>increpatio.</strong></span> <span class='ocrx_word' id='word_1_479' title='bbox 3015 469 3147 525; x_wconf 85' lang='lat' dir='ltr'><strong>Nam</strong></span> <span class='ocrx_word' id='word_1_480' title='bbox 3167 486 3197 525; x_wconf 91' lang='lat' dir='ltr'><strong>a</strong></span> <span class='ocrx_word' id='word_1_481' title='bbox 3219 472 3455 530; x_wconf 84' lang='lat' dir='ltr'><strong>Judaicis</strong></span> 
     </span>
    </p>
   </div>
   <div class='ocr_carea' id='block_1_65' title="bbox 1876 553 3453 628">
    <p class='ocr_par' dir='ltr' id='par_1_65' title="bbox 1876 553 3453 628">
     <span class='ocr_line' id='line_1_65' title="bbox 1876 553 3453 628; baseline 0.006 -21"><span class='ocrx_word' id='word_1_482' title='bbox 1876 553 2334 610; x_wconf 84' lang='lat' dir='ltr'><strong>observationibus</strong></span> <span class='ocrx_word' id='word_1_483' title='bbox 2364 557 2483 612; x_wconf 91' lang='lat' dir='ltr'><strong>illos</strong></span> <span class='ocrx_word' id='word_1_484' title='bbox 2511 557 2751 622; x_wconf 90' lang='lat' dir='ltr'><strong>abduxit,</strong></span> <span class='ocrx_word' id='word_1_485' title='bbox 2795 568 2849 611; x_wconf 87' lang='lat' dir='ltr'><strong>et</strong></span> <span class='ocrx_word' id='word_1_486' title='bbox 2888 560 3142 615; x_wconf 89' lang='lat' dir='ltr'><strong>socordes</strong></span> <span class='ocrx_word' id='word_1_487' title='bbox 3168 573 3345 628; x_wconf 88' lang='lat' dir='ltr'><strong>antea,</strong></span> <span class='ocrx_word' id='word_1_488' title='bbox 3376 564 3453 617; x_wconf 60' lang='lat' dir='ltr'><strong>fec</strong></span> 
     </span>
    </p>
   </div>
   <div class='ocr_carea' id='block_1_66' title="bbox 1875 645 3450 719">
    <p class='ocr_par' dir='ltr' id='par_1_66' title="bbox 1875 645 3450 719">
     <span class='ocr_line' id='line_1_66' title="bbox 1875 645 3450 719; baseline 0.007 -21"><span class='ocrx_word' id='word_1_489' title='bbox 1875 645 2302 715; x_wconf 90' lang='lat' dir='ltr'><strong>citattentiores,</strong></span> <span class='ocrx_word' id='word_1_490' title='bbox 2348 657 2508 717; x_wconf 86' lang='lat' dir='ltr'><strong>atque</strong></span> <span class='ocrx_word' id='word_1_491' title='bbox 2550 662 2579 700; x_wconf 92' lang='lat' dir='ltr'><strong>a</strong></span> <span class='ocrx_word' id='word_1_492' title='bbox 2621 648 2740 703; x_wconf 88' lang='lat' dir='ltr'><strong>tidei</strong></span> <span class='ocrx_word' id='word_1_493' title='bbox 2774 648 3137 706; x_wconf 88' lang='lat' dir='ltr'><strong>imbecillitate</strong></span> <span class='ocrx_word' id='word_1_494' title='bbox 3166 656 3450 719; x_wconf 88' lang='lat' dir='ltr'><strong>revocavit,</strong></span> 
     </span>
    </p>
   </div>
   <div class='ocr_carea' id='block_1_67' title="bbox 1874 734 3453 815">
    <p class='ocr_par' dir='ltr' id='par_1_67' title="bbox 1874 734 3453 815">
     <span class='ocr_line' id='line_1_67' title="bbox 1874 734 3453 815; baseline 0.008 -26"><span class='ocrx_word' id='word_1_495' title='bbox 1874 734 1945 789; x_wconf 87' lang='lat' dir='ltr'><strong>ita</strong></span> <span class='ocrx_word' id='word_1_496' title='bbox 1976 745 2157 791; x_wconf 91' lang='lat' dir='ltr'><strong>utnon</strong></span> <span class='ocrx_word' id='word_1_497' title='bbox 2189 738 2425 805; x_wconf 86' lang='lat' dir='ltr'><strong>timeant,</strong></span> <span class='ocrx_word' id='word_1_498' title='bbox 2452 755 2623 809; x_wconf 90' lang='lat' dir='ltr'><strong>neque</strong></span> <span class='ocrx_word' id='word_1_499' title='bbox 2650 740 2954 807; x_wconf 80' lang='lat' dir='ltr'><strong>formident,</strong></span> <span class='ocrx_word' id='word_1_500' title='bbox 2999 744 3043 797; x_wconf 92' lang='lat' dir='ltr'><strong>si</strong></span> <span class='ocrx_word' id='word_1_501' title='bbox 3080 744 3294 813; x_wconf 90' lang='lat' dir='ltr'><strong>quando</strong></span> <span class='ocrx_word' id='word_1_502' title='bbox 3320 761 3453 815; x_wconf 84' lang='lat' dir='ltr'><strong>pau-</strong></span> 
     </span>
    </p>
   </div>
   <div class='ocr_carea' id='block_1_68' title="bbox 1874 831 3451 902">
    <p class='ocr_par' dir='ltr' id='par_1_68' title="bbox 1874 831 3451 902">
     <span class='ocr_line' id='line_1_68' title="bbox 1874 831 3451 902; baseline 0.007 -20"><span class='ocrx_word' id='word_1_503' title='bbox 1874 843 1967 883; x_wconf 90' lang='lat' dir='ltr'><strong>cos</strong></span> <span class='ocrx_word' id='word_1_504' title='bbox 1996 844 2159 900; x_wconf 88' lang='lat' dir='ltr'><strong>panes</strong></span> <span class='ocrx_word' id='word_1_505' title='bbox 2198 831 2446 897; x_wconf 85' lang='lat' dir='ltr'><strong>habeant,</strong></span> <span class='ocrx_word' id='word_1_506' title='bbox 2491 848 2664 902; x_wconf 85' lang='lat' dir='ltr'><strong>neque</strong></span> <span class='ocrx_word' id='word_1_507' title='bbox 2690 833 2758 888; x_wconf 91' lang='lat' dir='ltr'><strong>de</strong></span> <span class='ocrx_word' id='word_1_508' title='bbox 2801 833 2941 889; x_wconf 82' lang='lat' dir='ltr'><strong>fame</strong></span> <span class='ocrx_word' id='word_1_509' title='bbox 2984 836 3215 891; x_wconf 88' lang='lat' dir='ltr'><strong>cavenda</strong></span> <span class='ocrx_word' id='word_1_510' title='bbox 3240 837 3451 893; x_wconf 86' lang='lat' dir='ltr'><strong>solliciti</strong></span> 
     </span>
    </p>
   </div>
   <div class='ocr_carea' id='block_1_69' title="bbox 1874 920 3454 996">
    <p class='ocr_par' dir='ltr' id='par_1_69' title="bbox 1874 920 3454 996">
     <span class='ocr_line' id='line_1_69' title="bbox 1874 920 3454 996; baseline 0.007 -22"><span class='ocrx_word' id='word_1_511' title='bbox 1874 920 2001 987; x_wconf 87' lang='lat' dir='ltr'><strong>sint,</strong></span> <span class='ocrx_word' id='word_1_512' title='bbox 2030 920 2125 975; x_wconf 90' lang='lat' dir='ltr'><strong>sed</strong></span> <span class='ocrx_word' id='word_1_513' title='bbox 2154 920 2267 977; x_wconf 76' lang='lat' dir='ltr'><strong>inec</strong></span> <span class='ocrx_word' id='word_1_514' title='bbox 2292 924 2469 995; x_wconf 88' lang='lat' dir='ltr'><strong>omnia</strong></span> <span class='ocrx_word' id='word_1_515' title='bbox 2493 934 2853 979; x_wconf 88' lang='lat' dir='ltr'><strong>contemnant.</strong></span> <span class='ocrx_word' id='word_1_516' title='bbox 2885 925 2963 981; x_wconf 87' lang='lat' dir='ltr'><strong>Ne</strong></span> <span class='ocrx_word' id='word_1_517' title='bbox 2986 927 3161 996; x_wconf 90' lang='lat' dir='ltr'><strong>itaque</strong></span> <span class='ocrx_word' id='word_1_518' title='bbox 3191 943 3289 985; x_wconf 91' lang='lat' dir='ltr'><strong>nos</strong></span> <span class='ocrx_word' id='word_1_519' title='bbox 3313 943 3454 985; x_wconf 80' lang='lat' dir='ltr'><strong>sem-</strong></span> 
     </span>
    </p>
   </div>
   <div class='ocr_carea' id='block_1_70' title="bbox 1877 1012 3453 1090">
    <p class='ocr_par' dir='ltr' id='par_1_70' title="bbox 1877 1012 3453 1090">
     <span class='ocr_line' id='line_1_70' title="bbox 1877 1012 3453 1090; baseline 0.008 -27"><span class='ocrx_word' id='word_1_520' title='bbox 1877 1024 1970 1078; x_wconf 89' lang='lat' dir='ltr'><strong>per</strong></span> <span class='ocrx_word' id='word_1_521' title='bbox 1992 1012 2250 1066; x_wconf 86' lang='lat' dir='ltr'><strong>assentari</strong></span> <span class='ocrx_word' id='word_1_522' title='bbox 2292 1012 2517 1068; x_wconf 88' lang='lat' dir='ltr'><strong>subditis</strong></span> <span class='ocrx_word' id='word_1_523' title='bbox 2541 1015 2787 1081; x_wconf 87' lang='lat' dir='ltr'><strong>velimus,</strong></span> <span class='ocrx_word' id='word_1_524' title='bbox 2820 1032 2917 1070; x_wconf 91' lang='lat' dir='ltr'><strong>nec</strong></span> <span class='ocrx_word' id='word_1_525' title='bbox 2943 1026 3192 1085; x_wconf 82' lang='lat' dir='ltr'><strong>Optemus</strong></span> <span class='ocrx_word' id='word_1_526' title='bbox 3220 1028 3276 1073; x_wconf 89' lang='lat' dir='ltr'><strong>ut</strong></span> <span class='ocrx_word' id='word_1_527' title='bbox 3300 1020 3334 1074; x_wconf 91' lang='lat' dir='ltr'><strong>ii</strong></span> <span class='ocrx_word' id='word_1_528' title='bbox 3360 1021 3453 1090; x_wconf 85' lang='lat' dir='ltr'><strong>qui</strong></span> 
     </span>
    </p>
   </div>
   <div class='ocr_carea' id='block_1_71' title="bbox 1875 1102 3453 1180">
    <p class='ocr_par' dir='ltr' id='par_1_71' title="bbox 1875 1102 3453 1180">
     <span class='ocr_line' id='line_1_71' title="bbox 1875 1102 3453 1180; baseline 0.008 -25"><span class='ocrx_word' id='word_1_529' title='bbox 1875 1102 2029 1156; x_wconf 90' lang='lat' dir='ltr'><strong>nobis</strong></span> <span class='ocrx_word' id='word_1_530' title='bbox 2067 1114 2303 1172; x_wconf 73' lang='lat' dir='ltr'><strong>prmsunt</strong></span> <span class='ocrx_word' id='word_1_531' title='bbox 2341 1105 2495 1160; x_wconf 86' lang='lat' dir='ltr'><strong>nobis</strong></span> <span class='ocrx_word' id='word_1_532' title='bbox 2539 1106 2875 1161; x_wconf 71' lang='lat' dir='ltr'><strong>adulentur‘.</strong></span> <span class='ocrx_word' id='word_1_533' title='bbox 2903 1107 3033 1161; x_wconf 89' lang='lat' dir='ltr'><strong>Nam</strong></span> <span class='ocrx_word' id='word_1_534' title='bbox 3066 1119 3290 1179; x_wconf 88' lang='lat' dir='ltr'><strong>utroque</strong></span> <span class='ocrx_word' id='word_1_535' title='bbox 3320 1126 3453 1180; x_wconf 89' lang='lat' dir='ltr'><strong>opus</strong></span> 
     </span>
    </p>
   </div>
   <div class='ocr_carea' id='block_1_72' title="bbox 1876 1192 3455 1272">
    <p class='ocr_par' dir='ltr' id='par_1_72' title="bbox 1876 1192 3455 1272">
     <span class='ocr_line' id='line_1_72' title="bbox 1876 1192 3455 1272; baseline 0.007 -26"><span class='ocrx_word' id='word_1_536' title='bbox 1876 1192 2034 1249; x_wconf 84' lang='lat' dir='ltr'><strong>habet</strong></span> <span class='ocrx_word' id='word_1_537' title='bbox 2080 1210 2229 1250; x_wconf 89' lang='lat' dir='ltr'><strong>mens</strong></span> <span class='ocrx_word' id='word_1_538' title='bbox 2263 1197 2494 1251; x_wconf 87' lang='lat' dir='ltr'><strong>humana</strong></span> <span class='ocrx_word' id='word_1_539' title='bbox 2538 1198 2792 1253; x_wconf 90' lang='lat' dir='ltr'><strong>remedio.</strong></span> <span class='ocrx_word' id='word_1_540' title='bbox 2841 1199 2965 1255; x_wconf 86' lang='lat' dir='ltr'><strong>Ideo</strong></span> <span class='ocrx_word' id='word_1_541' title='bbox 3014 1201 3152 1255; x_wconf 88' lang='lat' dir='ltr'><strong>Deus</strong></span> <span class='ocrx_word' id='word_1_542' title='bbox 3177 1216 3264 1257; x_wconf 89' lang='lat' dir='ltr'><strong>res</strong></span> <span class='ocrx_word' id='word_1_543' title='bbox 3296 1203 3455 1272; x_wconf 89' lang='lat' dir='ltr'><strong>hujus</strong></span> 
     </span>
    </p>
   </div>
   <div class='ocr_carea' id='block_1_73' title="bbox 1874 1285 3455 1354">
    <p class='ocr_par' dir='ltr' id='par_1_73' title="bbox 1874 1285 3455 1354">
     <span class='ocr_line' id='line_1_73' title="bbox 1874 1285 3455 1354; baseline 0.006 -17"><span class='ocrx_word' id='word_1_544' title='bbox 1874 1285 2057 1340; x_wconf 90' lang='lat' dir='ltr'><strong>mundi</strong></span> <span class='ocrx_word' id='word_1_545' title='bbox 2097 1287 2173 1341; x_wconf 87' lang='lat' dir='ltr'><strong>sic</strong></span> <span class='ocrx_word' id='word_1_546' title='bbox 2215 1286 2574 1352; x_wconf 87' lang='lat' dir='ltr'><strong>administrat,</strong></span> <span class='ocrx_word' id='word_1_547' title='bbox 2604 1305 2664 1341; x_wconf 89' lang='lat' dir='ltr'><strong>ac</strong></span> <span class='ocrx_word' id='word_1_548' title='bbox 2686 1288 2844 1342; x_wconf 90' lang='lat' dir='ltr'><strong>modo</strong></span> <span class='ocrx_word' id='word_1_549' title='bbox 2880 1288 3001 1354; x_wconf 90' lang='lat' dir='ltr'><strong>hoc,</strong></span> <span class='ocrx_word' id='word_1_550' title='bbox 3034 1290 3193 1346; x_wconf 89' lang='lat' dir='ltr'><strong>modo</strong></span> <span class='ocrx_word' id='word_1_551' title='bbox 3220 1291 3347 1346; x_wconf 91' lang='lat' dir='ltr'><strong>illud</strong></span> <span class='ocrx_word' id='word_1_552' title='bbox 3374 1291 3455 1346; x_wconf 80' lang='lat' dir='ltr'><strong>fa-</strong></span> 
     </span>
    </p>
   </div>
   <div class='ocr_carea' id='block_1_74' title="bbox 1873 1379 3451 1451">
    <p class='ocr_par' dir='ltr' id='par_1_74' title="bbox 1873 1379 3451 1451">
     <span class='ocr_line' id='line_1_74' title="bbox 1873 1379 3451 1451; baseline 0.004 -18"><span class='ocrx_word' id='word_1_553' title='bbox 1873 1379 1965 1444; x_wconf 91' lang='lat' dir='ltr'><strong>cit,</strong></span> <span class='ocrx_word' id='word_1_554' title='bbox 2012 1393 2184 1449; x_wconf 87' lang='lat' dir='ltr'><strong>neque</strong></span> <span class='ocrx_word' id='word_1_555' title='bbox 2230 1379 2367 1436; x_wconf 90' lang='lat' dir='ltr'><strong>bona</strong></span> <span class='ocrx_word' id='word_1_556' title='bbox 2420 1381 2711 1445; x_wconf 87' lang='lat' dir='ltr'><strong>manentia,</strong></span> <span class='ocrx_word' id='word_1_557' title='bbox 2770 1396 2941 1451; x_wconf 88' lang='lat' dir='ltr'><strong>neque</strong></span> <span class='ocrx_word' id='word_1_558' title='bbox 2992 1382 3127 1435; x_wconf 89' lang='lat' dir='ltr'><strong>mala</strong></span> <span class='ocrx_word' id='word_1_559' title='bbox 3157 1383 3284 1437; x_wconf 88' lang='lat' dir='ltr'><strong>sinit</strong></span> <span class='ocrx_word' id='word_1_560' title='bbox 3310 1398 3451 1439; x_wconf 84' lang='lat' dir='ltr'><strong>esse.</strong></span> 
     </span>
    </p>
   </div>
   <div class='ocr_carea' id='block_1_75' title="bbox 1872 1469 3453 1538">
    <p class='ocr_par' dir='ltr' id='par_1_75' title="bbox 1872 1469 3453 1538">
     <span class='ocr_line' id='line_1_75' title="bbox 1872 1469 3453 1538; baseline 0.001 -13"><span class='ocrx_word' id='word_1_561' title='bbox 1872 1469 2329 1538; x_wconf 87' lang='lat' dir='ltr'><strong>Quemadmodum</strong></span> <span class='ocrx_word' id='word_1_562' title='bbox 2354 1471 2494 1525; x_wconf 90' lang='lat' dir='ltr'><strong>enim</strong></span> <span class='ocrx_word' id='word_1_563' title='bbox 2517 1470 2675 1525; x_wconf 88' lang='lat' dir='ltr'><strong>modo</strong></span> <span class='ocrx_word' id='word_1_564' title='bbox 2695 1470 2831 1538; x_wconf 84' lang='lat' dir='ltr'><strong>dies,</strong></span> <span class='ocrx_word' id='word_1_565' title='bbox 2854 1472 3012 1525; x_wconf 87' lang='lat' dir='ltr'><strong>modo</strong></span> <span class='ocrx_word' id='word_1_566' title='bbox 3033 1487 3137 1526; x_wconf 88' lang='lat' dir='ltr'><strong>nox</strong></span> <span class='ocrx_word' id='word_1_567' title='bbox 3163 1483 3266 1538; x_wconf 90' lang='lat' dir='ltr'><strong>est,</strong></span> <span class='ocrx_word' id='word_1_568' title='bbox 3293 1472 3453 1527; x_wconf 87' lang='lat' dir='ltr'><strong>modo</strong></span> 
     </span>
    </p>
   </div>
   <div class='ocr_carea' id='block_1_76' title="bbox 1873 1562 3450 1630">
    <p class='ocr_par' dir='ltr' id='par_1_76' title="bbox 1873 1562 3450 1630">
     <span class='ocr_line' id='line_1_76' title="bbox 1873 1562 3450 1630; baseline 0.001 -14"><span class='ocrx_word' id='word_1_569' title='bbox 1873 1572 2053 1630; x_wconf 69' lang='lat' dir='ltr'><strong>testas,</strong></span> <span class='ocrx_word' id='word_1_570' title='bbox 2098 1563 2259 1618; x_wconf 88' lang='lat' dir='ltr'><strong>modo</strong></span> <span class='ocrx_word' id='word_1_571' title='bbox 2306 1563 2511 1617; x_wconf 89' lang='lat' dir='ltr'><strong>hiems:</strong></span> <span class='ocrx_word' id='word_1_572' title='bbox 2539 1562 2618 1617; x_wconf 90' lang='lat' dir='ltr'><strong>sic</strong></span> <span class='ocrx_word' id='word_1_573' title='bbox 2665 1573 2720 1617; x_wconf 88' lang='lat' dir='ltr'><strong>et</strong></span> <span class='ocrx_word' id='word_1_574' title='bbox 2766 1563 2820 1617; x_wconf 90' lang='lat' dir='ltr'><strong>in</strong></span> <span class='ocrx_word' id='word_1_575' title='bbox 2851 1563 3004 1617; x_wconf 86' lang='lat' dir='ltr'><strong>nobis</strong></span> <span class='ocrx_word' id='word_1_576' title='bbox 3034 1563 3194 1618; x_wconf 91' lang='lat' dir='ltr'><strong>modo</strong></span> <span class='ocrx_word' id='word_1_577' title='bbox 3218 1565 3450 1628; x_wconf 85' lang='lat' dir='ltr'><strong>tristitia,</strong></span> 
     </span>
    </p>
   </div>
   <div class='ocr_carea' id='block_1_77' title="bbox 1873 1653 3453 1723">
    <p class='ocr_par' dir='ltr' id='par_1_77' title="bbox 1873 1653 3453 1723">
     <span class='ocr_line' id='line_1_77' title="bbox 1873 1653 3453 1723; baseline 0.001 -15"><span class='ocrx_word' id='word_1_578' title='bbox 1873 1654 2034 1709; x_wconf 88' lang='lat' dir='ltr'><strong>modo</strong></span> <span class='ocrx_word' id='word_1_579' title='bbox 2077 1654 2359 1723; x_wconf 85' lang='lat' dir='ltr'><strong>voluptas;</strong></span> <span class='ocrx_word' id='word_1_580' title='bbox 2419 1653 2577 1707; x_wconf 91' lang='lat' dir='ltr'><strong>modo</strong></span> <span class='ocrx_word' id='word_1_581' title='bbox 2628 1655 2865 1719; x_wconf 86' lang='lat' dir='ltr'><strong>morbus,</strong></span> <span class='ocrx_word' id='word_1_582' title='bbox 2919 1653 3077 1709; x_wconf 90' lang='lat' dir='ltr'><strong>modo</strong></span> <span class='ocrx_word' id='word_1_583' title='bbox 3130 1654 3347 1708; x_wconf 89' lang='lat' dir='ltr'><strong>sanitas.</strong></span> <span class='ocrx_word' id='word_1_584' title='bbox 3373 1653 3453 1709; x_wconf 89' lang='lat' dir='ltr'><strong>Ne</strong></span> 
     </span>
    </p>
   </div>
   <div class='ocr_carea' id='block_1_78' title="bbox 1872 1745 3453 1815">
    <p class='ocr_par' dir='ltr' id='par_1_78' title="bbox 1872 1745 3453 1815">
     <span class='ocr_line' id='line_1_78' title="bbox 1872 1745 3453 1815; baseline -0.001 -14"><span class='ocrx_word' id='word_1_585' title='bbox 1872 1760 2000 1815; x_wconf 80' lang='lat' dir='ltr'><strong>ergo</strong></span> <span class='ocrx_word' id='word_1_586' title='bbox 2044 1747 2298 1800; x_wconf 83' lang='lat' dir='ltr'><strong>miremur</strong></span> <span class='ocrx_word' id='word_1_587' title='bbox 2328 1746 2372 1799; x_wconf 89' lang='lat' dir='ltr'><strong>si</strong></span> <span class='ocrx_word' id='word_1_588' title='bbox 2399 1754 2733 1815; x_wconf 63' lang='lat' dir='ltr'><strong>a‘grotemus,</strong></span> <span class='ocrx_word' id='word_1_589' title='bbox 2763 1745 2973 1815; x_wconf 85' lang='lat' dir='ltr'><strong>quando</strong></span> <span class='ocrx_word' id='word_1_590' title='bbox 2990 1745 3146 1799; x_wconf 90' lang='lat' dir='ltr'><strong>etiam</strong></span> <span class='ocrx_word' id='word_1_591' title='bbox 3170 1761 3290 1799; x_wconf 90' lang='lat' dir='ltr'><strong>cum</strong></span> <span class='ocrx_word' id='word_1_592' title='bbox 3315 1746 3453 1800; x_wconf 87' lang='lat' dir='ltr'><strong>bene</strong></span> 
     </span>
    </p>
   </div>
   <div class='ocr_carea' id='block_1_79' title="bbox 1873 1837 3453 1906">
    <p class='ocr_par' dir='ltr' id='par_1_79' title="bbox 1873 1837 3453 1906">
     <span class='ocr_line' id='line_1_79' title="bbox 1873 1837 3453 1906; baseline -0.003 -12"><span class='ocrx_word' id='word_1_593' title='bbox 1873 1840 2113 1894; x_wconf 88' lang='lat' dir='ltr'><strong>valemus</strong></span> <span class='ocrx_word' id='word_1_594' title='bbox 2138 1837 2438 1893; x_wconf 89' lang='lat' dir='ltr'><strong>mirandum</strong></span> <span class='ocrx_word' id='word_1_595' title='bbox 2465 1849 2545 1892; x_wconf 91' lang='lat' dir='ltr'><strong>est</strong></span> <span class='ocrx_word' id='word_1_596' title='bbox 2560 1839 2602 1891; x_wconf 80' lang='lat'><strong>&#39;.</strong></span> <span class='ocrx_word' id='word_1_597' title='bbox 2625 1837 2805 1906; x_wconf 84' lang='lat' dir='ltr'><strong>Neque</strong></span> <span class='ocrx_word' id='word_1_598' title='bbox 2837 1839 3108 1892; x_wconf 85' lang='lat' dir='ltr'><strong>turbemur</strong></span> <span class='ocrx_word' id='word_1_599' title='bbox 3127 1852 3245 1892; x_wconf 92' lang='lat' dir='ltr'><strong>cum</strong></span> <span class='ocrx_word' id='word_1_600' title='bbox 3267 1837 3453 1892; x_wconf 88' lang='lat' dir='ltr'><strong>dolore</strong></span> 
     </span>
    </p>
   </div>
   <div class='ocr_carea' id='block_1_80' title="bbox 1872 1927 3451 1999">
    <p class='ocr_par' dir='ltr' id='par_1_80' title="bbox 1872 1927 3451 1999">
     <span class='ocr_line' id='line_1_80' title="bbox 1872 1927 3451 1999; baseline -0.001 -15"><span class='ocrx_word' id='word_1_601' title='bbox 1872 1929 2139 1999; x_wconf 83' lang='lat' dir='ltr'><strong>angimur,</strong></span> <span class='ocrx_word' id='word_1_602' title='bbox 2189 1944 2309 1983; x_wconf 82' lang='lat' dir='ltr'><strong>nam</strong></span> <span class='ocrx_word' id='word_1_603' title='bbox 2358 1927 2570 1998; x_wconf 82' lang='lat' dir='ltr'><strong>quando</strong></span> <span class='ocrx_word' id='word_1_604' title='bbox 2611 1927 2926 1998; x_wconf 83' lang='lat' dir='ltr'><strong>gaudemus,</strong></span> <span class='ocrx_word' id='word_1_605' title='bbox 2971 1928 3203 1982; x_wconf 88' lang='lat' dir='ltr'><strong>maxime</strong></span> <span class='ocrx_word' id='word_1_606' title='bbox 3250 1928 3451 1983; x_wconf 88' lang='lat' dir='ltr'><strong>turbari</strong></span> 
     </span>
    </p>
   </div>
   <div class='ocr_carea' id='block_1_81' title="bbox 1875 2017 3451 2091">
    <p class='ocr_par' dir='ltr' id='par_1_81' title="bbox 1875 2017 3451 2091">
     <span class='ocr_line' id='line_1_81' title="bbox 1875 2017 3451 2091; baseline 0.001 -17"><span class='ocrx_word' id='word_1_607' title='bbox 1875 2036 1969 2091; x_wconf 87' lang='lat' dir='ltr'><strong>par</strong></span> <span class='ocrx_word' id='word_1_608' title='bbox 1993 2029 2093 2076; x_wconf 87' lang='lat' dir='ltr'><strong>est.</strong></span> <span class='ocrx_word' id='word_1_609' title='bbox 2118 2021 2306 2075; x_wconf 85' lang='lat' dir='ltr'><strong>Omnia</strong></span> <span class='ocrx_word' id='word_1_610' title='bbox 2352 2020 2548 2090; x_wconf 85' lang='lat' dir='ltr'><strong>quippe</strong></span> <span class='ocrx_word' id='word_1_611' title='bbox 2588 2017 2882 2073; x_wconf 89' lang='lat' dir='ltr'><strong>secundum</strong></span> <span class='ocrx_word' id='word_1_612' title='bbox 2920 2025 3164 2072; x_wconf 89' lang='lat' dir='ltr'><strong>naturam</strong></span> <span class='ocrx_word' id='word_1_613' title='bbox 3188 2030 3244 2073; x_wconf 90' lang='lat' dir='ltr'><strong>et</strong></span> <span class='ocrx_word' id='word_1_614' title='bbox 3271 2033 3451 2075; x_wconf 85' lang='lat' dir='ltr'><strong>rerum</strong></span> 
     </span>
    </p>
   </div>
   <div class='ocr_carea' id='block_1_82' title="bbox 1872 2111 2362 2167">
    <p class='ocr_par' dir='ltr' id='par_1_82' title="bbox 1872 2111 2362 2167">
     <span class='ocr_line' id='line_1_82' title="bbox 1872 2111 2362 2167; baseline -0.01 0"><span class='ocrx_word' id='word_1_615' title='bbox 1872 2111 2064 2167; x_wconf 87' lang='lat' dir='ltr'><strong>seriem</strong></span> <span class='ocrx_word' id='word_1_616' title='bbox 2090 2111 2362 2165; x_wconf 88' lang='lat' dir='ltr'><strong>eveniunt.</strong></span> 
     </span>
    </p>
   </div>
   <div class='ocr_carea' id='block_1_83' title="bbox 1943 2198 3448 2271">
    <p class='ocr_par' dir='ltr' id='par_1_83' title="bbox 1943 2198 3448 2271">
     <span class='ocr_line' id='line_1_83' title="bbox 1943 2198 3448 2271; baseline -0.006 -10"><span class='ocrx_word' id='word_1_617' title='bbox 1943 2207 1998 2261; x_wconf 78' lang='grc'><strong>4.</strong></span> <span class='ocrx_word' id='word_1_618' title='bbox 2044 2204 2167 2262; x_wconf 75' lang='lat' dir='ltr'><strong>Hau:</strong></span> <span class='ocrx_word' id='word_1_619' title='bbox 2192 2206 2292 2259; x_wconf 83' lang='lat' dir='ltr'><strong>vita</strong></span> <span class='ocrx_word' id='word_1_620' title='bbox 2332 2203 2472 2257; x_wconf 84' lang='lat' dir='ltr'><strong>bonis</strong></span> <span class='ocrx_word' id='word_1_621' title='bbox 2496 2212 2542 2257; x_wconf 88' lang='lat' dir='ltr'><strong>et</strong></span> <span class='ocrx_word' id='word_1_622' title='bbox 2568 2202 2715 2255; x_wconf 88' lang='lat' dir='ltr'><strong>malis</strong></span> <span class='ocrx_word' id='word_1_623' title='bbox 2738 2200 3007 2271; x_wconf 74' lang='lat' dir='ltr'><strong>permixta.</strong></span> <span class='ocrx_word' id='word_1_624' title='bbox 3024 2228 3097 2241; x_wconf 89' lang='lat'><strong>—-</strong></span> <span class='ocrx_word' id='word_1_625' title='bbox 3117 2198 3316 2269; x_wconf 88' lang='lat' dir='ltr'><strong>Ecquid</strong></span> <span class='ocrx_word' id='word_1_626' title='bbox 3345 2200 3415 2254; x_wconf 90' lang='lat' dir='ltr'><strong>mi</strong></span> <span class='ocrx_word' id='word_1_627' title='bbox 3435 2228 3448 2239; x_wconf 77' lang='grc' dir='ltr'><strong><em>ο</em></strong></span> 
     </span>
    </p>
   </div>
   <div class='ocr_carea' id='block_1_84' title="bbox 1874 2290 3451 2362">
    <p class='ocr_par' dir='ltr' id='par_1_84' title="bbox 1874 2290 3451 2362">
     <span class='ocr_line' id='line_1_84' title="bbox 1874 2290 3451 2362; baseline -0.001 -9"><span class='ocrx_word' id='word_1_628' title='bbox 1874 2297 2012 2354; x_wconf 89' lang='lat' dir='ltr'><strong>raris</strong></span> <span class='ocrx_word' id='word_1_629' title='bbox 2039 2296 2083 2352; x_wconf 90' lang='lat' dir='ltr'><strong>si</strong></span> <span class='ocrx_word' id='word_1_630' title='bbox 2132 2295 2249 2351; x_wconf 78' lang='lat' dir='ltr'><strong>hzec</strong></span> <span class='ocrx_word' id='word_1_631' title='bbox 2290 2295 2383 2349; x_wconf 90' lang='lat' dir='ltr'><strong>tibi</strong></span> <span class='ocrx_word' id='word_1_632' title='bbox 2424 2293 2752 2362; x_wconf 79' lang='lat' dir='ltr'><strong>contingant,</strong></span> <span class='ocrx_word' id='word_1_633' title='bbox 2803 2290 3016 2361; x_wconf 88' lang='lat' dir='ltr'><strong>quando</strong></span> <span class='ocrx_word' id='word_1_634' title='bbox 3063 2291 3224 2346; x_wconf 91' lang='lat' dir='ltr'><strong>etiam</strong></span> <span class='ocrx_word' id='word_1_635' title='bbox 3256 2294 3451 2351; x_wconf 75' lang='lat' dir='ltr'><strong>sanctis</strong></span> 
     </span>
    </p>
   </div>
   <div class='ocr_carea' id='block_1_85' title="bbox 1873 2384 3451 2461">
    <p class='ocr_par' dir='ltr' id='par_1_85' title="bbox 1873 2384 3451 2461">
     <span class='ocr_line' id='line_1_85' title="bbox 1873 2384 3451 2461; baseline -0.004 -13"><span class='ocrx_word' id='word_1_636' title='bbox 1873 2391 2159 2461; x_wconf 84' lang='lat' dir='ltr'><strong>eontigisse</strong></span> <span class='ocrx_word' id='word_1_637' title='bbox 2185 2387 2459 2444; x_wconf 72' lang='lat' dir='ltr'><strong>videmus?</strong></span> <span class='ocrx_word' id='word_1_638' title='bbox 2487 2387 2553 2443; x_wconf 90' lang='lat' dir='ltr'><strong>Ut</strong></span> <span class='ocrx_word' id='word_1_639' title='bbox 2580 2396 2755 2442; x_wconf 90' lang='lat' dir='ltr'><strong>autem</strong></span> <span class='ocrx_word' id='word_1_640' title='bbox 2782 2384 2909 2439; x_wconf 89' lang='lat' dir='ltr'><strong>illud</strong></span> <span class='ocrx_word' id='word_1_641' title='bbox 2930 2384 3156 2449; x_wconf 90' lang='lat' dir='ltr'><strong>ediscas,</strong></span> <span class='ocrx_word' id='word_1_642' title='bbox 3182 2398 3279 2454; x_wconf 86' lang='lat' dir='ltr'><strong>age</strong></span> <span class='ocrx_word' id='word_1_643' title='bbox 3294 2400 3451 2453; x_wconf 86' lang='lat' dir='ltr'><strong>quant</strong></span> 
     </span>
    </p>
   </div>
   <div class='ocr_carea' id='block_1_86' title="bbox 1874 2474 3451 2552">
    <p class='ocr_par' dir='ltr' id='par_1_86' title="bbox 1874 2474 3451 2552">
     <span class='ocr_line' id='line_1_86' title="bbox 1874 2474 3451 2552; baseline -0.006 -14"><span class='ocrx_word' id='word_1_644' title='bbox 1874 2484 2034 2539; x_wconf 90' lang='lat' dir='ltr'><strong>vitam</strong></span> <span class='ocrx_word' id='word_1_645' title='bbox 2062 2491 2217 2552; x_wconf 86' lang='lat' dir='ltr'><strong>putas</strong></span> <span class='ocrx_word' id='word_1_646' title='bbox 2244 2480 2511 2548; x_wconf 83' lang='lat' dir='ltr'><strong>voluptate</strong></span> <span class='ocrx_word' id='word_1_647' title='bbox 2538 2479 2747 2548; x_wconf 89' lang='lat' dir='ltr'><strong>plenam</strong></span> <span class='ocrx_word' id='word_1_648' title='bbox 2770 2486 2823 2532; x_wconf 93' lang='lat' dir='ltr'><strong>et</strong></span> <span class='ocrx_word' id='word_1_649' title='bbox 2845 2490 2875 2529; x_wconf 91' lang='lat' dir='ltr'><strong>a</strong></span> <span class='ocrx_word' id='word_1_650' title='bbox 2904 2474 3128 2546; x_wconf 87' lang='lat' dir='ltr'><strong>negotiis</strong></span> <span class='ocrx_word' id='word_1_651' title='bbox 3154 2484 3451 2540; x_wconf 85' lang='lat' dir='ltr'><strong>vacantem,</strong></span> 
     </span>
    </p>
   </div>
   <div class='ocr_carea' id='block_1_87' title="bbox 1875 2566 3451 2635">
    <p class='ocr_par' dir='ltr' id='par_1_87' title="bbox 1875 2566 3451 2635">
     <span class='ocr_line' id='line_1_87' title="bbox 1875 2566 3451 2635; baseline -0.006 -7"><span class='ocrx_word' id='word_1_652' title='bbox 1875 2575 1928 2629; x_wconf 94' lang='lat' dir='ltr'><strong>in</strong></span> <span class='ocrx_word' id='word_1_653' title='bbox 1953 2573 2180 2628; x_wconf 87' lang='lat' dir='ltr'><strong>medium</strong></span> <span class='ocrx_word' id='word_1_654' title='bbox 2204 2570 2547 2626; x_wconf 89' lang='lat' dir='ltr'><strong>adducamus.</strong></span> <span class='ocrx_word' id='word_1_655' title='bbox 2578 2566 2740 2623; x_wconf 86' lang='lat' dir='ltr'><strong>Visne</strong></span> <span class='ocrx_word' id='word_1_656' title='bbox 2760 2566 2990 2621; x_wconf 79' lang='lat' dir='ltr'><strong>Abraha:</strong></span> <span class='ocrx_word' id='word_1_657' title='bbox 3018 2566 3180 2620; x_wconf 91' lang='lat' dir='ltr'><strong>vitam</strong></span> <span class='ocrx_word' id='word_1_658' title='bbox 3207 2580 3237 2620; x_wconf 89' lang='lat' dir='ltr'><strong>a</strong></span> <span class='ocrx_word' id='word_1_659' title='bbox 3259 2566 3451 2635; x_wconf 83' lang='lat' dir='ltr'><strong>princi-</strong></span> 
     </span>
    </p>
   </div>
   <div class='ocr_carea' id='block_1_88' title="bbox 1874 2658 3453 2738">
    <p class='ocr_par' dir='ltr' id='par_1_88' title="bbox 1874 2658 3453 2738">
     <span class='ocr_line' id='line_1_88' title="bbox 1874 2658 3453 2738; baseline -0.006 -16"><span class='ocrx_word' id='word_1_660' title='bbox 1874 2668 1965 2738; x_wconf 91' lang='lat' dir='ltr'><strong>pio</strong></span> <span class='ocrx_word' id='word_1_661' title='bbox 2002 2663 2404 2721; x_wconf 85' lang='lat' dir='ltr'><strong>examinemus?</strong></span> <span class='ocrx_word' id='word_1_662' title='bbox 2445 2661 2582 2729; x_wconf 84' lang='lat' dir='ltr'><strong>Quid</strong></span> <span class='ocrx_word' id='word_1_663' title='bbox 2628 2675 2757 2731; x_wconf 82' lang='lat' dir='ltr'><strong>ergo</strong></span> <span class='ocrx_word' id='word_1_664' title='bbox 2805 2660 2896 2714; x_wconf 89' lang='lat' dir='ltr'><strong>ille</strong></span> <span class='ocrx_word' id='word_1_665' title='bbox 2944 2658 3170 2729; x_wconf 88' lang='lat' dir='ltr'><strong>primum</strong></span> <span class='ocrx_word' id='word_1_666' title='bbox 3219 2658 3453 2713; x_wconf 87' lang='lat' dir='ltr'><strong>audivit?</strong></span> 
     </span>
    </p>
   </div>
   <div class='ocr_carea' id='block_1_89' title="bbox 1874 2751 3452 2831">
    <p class='ocr_par' dir='ltr' id='par_1_89' title="bbox 1874 2751 3452 2831">
     <span class='ocr_line' id='line_1_89' title="bbox 1874 2751 3452 2831; baseline -0.004 -17"><span class='ocrx_word' id='word_1_667' title='bbox 1874 2759 2129 2831; x_wconf 84' lang='lat' dir='ltr'><strong>Egredere</strong></span> <span class='ocrx_word' id='word_1_668' title='bbox 2157 2758 2219 2811; x_wconf 94' lang='lat' dir='ltr'><strong>de</strong></span> <span class='ocrx_word' id='word_1_669' title='bbox 2248 2767 2382 2810; x_wconf 86' lang='lat' dir='ltr'><strong>terra</strong></span> <span class='ocrx_word' id='word_1_670' title='bbox 2406 2764 2492 2809; x_wconf 89' lang='lat' dir='ltr'><strong>tua</strong></span> <span class='ocrx_word' id='word_1_671' title='bbox 2512 2764 2558 2808; x_wconf 88' lang='lat' dir='ltr'><strong>et</strong></span> <span class='ocrx_word' id='word_1_672' title='bbox 2588 2753 2651 2807; x_wconf 88' lang='lat' dir='ltr'><strong>de</strong></span> <span class='ocrx_word' id='word_1_673' title='bbox 2674 2753 2967 2823; x_wconf 81' lang='lat' dir='ltr'><strong>cognatione</strong></span> <span class='ocrx_word' id='word_1_674' title='bbox 2985 2761 3071 2806; x_wconf 88' lang='lat' dir='ltr'><strong>tua</strong></span> <span class='ocrx_word' id='word_1_675' title='bbox 3095 2751 3244 2822; x_wconf 86' lang='lat' dir='ltr'><strong>(Gen.</strong></span> <span class='ocrx_word' id='word_1_676' title='bbox 3266 2753 3350 2807; x_wconf 73' lang='grc'><strong>12.</strong></span> <span class='ocrx_word' id='word_1_677' title='bbox 3374 2752 3452 2823; x_wconf 76' lang='grc'><strong>1).</strong></span> 
     </span>
    </p>
   </div>
   <div class='ocr_carea' id='block_1_90' title="bbox 1874 2842 3454 2914">
    <p class='ocr_par' dir='ltr' id='par_1_90' title="bbox 1874 2842 3454 2914">
     <span class='ocr_line' id='line_1_90' title="bbox 1874 2842 3454 2914; baseline -0.006 -5"><span class='ocrx_word' id='word_1_678' title='bbox 1874 2851 2118 2909; x_wconf 81' lang='lat' dir='ltr'><strong>Vidistin‘</strong></span> <span class='ocrx_word' id='word_1_679' title='bbox 2144 2848 2452 2904; x_wconf 88' lang='lat' dir='ltr'><strong>mandatum</strong></span> <span class='ocrx_word' id='word_1_680' title='bbox 2496 2846 2680 2900; x_wconf 89' lang='lat' dir='ltr'><strong>dolore</strong></span> <span class='ocrx_word' id='word_1_681' title='bbox 2722 2844 2970 2914; x_wconf 87' lang='lat' dir='ltr'><strong>plenum?</strong></span> <span class='ocrx_word' id='word_1_682' title='bbox 3020 2842 3125 2898; x_wconf 89' lang='lat' dir='ltr'><strong>Sed</strong></span> <span class='ocrx_word' id='word_1_683' title='bbox 3171 2842 3292 2898; x_wconf 87' lang='lat' dir='ltr'><strong>vide</strong></span> <span class='ocrx_word' id='word_1_684' title='bbox 3340 2859 3454 2901; x_wconf 88' lang='lat' dir='ltr'><strong>rem</strong></span> 
     </span>
    </p>
   </div>
   <div class='ocr_carea' id='block_1_91' title="bbox 1876 2937 3453 3018">
    <p class='ocr_par' dir='ltr' id='par_1_91' title="bbox 1876 2937 3453 3018">
     <span class='ocr_line' id='line_1_91' title="bbox 1876 2937 3453 3018; baseline -0.006 -18"><span class='ocrx_word' id='word_1_685' title='bbox 1876 2958 2209 3018; x_wconf 76' lang='lat' dir='ltr'><strong>prosperam</strong></span> <span class='ocrx_word' id='word_1_686' title='bbox 2230 2940 2551 2996; x_wconf 87' lang='lat' dir='ltr'><strong>succedere:</strong></span> <span class='ocrx_word' id='word_1_687' title='bbox 2579 2937 2646 2991; x_wconf 88' lang='lat' dir='ltr'><strong>Et</strong></span> <span class='ocrx_word' id='word_1_688' title='bbox 2691 2937 2800 2991; x_wconf 79' lang='lat' dir='ltr'><strong>veni</strong></span> <span class='ocrx_word' id='word_1_689' title='bbox 2834 2937 2888 2991; x_wconf 93' lang='lat' dir='ltr'><strong>in</strong></span> <span class='ocrx_word' id='word_1_690' title='bbox 2915 2947 3100 2991; x_wconf 87' lang='lat' dir='ltr'><strong>terram</strong></span> <span class='ocrx_word' id='word_1_691' title='bbox 3128 2953 3278 3005; x_wconf 88' lang='lat' dir='ltr'><strong>quam</strong></span> <span class='ocrx_word' id='word_1_692' title='bbox 3307 2953 3453 2991; x_wconf 82' lang='lat' dir='ltr'><strong>mon-</strong></span> 
     </span>
    </p>
   </div>
   <div class='ocr_carea' id='block_1_92' title="bbox 1873 3026 3454 3103">
    <p class='ocr_par' dir='ltr' id='par_1_92' title="bbox 1873 3026 3454 3103">
     <span class='ocr_line' id='line_1_92' title="bbox 1873 3026 3454 3103; baseline -0.008 -10"><span class='ocrx_word' id='word_1_693' title='bbox 1873 3048 2095 3093; x_wconf 85' lang='lat' dir='ltr'><strong>stravero</strong></span> <span class='ocrx_word' id='word_1_694' title='bbox 2124 3033 2234 3101; x_wconf 84' lang='lat' dir='ltr'><strong>tibi,</strong></span> <span class='ocrx_word' id='word_1_695' title='bbox 2260 3028 2309 3087; x_wconf 83' lang='lat' dir='ltr'><strong>et</strong></span> <span class='ocrx_word' id='word_1_696' title='bbox 2334 3031 2523 3103; x_wconf 78' lang='lat' dir='ltr'><strong>faciam</strong></span> <span class='ocrx_word' id='word_1_697' title='bbox 2551 3040 2599 3084; x_wconf 86' lang='lat' dir='ltr'><strong>te</strong></span> <span class='ocrx_word' id='word_1_698' title='bbox 2619 3030 2673 3083; x_wconf 92' lang='lat' dir='ltr'><strong>in</strong></span> <span class='ocrx_word' id='word_1_699' title='bbox 2696 3038 2894 3101; x_wconf 90' lang='lat' dir='ltr'><strong>gentem</strong></span> <span class='ocrx_word' id='word_1_700' title='bbox 2916 3044 3173 3099; x_wconf 88' lang='lat' dir='ltr'><strong>magnam.</strong></span> <span class='ocrx_word' id='word_1_701' title='bbox 3189 3026 3324 3096; x_wconf 86' lang='lat' dir='ltr'><strong>Quid</strong></span> <span class='ocrx_word' id='word_1_702' title='bbox 3356 3027 3454 3098; x_wconf 83' lang='lat' dir='ltr'><strong>igi-</strong></span> 
     </span>
    </p>
   </div>
   <div class='ocr_carea' id='block_1_93' title="bbox 1876 3121 3455 3191">
    <p class='ocr_par' dir='ltr' id='par_1_93' title="bbox 1876 3121 3455 3191">
     <span class='ocr_line' id='line_1_93' title="bbox 1876 3121 3455 3191; baseline -0.007 -5"><span class='ocrx_word' id='word_1_703' title='bbox 1876 3130 1992 3186; x_wconf 88' lang='lat' dir='ltr'><strong>tur?</strong></span> <span class='ocrx_word' id='word_1_704' title='bbox 2020 3145 2087 3183; x_wconf 90' lang='lat' dir='ltr'><strong>an</strong></span> <span class='ocrx_word' id='word_1_705' title='bbox 2115 3126 2203 3182; x_wconf 90' lang='lat' dir='ltr'><strong>ubi</strong></span> <span class='ocrx_word' id='word_1_706' title='bbox 2242 3126 2294 3181; x_wconf 91' lang='lat' dir='ltr'><strong>in</strong></span> <span class='ocrx_word' id='word_1_707' title='bbox 2346 3136 2540 3180; x_wconf 88' lang='lat' dir='ltr'><strong>terram</strong></span> <span class='ocrx_word' id='word_1_708' title='bbox 2585 3122 2747 3188; x_wconf 89' lang='lat' dir='ltr'><strong>venit,</strong></span> <span class='ocrx_word' id='word_1_709' title='bbox 2793 3130 2848 3178; x_wconf 89' lang='lat' dir='ltr'><strong>et</strong></span> <span class='ocrx_word' id='word_1_710' title='bbox 2888 3121 2955 3177; x_wconf 90' lang='lat' dir='ltr'><strong>ad</strong></span> <span class='ocrx_word' id='word_1_711' title='bbox 2992 3130 3201 3191; x_wconf 89' lang='lat' dir='ltr'><strong>portum</strong></span> <span class='ocrx_word' id='word_1_712' title='bbox 3232 3122 3455 3191; x_wconf 86' lang='lat' dir='ltr'><strong>appulit,</strong></span> 
     </span>
    </p>
   </div>
   <div class='ocr_carea' id='block_1_94' title="bbox 1875 3213 3454 3287">
    <p class='ocr_par' dir='ltr' id='par_1_94' title="bbox 1875 3213 3454 3287">
     <span class='ocr_line' id='line_1_94' title="bbox 1875 3213 3454 3287; baseline -0.006 -8"><span class='ocrx_word' id='word_1_713' title='bbox 1875 3222 2043 3279; x_wconf 91' lang='lat' dir='ltr'><strong>tristia</strong></span> <span class='ocrx_word' id='word_1_714' title='bbox 2072 3217 2387 3277; x_wconf 88' lang='lat' dir='ltr'><strong>cessarunt?</strong></span> <span class='ocrx_word' id='word_1_715' title='bbox 2413 3218 2786 3287; x_wconf 87' lang='lat' dir='ltr'><strong>Nequaquam;</strong></span> <span class='ocrx_word' id='word_1_716' title='bbox 2809 3215 2917 3269; x_wconf 89' lang='lat' dir='ltr'><strong>imo</strong></span> <span class='ocrx_word' id='word_1_717' title='bbox 2937 3214 3038 3269; x_wconf 90' lang='lat' dir='ltr'><strong>alia</strong></span> <span class='ocrx_word' id='word_1_718' title='bbox 3056 3213 3321 3283; x_wconf 89' lang='lat' dir='ltr'><strong>prioribus</strong></span> <span class='ocrx_word' id='word_1_719' title='bbox 3335 3229 3454 3284; x_wconf 81' lang='lat' dir='ltr'><strong>gra-</strong></span> 
     </span>
    </p>
   </div>
   <div class='ocr_carea' id='block_1_95' title="bbox 1873 3306 3455 3380">
    <p class='ocr_par' dir='ltr' id='par_1_95' title="bbox 1873 3306 3455 3380">
     <span class='ocr_line' id='line_1_95' title="bbox 1873 3306 3455 3380; baseline -0.006 -11"><span class='ocrx_word' id='word_1_720' title='bbox 1873 3314 2021 3369; x_wconf 88' lang='lat' dir='ltr'><strong>viora</strong></span> <span class='ocrx_word' id='word_1_721' title='bbox 2049 3313 2194 3367; x_wconf 91' lang='lat' dir='ltr'><strong>illum</strong></span> <span class='ocrx_word' id='word_1_722' title='bbox 2217 3319 2574 3380; x_wconf 89' lang='lat' dir='ltr'><strong>exceperunt;</strong></span> <span class='ocrx_word' id='word_1_723' title='bbox 2607 3307 2774 3362; x_wconf 82' lang='lat' dir='ltr'><strong>fames</strong></span> <span class='ocrx_word' id='word_1_724' title='bbox 2798 3314 2854 3361; x_wconf 88' lang='lat' dir='ltr'><strong>et</strong></span> <span class='ocrx_word' id='word_1_725' title='bbox 2879 3306 3294 3376; x_wconf 87' lang='lat' dir='ltr'><strong>transmigratio,</strong></span> <span class='ocrx_word' id='word_1_726' title='bbox 3325 3320 3455 3359; x_wconf 58' lang='lat' dir='ltr'><strong>uxm</strong></span> 
     </span>
    </p>
   </div>
   <div class='ocr_carea' id='block_1_96' title="bbox 1872 3398 3455 3477">
    <p class='ocr_par' dir='ltr' id='par_1_96' title="bbox 1872 3398 3455 3477">
     <span class='ocr_line' id='line_1_96' title="bbox 1872 3398 3455 3477; baseline -0.008 -14"><span class='ocrx_word' id='word_1_727' title='bbox 1872 3408 1949 3463; x_wconf 92' lang='lat' dir='ltr'><strong>ris</strong></span> <span class='ocrx_word' id='word_1_728' title='bbox 1974 3417 2190 3477; x_wconf 84' lang='lat' dir='ltr'><strong>raptus:</strong></span> <span class='ocrx_word' id='word_1_729' title='bbox 2217 3413 2271 3459; x_wconf 89' lang='lat' dir='ltr'><strong>et</strong></span> <span class='ocrx_word' id='word_1_730' title='bbox 2294 3412 2473 3473; x_wconf 83' lang='lat' dir='ltr'><strong>postea</strong></span> <span class='ocrx_word' id='word_1_731' title='bbox 2498 3403 2632 3457; x_wconf 88' lang='lat' dir='ltr'><strong>bona</strong></span> <span class='ocrx_word' id='word_1_732' title='bbox 2663 3401 2763 3454; x_wconf 87' lang='lat' dir='ltr'><strong>alia</strong></span> <span class='ocrx_word' id='word_1_733' title='bbox 2794 3406 3188 3461; x_wconf 87' lang='lat' dir='ltr'><strong>successerunt,</strong></span> <span class='ocrx_word' id='word_1_734' title='bbox 3222 3398 3455 3452; x_wconf 76' lang='lat' dir='ltr'><strong>Pharao-</strong></span> 
     </span>
    </p>
   </div>
   <div class='ocr_carea' id='block_1_97' title="bbox 1876 3487 3456 3567">
    <p class='ocr_par' dir='ltr' id='par_1_97' title="bbox 1876 3487 3456 3567">
     <span class='ocr_line' id='line_1_97' title="bbox 1876 3487 3456 3567; baseline -0.007 -14"><span class='ocrx_word' id='word_1_735' title='bbox 1876 3500 1958 3553; x_wconf 92' lang='lat' dir='ltr'><strong>nis</strong></span> <span class='ocrx_word' id='word_1_736' title='bbox 1981 3497 2151 3567; x_wconf 83' lang='lat' dir='ltr'><strong>plaga,</strong></span> <span class='ocrx_word' id='word_1_737' title='bbox 2190 3495 2453 3559; x_wconf 87' lang='lat' dir='ltr'><strong>dimissio,</strong></span> <span class='ocrx_word' id='word_1_738' title='bbox 2487 3492 2678 3557; x_wconf 89' lang='lat' dir='ltr'><strong>honor,</strong></span> <span class='ocrx_word' id='word_1_739' title='bbox 2728 3489 2895 3544; x_wconf 90' lang='lat' dir='ltr'><strong>multa</strong></span> <span class='ocrx_word' id='word_1_740' title='bbox 2938 3488 3024 3543; x_wconf 90' lang='lat' dir='ltr'><strong>illa</strong></span> <span class='ocrx_word' id='word_1_741' title='bbox 3055 3487 3217 3552; x_wconf 90' lang='lat' dir='ltr'><strong>dona,</strong></span> <span class='ocrx_word' id='word_1_742' title='bbox 3253 3487 3456 3543; x_wconf 81' lang='lat' dir='ltr'><strong>reditus</strong></span> 
     </span>
    </p>
   </div>
   <div class='ocr_carea' id='block_1_98' title="bbox 1873 3579 3456 3657">
    <p class='ocr_par' dir='ltr' id='par_1_98' title="bbox 1873 3579 3456 3657">
     <span class='ocr_line' id='line_1_98' title="bbox 1873 3579 3456 3657; baseline -0.008 -10"><span class='ocrx_word' id='word_1_743' title='bbox 1873 3592 2110 3647; x_wconf 86' lang='lat' dir='ltr'><strong>domum.</strong></span> <span class='ocrx_word' id='word_1_744' title='bbox 2161 3588 2289 3657; x_wconf 80' lang='lat' dir='ltr'><strong>Qua:</strong></span> <span class='ocrx_word' id='word_1_745' title='bbox 2330 3594 2622 3655; x_wconf 86' lang='lat' dir='ltr'><strong>sequuntur</strong></span> <span class='ocrx_word' id='word_1_746' title='bbox 2646 3597 2844 3638; x_wconf 88' lang='lat' dir='ltr'><strong>autem</strong></span> <span class='ocrx_word' id='word_1_747' title='bbox 2882 3580 3068 3637; x_wconf 88' lang='lat' dir='ltr'><strong>eadem</strong></span> <span class='ocrx_word' id='word_1_748' title='bbox 3099 3579 3239 3635; x_wconf 88' lang='lat' dir='ltr'><strong>serie</strong></span> <span class='ocrx_word' id='word_1_749' title='bbox 3268 3594 3456 3649; x_wconf 67' lang='lat' dir='ltr'><strong>prore-</strong></span> 
     </span>
    </p>
   </div>
   <div class='ocr_carea' id='block_1_99' title="bbox 1871 3671 3456 3748">
    <p class='ocr_par' dir='ltr' id='par_1_99' title="bbox 1871 3671 3456 3748">
     <span class='ocr_line' id='line_1_99' title="bbox 1871 3671 3456 3748; baseline -0.009 -10"><span class='ocrx_word' id='word_1_750' title='bbox 1871 3683 2026 3748; x_wconf 91' lang='lat' dir='ltr'><strong>dunt,</strong></span> <span class='ocrx_word' id='word_1_751' title='bbox 2053 3680 2205 3736; x_wconf 87' lang='lat' dir='ltr'><strong>bonis</strong></span> <span class='ocrx_word' id='word_1_752' title='bbox 2232 3688 2287 3735; x_wconf 90' lang='lat' dir='ltr'><strong>et</strong></span> <span class='ocrx_word' id='word_1_753' title='bbox 2326 3678 2482 3732; x_wconf 89' lang='lat' dir='ltr'><strong>malis</strong></span> <span class='ocrx_word' id='word_1_754' title='bbox 2526 3675 2804 3746; x_wconf 87' lang='lat' dir='ltr'><strong>permixta.</strong></span> <span class='ocrx_word' id='word_1_755' title='bbox 2844 3671 3115 3741; x_wconf 87' lang='lat' dir='ltr'><strong>Apostolis</strong></span> <span class='ocrx_word' id='word_1_756' title='bbox 3144 3686 3354 3741; x_wconf 89' lang='lat' dir='ltr'><strong>quoque</strong></span> <span class='ocrx_word' id='word_1_757' title='bbox 3378 3673 3456 3725; x_wconf 83' lang='lat' dir='ltr'><strong>si-</strong></span> 
     </span>
    </p>
   </div>
   <div class='ocr_carea' id='block_1_100' title="bbox 1875 3761 3456 3829">
    <p class='ocr_par' dir='ltr' id='par_1_100' title="bbox 1875 3761 3456 3829">
     <span class='ocr_line' id='line_1_100' title="bbox 1875 3761 3456 3829; baseline -0.009 -1"><span class='ocrx_word' id='word_1_758' title='bbox 1875 3773 2019 3828; x_wconf 90' lang='lat' dir='ltr'><strong>milia</strong></span> <span class='ocrx_word' id='word_1_759' title='bbox 2044 3778 2359 3827; x_wconf 88' lang='lat' dir='ltr'><strong>evenerunt.</strong></span> <span class='ocrx_word' id='word_1_760' title='bbox 2390 3767 2512 3822; x_wconf 86' lang='lat' dir='ltr'><strong>Ideo</strong></span> <span class='ocrx_word' id='word_1_761' title='bbox 2539 3764 2733 3820; x_wconf 84' lang='lat' dir='ltr'><strong>Paulus</strong></span> <span class='ocrx_word' id='word_1_762' title='bbox 2757 3763 3001 3818; x_wconf 88' lang='lat' dir='ltr'><strong>dicebat:</strong></span> <span class='ocrx_word' id='word_1_763' title='bbox 3035 3761 3135 3829; x_wconf 81' lang='lat' dir='ltr'><strong>Qui</strong></span> <span class='ocrx_word' id='word_1_764' title='bbox 3167 3762 3456 3815; x_wconf 85' lang='lat' dir='ltr'><strong>consolatur</strong></span> 
     </span>
    </p>
   </div>
   <div class='ocr_carea' id='block_1_101' title="bbox 1873 3852 3457 3925">
    <p class='ocr_par' dir='ltr' id='par_1_101' title="bbox 1873 3852 3457 3925">
     <span class='ocr_line' id='line_1_101' title="bbox 1873 3852 3457 3925; baseline -0.009 -7"><span class='ocrx_word' id='word_1_765' title='bbox 1873 3880 1965 3918; x_wconf 86' lang='lat' dir='ltr'><strong>nos</strong></span> <span class='ocrx_word' id='word_1_766' title='bbox 1993 3863 2045 3917; x_wconf 92' lang='lat' dir='ltr'><strong>in</strong></span> <span class='ocrx_word' id='word_1_767' title='bbox 2082 3861 2217 3916; x_wconf 90' lang='lat' dir='ltr'><strong>omni</strong></span> <span class='ocrx_word' id='word_1_768' title='bbox 2259 3857 2599 3922; x_wconf 81' lang='lat' dir='ltr'><strong>tribulatione,</strong></span> <span class='ocrx_word' id='word_1_769' title='bbox 2642 3864 2694 3909; x_wconf 85' lang='lat' dir='ltr'><strong>ut</strong></span> <span class='ocrx_word' id='word_1_770' title='bbox 2725 3854 2972 3925; x_wconf 86' lang='lat' dir='ltr'><strong>possimus</strong></span> <span class='ocrx_word' id='word_1_771' title='bbox 3011 3862 3057 3906; x_wconf 84' lang='lat' dir='ltr'><strong>et</strong></span> <span class='ocrx_word' id='word_1_772' title='bbox 3086 3869 3177 3906; x_wconf 85' lang='lat' dir='ltr'><strong>nos</strong></span> <span class='ocrx_word' id='word_1_773' title='bbox 3205 3852 3457 3906; x_wconf 79' lang='lat' dir='ltr'><strong>consolari</strong></span> 
     </span>
    </p>
   </div>
   <div class='ocr_carea' id='block_1_102' title="bbox 1872 3942 3457 4023">
    <p class='ocr_par' dir='ltr' id='par_1_102' title="bbox 1872 3942 3457 4023">
     <span class='ocr_line' id='line_1_102' title="bbox 1872 3942 3457 4023; baseline -0.008 -13"><span class='ocrx_word' id='word_1_774' title='bbox 1872 3971 1976 4019; x_wconf 88' lang='lat' dir='ltr'><strong>eos,</strong></span> <span class='ocrx_word' id='word_1_775' title='bbox 2008 3954 2092 4023; x_wconf 84' lang='lat' dir='ltr'><strong>qui</strong></span> <span class='ocrx_word' id='word_1_776' title='bbox 2116 3954 2169 4005; x_wconf 89' lang='lat' dir='ltr'><strong>in</strong></span> <span class='ocrx_word' id='word_1_777' title='bbox 2196 3952 2331 4006; x_wconf 91' lang='lat' dir='ltr'><strong>omni</strong></span> <span class='ocrx_word' id='word_1_778' title='bbox 2359 3948 2684 4003; x_wconf 88' lang='lat' dir='ltr'><strong>tribulatione</strong></span> <span class='ocrx_word' id='word_1_779' title='bbox 2710 3955 2825 4000; x_wconf 88' lang='lat' dir='ltr'><strong>sunt</strong></span> <span class='ocrx_word' id='word_1_780' title='bbox 2871 3944 2946 4017; x_wconf 62' lang='grc' dir='ltr'><strong>(ἓ.</strong></span> <span class='ocrx_word' id='word_1_781' title='bbox 2977 3942 3096 3998; x_wconf 84' lang='lat' dir='ltr'><strong>Cor.</strong></span> <span class='ocrx_word' id='word_1_782' title='bbox 3124 3944 3175 3997; x_wconf 79' lang='grc'><strong>1.</strong></span> <span class='ocrx_word' id='word_1_783' title='bbox 3207 3943 3286 4014; x_wconf 69' lang='grc'><strong>6).</strong></span> <span class='ocrx_word' id='word_1_784' title='bbox 3318 3942 3457 4010; x_wconf 90' lang='lat' dir='ltr'><strong>Quid</strong></span> 
     </span>
    </p>
   </div>
   <div class='ocr_carea' id='block_1_103' title="bbox 1874 4034 3457 4113">
    <p class='ocr_par' dir='ltr' id='par_1_103' title="bbox 1874 4034 3457 4113">
     <span class='ocr_line' id='line_1_103' title="bbox 1874 4034 3457 4113; baseline -0.008 -12"><span class='ocrx_word' id='word_1_785' title='bbox 1874 4046 1992 4101; x_wconf 60' lang='lat' dir='ltr'><strong>haec</strong></span> <span class='ocrx_word' id='word_1_786' title='bbox 2011 4044 2077 4099; x_wconf 92' lang='lat' dir='ltr'><strong>ad</strong></span> <span class='ocrx_word' id='word_1_787' title='bbox 2106 4057 2214 4112; x_wconf 91' lang='lat' dir='ltr'><strong>me,</strong></span> <span class='ocrx_word' id='word_1_788' title='bbox 2238 4042 2465 4113; x_wconf 89' lang='lat' dir='ltr'><strong>inquies,</strong></span> <span class='ocrx_word' id='word_1_789' title='bbox 2495 4040 2582 4110; x_wconf 89' lang='lat' dir='ltr'><strong>qui</strong></span> <span class='ocrx_word' id='word_1_790' title='bbox 2607 4053 2819 4107; x_wconf 86' lang='lat' dir='ltr'><strong>semper</strong></span> <span class='ocrx_word' id='word_1_791' title='bbox 2849 4037 2901 4091; x_wconf 90' lang='lat' dir='ltr'><strong>in</strong></span> <span class='ocrx_word' id='word_1_792' title='bbox 2929 4035 3118 4091; x_wconf 89' lang='lat' dir='ltr'><strong>dolore</strong></span> <span class='ocrx_word' id='word_1_793' title='bbox 3140 4036 3360 4090; x_wconf 85' lang='lat' dir='ltr'><strong>versor?</strong></span> <span class='ocrx_word' id='word_1_794' title='bbox 3377 4034 3457 4089; x_wconf 85' lang='lat' dir='ltr'><strong>Ne</strong></span> 
     </span>
    </p>
   </div>
   <div class='ocr_carea' id='block_1_104' title="bbox 1872 4126 3453 4210">
    <p class='ocr_par' dir='ltr' id='par_1_104' title="bbox 1872 4126 3453 4210">
     <span class='ocr_line' id='line_1_104' title="bbox 1872 4126 3453 4210; baseline -0.01 -15"><span class='ocrx_word' id='word_1_795' title='bbox 1872 4139 2131 4210; x_wconf 83' lang='lat' dir='ltr'><strong>ingratus,</strong></span> <span class='ocrx_word' id='word_1_796' title='bbox 2158 4150 2225 4191; x_wconf 90' lang='lat' dir='ltr'><strong>ne</strong></span> <span class='ocrx_word' id='word_1_797' title='bbox 2251 4133 2629 4189; x_wconf 83' lang='lat' dir='ltr'><strong>beneﬁciorum</strong></span> <span class='ocrx_word' id='word_1_798' title='bbox 2654 4132 2935 4185; x_wconf 88' lang='lat' dir='ltr'><strong>immemor</strong></span> <span class='ocrx_word' id='word_1_799' title='bbox 2952 4136 3068 4183; x_wconf 90' lang='lat' dir='ltr'><strong>esto</strong></span> <span class='ocrx_word' id='word_1_800' title='bbox 3088 4143 3103 4181; x_wconf 90' lang='lat'><strong>:</strong></span> <span class='ocrx_word' id='word_1_801' title='bbox 3125 4142 3296 4197; x_wconf 91' lang='lat' dir='ltr'><strong>neque</strong></span> <span class='ocrx_word' id='word_1_802' title='bbox 3311 4126 3453 4181; x_wconf 88' lang='lat' dir='ltr'><strong>enim</strong></span> 
     </span>
    </p>
   </div>
   <div class='ocr_carea' id='block_1_105' title="bbox 1872 4215 3451 4299">
    <p class='ocr_par' dir='ltr' id='par_1_105' title="bbox 1872 4215 3451 4299">
     <span class='ocr_line' id='line_1_105' title="bbox 1872 4215 3451 4299; baseline -0.01 -13"><span class='ocrx_word' id='word_1_803' title='bbox 1872 4230 1986 4287; x_wconf 80' lang='lat' dir='ltr'><strong>ﬁeri</strong></span> <span class='ocrx_word' id='word_1_804' title='bbox 2014 4235 2192 4299; x_wconf 88' lang='lat' dir='ltr'><strong>potest</strong></span> <span class='ocrx_word' id='word_1_805' title='bbox 2218 4236 2276 4282; x_wconf 93' lang='lat' dir='ltr'><strong>ut</strong></span> <span class='ocrx_word' id='word_1_806' title='bbox 2299 4225 2422 4298; x_wconf 90' lang='lat' dir='ltr'><strong>quis</strong></span> <span class='ocrx_word' id='word_1_807' title='bbox 2449 4238 2661 4293; x_wconf 89' lang='lat' dir='ltr'><strong>semper</strong></span> <span class='ocrx_word' id='word_1_808' title='bbox 2687 4222 2739 4276; x_wconf 92' lang='lat' dir='ltr'><strong>in</strong></span> <span class='ocrx_word' id='word_1_809' title='bbox 2762 4220 2946 4275; x_wconf 89' lang='lat' dir='ltr'><strong>dolore</strong></span> <span class='ocrx_word' id='word_1_810' title='bbox 2965 4227 3242 4274; x_wconf 88' lang='lat' dir='ltr'><strong>versetur:</strong></span> <span class='ocrx_word' id='word_1_811' title='bbox 3272 4231 3376 4271; x_wconf 92' lang='lat' dir='ltr'><strong>non</strong></span> <span class='ocrx_word' id='word_1_812' title='bbox 3400 4215 3451 4271; x_wconf 88' lang='lat' dir='ltr'><strong>id</strong></span> 
     </span>
    </p>
   </div>
   <div class='ocr_carea' id='block_1_106' title="bbox 1872 4305 3452 4389">
    <p class='ocr_par' dir='ltr' id='par_1_106' title="bbox 1872 4305 3452 4389">
     <span class='ocr_line' id='line_1_106' title="bbox 1872 4305 3452 4389; baseline -0.011 -11"><span class='ocrx_word' id='word_1_813' title='bbox 1872 4331 2060 4378; x_wconf 88' lang='lat' dir='ltr'><strong>natura</strong></span> <span class='ocrx_word' id='word_1_814' title='bbox 2082 4319 2223 4374; x_wconf 81' lang='lat' dir='ltr'><strong>ferre</strong></span> <span class='ocrx_word' id='word_1_815' title='bbox 2243 4325 2455 4389; x_wconf 86' lang='lat' dir='ltr'><strong>posset;</strong></span> <span class='ocrx_word' id='word_1_816' title='bbox 2477 4313 2569 4369; x_wconf 91' lang='lat' dir='ltr'><strong>sed</strong></span> <span class='ocrx_word' id='word_1_817' title='bbox 2591 4313 2713 4383; x_wconf 84' lang='lat' dir='ltr'><strong>quia</strong></span> <span class='ocrx_word' id='word_1_818' title='bbox 2733 4324 2946 4379; x_wconf 87' lang='lat' dir='ltr'><strong>semper</strong></span> <span class='ocrx_word' id='word_1_819' title='bbox 2965 4308 3017 4363; x_wconf 91' lang='lat' dir='ltr'><strong>in</strong></span> <span class='ocrx_word' id='word_1_820' title='bbox 3037 4305 3231 4379; x_wconf 85' lang='lat' dir='ltr'><strong>gaudio</strong></span> <span class='ocrx_word' id='word_1_821' title='bbox 3251 4306 3452 4361; x_wconf 84' lang='lat' dir='ltr'><strong>versari</strong></span> 
     </span>
    </p>
   </div>
   <div class='ocr_carea' id='block_1_107' title="bbox 1869 4403 3448 4475">
    <p class='ocr_par' dir='ltr' id='par_1_107' title="bbox 1869 4403 3448 4475">
     <span class='ocr_line' id='line_1_107' title="bbox 1869 4403 3448 4475; baseline -0.011 -7"><span class='ocrx_word' id='word_1_822' title='bbox 1869 4412 2146 4475; x_wconf 89' lang='lat' dir='ltr'><strong>vellemus,</strong></span> <span class='ocrx_word' id='word_1_823' title='bbox 2176 4408 2296 4464; x_wconf 90' lang='lat' dir='ltr'><strong>ideo</strong></span> <span class='ocrx_word' id='word_1_824' title='bbox 2321 4421 2419 4462; x_wconf 90' lang='lat' dir='ltr'><strong>nos</strong></span> <span class='ocrx_word' id='word_1_825' title='bbox 2464 4419 2674 4475; x_wconf 89' lang='lat' dir='ltr'><strong>semper</strong></span> <span class='ocrx_word' id='word_1_826' title='bbox 2703 4403 2754 4457; x_wconf 93' lang='lat' dir='ltr'><strong>in</strong></span> <span class='ocrx_word' id='word_1_827' title='bbox 2782 4414 3014 4458; x_wconf 74' lang='lat' dir='ltr'><strong>maerore</strong></span> <span class='ocrx_word' id='word_1_828' title='bbox 3040 4413 3158 4455; x_wconf 88' lang='lat' dir='ltr'><strong>esse</strong></span> <span class='ocrx_word' id='word_1_829' title='bbox 3184 4406 3448 4468; x_wconf 84' lang='lat' dir='ltr'><strong>putamus.</strong></span> 
     </span>
    </p>
   </div>
   <div class='ocr_carea' id='block_1_108' title="bbox 1870 4491 3452 4576">
    <p class='ocr_par' dir='ltr' id='par_1_108' title="bbox 1870 4491 3452 4576">
     <span class='ocr_line' id='line_1_108' title="bbox 1870 4491 3452 4576; baseline -0.011 -15"><span class='ocrx_word' id='word_1_830' title='bbox 1870 4505 2054 4576; x_wconf 88' lang='lat' dir='ltr'><strong>Neque</strong></span> <span class='ocrx_word' id='word_1_831' title='bbox 2080 4504 2179 4557; x_wconf 90' lang='lat' dir='ltr'><strong>hac</strong></span> <span class='ocrx_word' id='word_1_832' title='bbox 2200 4500 2269 4557; x_wconf 92' lang='lat' dir='ltr'><strong>de</strong></span> <span class='ocrx_word' id='word_1_833' title='bbox 2296 4514 2457 4556; x_wconf 90' lang='lat' dir='ltr'><strong>causa</strong></span> <span class='ocrx_word' id='word_1_834' title='bbox 2485 4506 2707 4560; x_wconf 90' lang='lat' dir='ltr'><strong>tantum,</strong></span> <span class='ocrx_word' id='word_1_835' title='bbox 2756 4493 2850 4549; x_wconf 89' lang='lat' dir='ltr'><strong>sed</strong></span> <span class='ocrx_word' id='word_1_836' title='bbox 2879 4492 3002 4565; x_wconf 86' lang='lat' dir='ltr'><strong>quia</strong></span> <span class='ocrx_word' id='word_1_837' title='bbox 3029 4491 3289 4547; x_wconf 91' lang='lat' dir='ltr'><strong>bonarum</strong></span> <span class='ocrx_word' id='word_1_838' title='bbox 3334 4504 3452 4561; x_wconf 89' lang='lat' dir='ltr'><strong>pro-</strong></span> 
     </span>
    </p>
   </div>
   <div class='ocr_carea' id='block_1_109' title="bbox 1869 4583 3450 4671">
    <p class='ocr_par' dir='ltr' id='par_1_109' title="bbox 1869 4583 3450 4671">
     <span class='ocr_line' id='line_1_109' title="bbox 1869 4583 3450 4671; baseline -0.011 -16"><span class='ocrx_word' id='word_1_839' title='bbox 1869 4610 2250 4671; x_wconf 87' lang='lat' dir='ltr'><strong>sperarumque</strong></span> <span class='ocrx_word' id='word_1_840' title='bbox 2270 4608 2447 4649; x_wconf 91' lang='lat' dir='ltr'><strong>rerum</strong></span> <span class='ocrx_word' id='word_1_841' title='bbox 2465 4591 2643 4647; x_wconf 90' lang='lat' dir='ltr'><strong>statim</strong></span> <span class='ocrx_word' id='word_1_842' title='bbox 2670 4586 3052 4652; x_wconf 89' lang='lat' dir='ltr'><strong>obliviscimur,</strong></span> <span class='ocrx_word' id='word_1_843' title='bbox 3071 4583 3299 4638; x_wconf 90' lang='lat' dir='ltr'><strong>tristium</strong></span> <span class='ocrx_word' id='word_1_844' title='bbox 3322 4597 3450 4638; x_wconf 89' lang='lat' dir='ltr'><strong>vero</strong></span> 
     </span>
    </p>
   </div>
   <div class='ocr_carea' id='block_1_110' title="bbox 1869 4665 3481 4760">
    <p class='ocr_par' dir='ltr' id='par_1_110' title="bbox 1869 4665 3481 4760">
     <span class='ocr_line' id='line_1_110' title="bbox 1869 4665 3481 4760; baseline -0.011 -14"><span class='ocrx_word' id='word_1_845' title='bbox 1869 4665 2082 4760; x_wconf 75' lang='lat' dir='ltr'><strong>semper</strong></span> <span class='ocrx_word' id='word_1_846' title='bbox 2108 4685 2468 4749; x_wconf 87' lang='lat' dir='ltr'><strong>recordamur,</strong></span> <span class='ocrx_word' id='word_1_847' title='bbox 2488 4681 2684 4737; x_wconf 90' lang='lat' dir='ltr'><strong>idcirco</strong></span> <span class='ocrx_word' id='word_1_848' title='bbox 2705 4693 2803 4734; x_wconf 89' lang='lat' dir='ltr'><strong>nos</strong></span> <span class='ocrx_word' id='word_1_849' title='bbox 2828 4669 3038 4747; x_wconf 80' lang='lat' dir='ltr'><strong>semper</strong></span> <span class='ocrx_word' id='word_1_850' title='bbox 3053 4676 3105 4730; x_wconf 94' lang='lat' dir='ltr'><strong>in</strong></span> <span class='ocrx_word' id='word_1_851' title='bbox 3131 4674 3314 4731; x_wconf 90' lang='lat' dir='ltr'><strong>dolore</strong></span> <span class='ocrx_word' id='word_1_852' title='bbox 3330 4665 3481 4730; x_wconf 74' lang='lat' dir='ltr'><strong>esse&#39;</strong></span> 
     </span>
    </p>
   </div>
   <div class='ocr_carea' id='block_1_111' title="bbox 1869 4762 3454 4848">
    <p class='ocr_par' dir='ltr' id='par_1_111' title="bbox 1869 4762 3454 4848">
     <span class='ocr_line' id='line_1_111' title="bbox 1869 4762 3454 4848; baseline -0.014 -11"><span class='ocrx_word' id='word_1_853' title='bbox 1869 4782 2116 4837; x_wconf 84' lang='lat' dir='ltr'><strong>dicimus.</strong></span> <span class='ocrx_word' id='word_1_854' title='bbox 2144 4778 2324 4848; x_wconf 90' lang='lat' dir='ltr'><strong>Neque</strong></span> <span class='ocrx_word' id='word_1_855' title='bbox 2354 4776 2493 4830; x_wconf 90' lang='lat' dir='ltr'><strong>enim</strong></span> <span class='ocrx_word' id='word_1_856' title='bbox 2527 4781 2701 4845; x_wconf 89' lang='lat' dir='ltr'><strong>potest</strong></span> <span class='ocrx_word' id='word_1_857' title='bbox 2730 4770 2889 4826; x_wconf 90' lang='lat' dir='ltr'><strong>homo</strong></span> <span class='ocrx_word' id='word_1_858' title='bbox 2926 4782 3139 4838; x_wconf 87' lang='lat' dir='ltr'><strong>semper</strong></span> <span class='ocrx_word' id='word_1_859' title='bbox 3167 4767 3217 4821; x_wconf 92' lang='lat' dir='ltr'><strong>in</strong></span> <span class='ocrx_word' id='word_1_860' title='bbox 3248 4762 3454 4819; x_wconf 88' lang='lat' dir='ltr'><strong>dolori-</strong></span> 
     </span>
    </p>
   </div>
   <div class='ocr_carea' id='block_1_112' title="bbox 1870 4858 3448 4941">
    <p class='ocr_par' dir='ltr' id='par_1_112' title="bbox 1870 4858 3448 4941">
     <span class='ocr_line' id='line_1_112' title="bbox 1870 4858 3448 4941; baseline -0.015 -10"><span class='ocrx_word' id='word_1_861' title='bbox 1870 4876 1970 4931; x_wconf 87' lang='lat' dir='ltr'><strong>bus</strong></span> <span class='ocrx_word' id='word_1_862' title='bbox 1995 4889 2136 4930; x_wconf 89' lang='lat' dir='ltr'><strong>essc.</strong></span> <span class='ocrx_word' id='word_1_863' title='bbox 2166 4872 2220 4928; x_wconf 87' lang='lat' dir='ltr'><strong>Si</strong></span> <span class='ocrx_word' id='word_1_864' title='bbox 2254 4872 2425 4941; x_wconf 86' lang='lat' dir='ltr'><strong>placet</strong></span> <span class='ocrx_word' id='word_1_865' title='bbox 2449 4876 2648 4933; x_wconf 87' lang='lat' dir='ltr'><strong>autem,</strong></span> <span class='ocrx_word' id='word_1_866' title='bbox 2671 4880 2792 4920; x_wconf 90' lang='lat' dir='ltr'><strong>eum</strong></span> <span class='ocrx_word' id='word_1_867' title='bbox 2818 4862 2907 4934; x_wconf 89' lang='lat' dir='ltr'><strong>qui</strong></span> <span class='ocrx_word' id='word_1_868' title='bbox 2934 4862 2985 4916; x_wconf 91' lang='lat' dir='ltr'><strong>in</strong></span> <span class='ocrx_word' id='word_1_869' title='bbox 3011 4858 3218 4915; x_wconf 90' lang='lat' dir='ltr'><strong>deliciis</strong></span> <span class='ocrx_word' id='word_1_870' title='bbox 3236 4870 3448 4924; x_wconf 88' lang='lat' dir='ltr'><strong>semper</strong></span> 
     </span>
    </p>
   </div>
   <div class='ocr_carea' id='block_1_113' title="bbox 1869 4948 3445 5037">
    <p class='ocr_par' dir='ltr' id='par_1_113' title="bbox 1869 4948 3445 5037">
     <span class='ocr_line' id='line_1_113' title="bbox 1869 4948 3445 5037; baseline -0.016 -14"><span class='ocrx_word' id='word_1_871' title='bbox 1869 4970 2032 5023; x_wconf 88' lang='lat' dir='ltr'><strong>vitam</strong></span> <span class='ocrx_word' id='word_1_872' title='bbox 2059 4966 2168 5037; x_wconf 87' lang='lat' dir='ltr'><strong>agit</strong></span> <span class='ocrx_word' id='word_1_873' title='bbox 2193 4962 2553 5033; x_wconf 79' lang='lat' dir='ltr'><strong>exploremus,</strong></span> <span class='ocrx_word' id='word_1_874' title='bbox 2584 4957 2869 5013; x_wconf 90' lang='lat' dir='ltr'><strong>delicatum</strong></span> <span class='ocrx_word' id='word_1_875' title='bbox 2895 4965 3109 5019; x_wconf 89' lang='lat' dir='ltr'><strong>nempe,</strong></span> <span class='ocrx_word' id='word_1_876' title='bbox 3141 4948 3445 5002; x_wconf 67' lang='lat' dir='ltr'><strong>abluentem</strong></span> 
     </span>
    </p>
   </div>
   <div class='ocr_carea' id='block_1_114' title="bbox 1868 5044 3450 5123">
    <p class='ocr_par' dir='ltr' id='par_1_114' title="bbox 1868 5044 3450 5123">
     <span class='ocr_line' id='line_1_114' title="bbox 1868 5044 3450 5123; baseline -0.017 -6"><span class='ocrx_word' id='word_1_877' title='bbox 1868 5059 2135 5123; x_wconf 90' lang='lat' dir='ltr'><strong>omnibus,</strong></span> <span class='ocrx_word' id='word_1_878' title='bbox 2175 5068 2381 5111; x_wconf 89' lang='lat' dir='ltr'><strong>necnon</strong></span> <span class='ocrx_word' id='word_1_879' title='bbox 2409 5064 2786 5112; x_wconf 57' lang='lat' dir='ltr'><strong>a&#39;rumnosum,</strong></span> <span class='ocrx_word' id='word_1_880' title='bbox 2827 5044 3103 5107; x_wconf 84' lang='lat' dir='ltr'><strong>amictum,</strong></span> <span class='ocrx_word' id='word_1_881' title='bbox 3134 5046 3187 5094; x_wconf 84' lang='lat' dir='ltr'><strong>in</strong></span> <span class='ocrx_word' id='word_1_882' title='bbox 3216 5050 3450 5092; x_wconf 73' lang='lat' dir='ltr'><strong>maerore</strong></span> 
     </span>
    </p>
   </div>
   <div class='ocr_carea' id='block_1_115' title="bbox 1871 5127 3450 5211">
    <p class='ocr_par' dir='ltr' id='par_1_115' title="bbox 1871 5127 3450 5211">
     <span class='ocr_line' id='line_1_115' title="bbox 1871 5127 3450 5211; baseline -0.02 -1"><span class='ocrx_word' id='word_1_883' title='bbox 1871 5159 2197 5211; x_wconf 88' lang='lat' dir='ltr'><strong>versantem.</strong></span> <span class='ocrx_word' id='word_1_884' title='bbox 2220 5147 2354 5204; x_wconf 85' lang='lat' dir='ltr'><strong>Nam</strong></span> <span class='ocrx_word' id='word_1_885' title='bbox 2375 5139 2857 5201; x_wconf 88' lang='lat' dir='ltr'><strong>demonstrabimus</strong></span> <span class='ocrx_word' id='word_1_886' title='bbox 2877 5134 3048 5201; x_wconf 89' lang='lat' dir='ltr'><strong>vobis,</strong></span> <span class='ocrx_word' id='word_1_887' title='bbox 3063 5146 3163 5188; x_wconf 90' lang='lat' dir='ltr'><strong>nec</strong></span> <span class='ocrx_word' id='word_1_888' title='bbox 3186 5129 3332 5186; x_wconf 87' lang='lat' dir='ltr'><strong>illum</strong></span> <span class='ocrx_word' id='word_1_889' title='bbox 3352 5127 3450 5182; x_wconf 78' lang='lat' dir='ltr'><strong>do-</strong></span> 
     </span>
    </p>
   </div>
   <div class='ocr_carea' id='block_1_116' title="bbox 1872 5234 3445 5315">
    <p class='ocr_par' dir='ltr' id='par_1_116' title="bbox 1872 5234 3445 5315">
     <span class='ocr_line' id='line_1_116' title="bbox 1872 5234 3445 5315; baseline -0.02 -10"><span class='ocrx_word' id='word_1_890' title='bbox 1872 5249 2023 5315; x_wconf 89' lang='lat' dir='ltr'><strong>loris,</strong></span> <span class='ocrx_word' id='word_1_891' title='bbox 2051 5260 2150 5301; x_wconf 90' lang='lat' dir='ltr'><strong>nec</strong></span> <span class='ocrx_word' id='word_1_892' title='bbox 2178 5243 2320 5298; x_wconf 92' lang='lat' dir='ltr'><strong>hunc</strong></span> <span class='ocrx_word' id='word_1_893' title='bbox 2338 5235 2733 5309; x_wconf 88' lang='lat' dir='ltr'><strong>tranquillitatis</strong></span> <span class='ocrx_word' id='word_1_894' title='bbox 2762 5244 2977 5303; x_wconf 88' lang='lat' dir='ltr'><strong>prorsus</strong></span> <span class='ocrx_word' id='word_1_895' title='bbox 3003 5234 3275 5295; x_wconf 73' lang='lat' dir='ltr'><strong>expertem</strong></span> <span class='ocrx_word' id='word_1_896' title='bbox 3305 5238 3445 5276; x_wconf 64' lang='lat' dir='ltr'><strong>esse.</strong></span> 
     </span>
    </p>
   </div>
   <div class='ocr_carea' id='block_1_117' title="bbox 1871 5316 3449 5399">
    <p class='ocr_par' dir='ltr' id='par_1_117' title="bbox 1871 5316 3449 5399">
     <span class='ocr_line' id='line_1_117' title="bbox 1871 5316 3449 5399; baseline -0.017 -4"><span class='ocrx_word' id='word_1_897' title='bbox 1871 5341 2069 5397; x_wconf 86' lang='lat' dir='ltr'><strong>Verum</strong></span> <span class='ocrx_word' id='word_1_898' title='bbox 2087 5351 2153 5393; x_wconf 89' lang='lat' dir='ltr'><strong>ne</strong></span> <span class='ocrx_word' id='word_1_899' title='bbox 2169 5332 2473 5391; x_wconf 83' lang='lat' dir='ltr'><strong>turbemini.</strong></span> <span class='ocrx_word' id='word_1_900' title='bbox 2506 5330 2845 5399; x_wconf 82' lang='lat' dir='ltr'><strong>Supponatur</strong></span> <span class='ocrx_word' id='word_1_901' title='bbox 2871 5323 2923 5377; x_wconf 92' lang='lat' dir='ltr'><strong>in</strong></span> <span class='ocrx_word' id='word_1_902' title='bbox 2953 5318 3131 5377; x_wconf 90' lang='lat' dir='ltr'><strong>medio</strong></span> <span class='ocrx_word' id='word_1_903' title='bbox 3154 5316 3449 5373; x_wconf 87' lang='lat' dir='ltr'><strong>consistere</strong></span> 
     </span>
    </p>
   </div>
   <div class='ocr_carea' id='block_1_118' title="bbox 1936 5504 3448 5575">
    <p class='ocr_par' dir='ltr' id='par_1_118' title="bbox 1936 5504 3448 5575">
     <span class='ocr_line' id='line_1_118' title="bbox 1936 5504 3448 5575; baseline -0.014 -1"><span class='ocrx_word' id='word_1_904' title='bbox 1936 5525 1951 5556; x_wconf 75' lang='grc' dir='ltr'><strong><em>ι</em></strong></span> <span class='ocrx_word' id='word_1_905' title='bbox 1986 5523 2112 5574; x_wconf 83' lang='lat' dir='ltr'><strong>Editi</strong></span> <span class='ocrx_word' id='word_1_906' title='bbox 2136 5530 2189 5571; x_wconf 88' lang='lat' dir='ltr'><strong>ut</strong></span> <span class='ocrx_word' id='word_1_907' title='bbox 2212 5522 2261 5570; x_wconf 87' lang='lat' dir='ltr'><strong>iu</strong></span> <span class='ocrx_word' id='word_1_908' title='bbox 2287 5525 2427 5570; x_wconf 84' lang='lat' dir='ltr'><strong>textu</strong></span> <span class='ocrx_word' id='word_1_909' title='bbox 2452 5517 2651 5566; x_wconf 86' lang='lat' dir='ltr'><strong>habent.</strong></span> <span class='ocrx_word' id='word_1_910' title='bbox 2676 5520 2806 5575; x_wconf 75' lang='lat' dir='ltr'><strong>Mss.,</strong></span> <span class='ocrx_word' id='word_1_911' title='bbox 2828 5523 2917 5563; x_wconf 87' lang='lat' dir='ltr'><strong>nec</strong></span> <span class='ocrx_word' id='word_1_912' title='bbox 2956 5513 3172 5573; x_wconf 78' lang='lat' dir='ltr'><strong>optemus</strong></span> <span class='ocrx_word' id='word_1_913' title='bbox 3194 5512 3245 5556; x_wconf 87' lang='lat' dir='ltr'><strong>ut</strong></span> <span class='ocrx_word' id='word_1_914' title='bbox 3267 5504 3448 5556; x_wconf 71' lang='lat' dir='ltr'><strong>subditi</strong></span> 
     </span>
    </p>
   </div>
   <div class='ocr_carea' id='block_1_119' title="bbox 1870 5584 3370 5641">
    <p class='ocr_par' dir='ltr' id='par_1_119' title="bbox 1870 5584 3370 5641">
     <span class='ocr_line' id='line_1_119' title="bbox 1870 5584 3370 5641; baseline -0.001 -5"><span class='ocrx_word' id='word_1_915' title='bbox 1870 5585 2001 5637; x_wconf 79' lang='lat' dir='ltr'><strong>nobis</strong></span> <span class='ocrx_word' id='word_1_916' title='bbox 2023 5584 2295 5635; x_wconf 73' lang='lat' dir='ltr'><strong>adulantur.</strong></span> <span class='ocrx_word' id='word_1_917' title='bbox 3237 5632 3250 5641; x_wconf 84' lang='grc'><em>,</em></span> <span class='ocrx_word' id='word_1_918' title='bbox 3341 5632 3370 5641; x_wconf 26' lang='grc' dir='ltr'><strong>λ,</strong></span> 
     </span>
    </p>
   </div>
   <div class='ocr_carea' id='block_1_120' title="bbox 1935 5632 3449 5706">
    <p class='ocr_par' dir='ltr' id='par_1_120' title="bbox 1935 5632 3449 5706">
     <span class='ocr_line' id='line_1_120' title="bbox 1935 5632 3449 5706; baseline -0.009 -11"><span class='ocrx_word' id='word_1_919' title='bbox 1935 5632 2332 5706; x_wconf 15' lang='lat' dir='ltr'><strong>EI&#39;Al’iiv,vnonergo</strong></span> <span class='ocrx_word' id='word_1_920' title='bbox 2378 5641 2656 5706; x_wconf 82' lang='lat' dir='ltr'><strong>dolendum,</strong></span> <span class='ocrx_word' id='word_1_921' title='bbox 2695 5652 2737 5689; x_wconf 77' lang='lat' dir='ltr'><strong>si</strong></span> <span class='ocrx_word' id='word_1_922' title='bbox 2760 5643 3063 5702; x_wconf 75' lang='lat' dir='ltr'><strong>azgrotemus,</strong></span> <span class='ocrx_word' id='word_1_923' title='bbox 3087 5632 3280 5699; x_wconf 84' lang='lat' dir='ltr'><strong>quando</strong></span> <span class='ocrx_word' id='word_1_924' title='bbox 3306 5632 3449 5683; x_wconf 76' lang='lat' dir='ltr'><strong>etiam</strong></span> 
     </span>
    </p>
   </div>
   <div class='ocr_carea' id='block_1_121' title="bbox 1865 5698 2762 5768">
    <p class='ocr_par' dir='ltr' id='par_1_121' title="bbox 1865 5698 2762 5768">
     <span class='ocr_line' id='line_1_121' title="bbox 1865 5698 2762 5768; baseline -0.012 -5"><span class='ocrx_word' id='word_1_925' title='bbox 1865 5724 1975 5763; x_wconf 85' lang='lat' dir='ltr'><strong>cum</strong></span> <span class='ocrx_word' id='word_1_926' title='bbox 2000 5698 2116 5761; x_wconf 79' lang='lat' dir='ltr'><strong>bene</strong></span> <span class='ocrx_word' id='word_1_927' title='bbox 2141 5698 2369 5768; x_wconf 68' lang='lat' dir='ltr'><strong>valemus,</strong></span> <span class='ocrx_word' id='word_1_928' title='bbox 2394 5702 2654 5756; x_wconf 83' lang='lat' dir='ltr'><strong>dolendum</strong></span> <span class='ocrx_word' id='word_1_929' title='bbox 2675 5710 2762 5754; x_wconf 82' lang='lat' dir='ltr'><strong>est.</strong></span> 
     </span>
    </p>
   </div>
  </div>
