3908 6198
536 249 634 305 531

536 377 747 419 servum
779 360 1073 426 hominem,
1098 365 1155 414 et
1173 356 1334 412 alium
1368 369 1548 425 regem
1574 354 1828 424 juvenem
1854 365 1917 406 ac
1941 348 2118 421 pupil-

531 458 661 523 lum,
689 457 778 527 qui
801 454 1153 511 hereditatem
1170 452 1239 507 sit
1259 451 1526 521 ingentem
1545 454 1862 517 assequutus
1886 461 1899 501 :
1924 454 2118 513 propo-

530 558 688 604 natur
702 550 863 604 etiam
886 545 1247 603 mercenarius
1271 544 1361 612 qui
1387 551 1499 597 toto
1524 540 1611 596 die
1638 539 1860 601 laboret,
1880 535 2119 604 aliusque

530 641 621 710 qui
653 648 912 710 perpetuo
938 639 990 693 in
1016 637 1222 692 deliciis
1246 635 1413 689 vivat.
1444 631 1534 687 Vis
1563 630 1704 686 illius
1729 628 1958 699 primum
1978 638 2117 681 mm-

528 747 681 789 rores
706 732 1077 787 describamus
1102 729 1189 799 qui
1214 728 1267 782 in
1294 725 1497 782 deliciis
1533 721 1699 778 vivit?
1733 720 1919 791 Cogita
1943 733 2116 789 quan-

528 836 640 879 tum
669 833 916 894 Oporteat
941 822 1087 877 ilium
1119 821 1377 876 ﬂuctuare
1396 826 1454 874 et
1470 815 1680 887 agitari,
1702 828 1827 870 cum
1856 810 2114 882 majorem

524 917 731 989 appetit
756 917 1001 987 gloriam,
1033 930 1190 985 quam
1211 911 1421 983 assequi
1441 910 1639 982 possit;
1669 922 1790 963 cum
1811 921 1838 960 a
1862 903 2119 960 domesti-

524 1009 604 1062 cis
634 1007 946 1078 deSpicitur,
973 1022 1003 1060 a
1030 1004 1325 1060 minoribus
1353 1000 1679 1058 contumelia
1709 998 1969 1061 afﬁcitur;
1992 1011 2114 1051 cum

526 1099 675 1154 mille
704 1098 864 1153 habet
888 1105 1249 1161 accusatores,
1282 1094 1371 1165 qui
1402 1092 1519 1163 ejus
1551 1098 1797 1161 sumptus
1826 1090 2115 1144 immensos

525 1191 949 1256 calumnicntur;
974 1198 1027 1247 et
1051 1190 1152 1243 alia
1175 1195 1437 1258 quotquot
1476 1187 1528 1241 in
1571 1184 1732 1240 tantis
1757 1182 1957 1238 divitiis
1980 1196 2113 1236 con-

526 1285 734 1355 tingere
760 1285 954 1349 solent,
985 1298 1103 1353 quae
1129 1296 1198 1337 ne
1225 1281 1331 1336 dici
1374 1279 1588 1350 quidem
1613 1284 1865 1349 possunt;
1908 1282 1965 1330 ut
1990 1282 2114 1328 sunt

522 1378 835 1440 inimicitiae,
880 1376 1223 1439 oll‘ensiones,
1255 1372 1642 1438 accusationes,
1685 1370 1899 1435 damna,
1930 1367 2113 1422 multa;

522 1469 733 1523 insidia:
762 1468 1082 1534 invidorum,
1113 1466 1201 1537 qui
1232 1481 1354 1522 cum
1378 1482 1481 1520 non
1500 1465 1709 1536 possint
1733 1463 1946 1518 divitias
1970 1461 2111 1516 illius

524 1562 576 1615 in
607 1577 666 1616 se
694 1562 1003 1625 transferre,
1043 1561 1296 1630 juvenem
1342 1559 1574 1630 undique
1615 1556 1918 1621 traducunt,
1972 1555 2113 1609 lace~

521 1664 659 1721 rant,
690 1655 1002 1710 innumeras
1046 1653 1148 1724 ipsi
1194 1662 1541 1724 tempestates
1578 1652 1832 1707 excitant.
1879 1650 1971 1705 Vis
2016 1646 2109 1702 tibi

521 1747 839 1802 mercenarii
866 1746 1007 1802 illius
1031 1746 1329 1817 voluptates
1351 1744 1694 1800 recenseam?
1722 1743 1803 1798 Ab
1829 1743 1914 1797 his
1933 1739 2110 1797 omni-

520 1837 619 1893 bus
647 1838 783 1893 liber
810 1846 924 1893 est:
948 1838 1156 1892 etiamsi
1197 1837 1317 1907 quis
1358 1835 1504 1891 illum
1534 1834 1855 1891 contumelia
1888 1835 2104 1903 alliciat,

521 1942 627 1981 non
650 1928 819 1995 dolet,
850 1914 1065 1984 nemine
1094 1942 1153 1983 se
1179 1927 1439 1997 majorem
1480 1935 1649 1996 putat,
1681 1941 1788 1981 non
1819 1942 1881 1980 ex
1911 1927 2107 1983 divitiis

521 2017 693 2082 timet,
713 2034 833 2072 cum
853 2018 1122 2089 voluptate
1145 2018 1322 2073 cibum
1345 2016 1506 2087 capit,
1529 2032 1648 2072 cum
1671 2016 1867 2088 gaudio
1886 2017 2103 2076 dormit.

515 2106 632 2162 Non
661 2109 732 2163 ita
762 2108 1009 2163 laetantur
1028 2108 1191 2178 ii,qui
1215 2107 1471 2162 Thasium
1503 2108 1682 2161 vinum
1712 2117 1914 2177 potant,
1944 2118 1996 2162 ut
2016 2109 2107 2165 ille

515 2214 637 2253 cum
665 2200 777 2254 abit
813 2200 879 2253 ad
912 2201 1083 2254 fontes
1108 2208 1161 2254 et
1184 2198 1253 2254 ad
1290 2214 1548 2268 aquarum
1594 2198 1791 2254 ﬂuenta
1823 2198 2103 2257 bibiturus.

514 2293 620 2348 Sed
650 2293 939 2363 supradicti
973 2293 1114 2348 illius
1161 2308 1267 2348 non
1301 2292 1420 2348 talis
1459 2302 1540 2347 est
1577 2292 1836 2348 conditio.
1878 2292 2031 2362 Quod
2057 2294 2102 2349 si

512 2384 629 2439 haec
654 2399 761 2439 non
794 2383 887 2439 tibi
913 2384 1042 2439 satis
1069 2385 1196 2451 sint,
1230 2392 1289 2439 ut
1324 2383 1580 2454 majorem
1617 2384 1890 2439 victoriam
1918 2400 2105 2456 repor-

511 2485 641 2543 tem,
680 2491 798 2549 age,
841 2492 1019 2548 regem
1052 2477 1199 2532 illum
1245 2492 1367 2532 cum
1412 2492 1571 2533 servo
1609 2492 2006 2549 comparemus;
2048 2489 2104 2537 ct

507 2584 655 2641 saepe
682 2569 892 2626 videbis
940 2570 1081 2625 hunc
1111 2570 1161 2624 in
1194 2571 1464 2640 voluptate
1509 2570 1804 2639 ludentem,
1834 2572 2092 2628 exsilien-

510 2671 640 2730 tem,
670 2662 816 2716 illum
847 2676 974 2716 vero
1000 2660 1302 2716 diademate
1324 2671 1378 2717 et
1406 2677 1638 2732 purpura
1668 2670 1937 2729 ornatum,
1967 2679 2101 2719 mm-

506 2766 736 2822 rentem,
768 2754 916 2810 mille
943 2755 1085 2810 curis
1117 2763 1384 2820 vexatum,
1421 2769 1531 2824 pra:
1572 2763 1715 2811 metu
1756 2756 2096 2812 morientem.

507 2845 688 2915 Neque
711 2845 853 2901 enim
875 2857 1069 2917 poteSI,
1113 2863 1216 2900 non
1243 2856 1417 2915 potest
1457 2856 1602 2903 certe
1632 2849 1738 2903 vita
1769 2849 1884 2905 sine
1912 2849 2099 2906 dolore

507 2937 753 3006 reperiri,
805 2951 905 2992 nec
950 2938 1222 3008 voluptate
1267 2953 1486 3009 prorsus
1525 2954 1724 3023 vacu’a:
1754 2956 1924 3011 neque
1952 2945 2094 2998 enim

507 3037 694 3083 natura
721 3037 903 3084 nostra
932 3030 1071 3085 ferre
1099 3043 1299 3101 posset,
1329 3040 1386 3087 ut
1413 3032 1541 3088 dixi.
1568 3033 1721 3102 Quod
1748 3035 1792 3091 si
1822 3036 1909 3092 ille
1929 3040 2096 3109 magis

502 3120 719 3190 gaudet,
748 3121 839 3178 ille
867 3123 984 3193 plus
1000 3123 1162 3189 dolet,
1196 3124 1243 3178 id
1270 3126 1337 3179 ab
1365 3125 1456 3180 illo
1484 3126 1600 3197 ipso
1625 3128 1714 3198 qui
1741 3129 1793 3184 in
1817 3129 2000 3185 dolore
2016 3142 2097 3186 cst

503 3214 876 3286 proﬁciscitur,
897 3217 1017 3287 quia
1039 3217 1211 3286 pusilli
1235 3227 1315 3273 est
1336 3218 1518 3281 animi,
1540 3234 1642 3274 non
1666 3230 1841 3276 autem
1864 3238 1892 3276 a
1915 3238 2091 3278 rerum

503 3316 711 3361 natura.
742 3305 797 3361 Si
828 3309 970 3362 enim
1001 3308 1226 3363 velimus
1270 3309 1577 3379 frequenter
1614 3311 1869 3381 gaudere,
1901 3315 2095 3370 multas

502 3397 761 3453 habemus
787 3399 1118 3454 occasiones.
1163 3400 1295 3454 Nam
1341 3402 1384 3454 si
1430 3401 1680 3457 virtutem
1711 3404 2087 3473 suscipiamus,

499 3490 635 3547 nihil
676 3490 928 3561 deinceps
974 3492 1170 3563 poterit
1215 3492 1459 3550 dolorem
1503 3494 1699 3551 inferre
1740 3497 1915 3553 nobis.
1969 3498 2093 3554 llzcc

497 3582 643 3636 enim
663 3598 813 3652 spem
843 3583 1032 3638 bonam
1056 3586 1294 3655 suggerit
1317 3586 1380 3640 iis
1396 3587 1485 3656 qui
1515 3587 1656 3642 illam
1687 3600 1959 3655 exercent,
1981 3592 2090 3646 Deo

497 3683 679 3744 gratos
706 3676 881 3731 reddit
908 3685 963 3732 et
1007 3676 1314 3734 hominibus
1342 3690 1613 3749 acceptos,
1661 3682 2089 3753 inell‘abilemquc

498 3765 655 3821 nobis
685 3767 1011 3836 voluptatem
1039 3769 1198 3838 parit.
1231 3769 1361 3824 Nam
1385 3771 1430 3824 si
1457 3771 1718 3827 laboriosa
1753 3773 1803 3828 in
1832 3777 2089 3832 exercitio

498 3856 669 3911 virtus
695 3865 797 3923 est,
841 3857 935 3913 sed
980 3860 1359 3915 conscientiam
1391 3862 1556 3918 multa
1603 3863 1770 3933 replet
1799 3865 2004 3936 lictitia,
2035 3878 2090 3925 et

497 3957 697 4003 tantam
725 3949 864 4005 intus
891 3951 1129 4006 immittit
1153 3954 1496 4024 voluptatem,
1539 3968 1790 4027 quantam
1820 3976 1886 4015 ne
1915 3963 2085 4032 expli-

493 4055 618 4096 care
641 4041 855 4112 quidem
886 4058 1188 4113 possumus.
1226 4045 1363 4114 Quid
1402 4049 1543 4103 enim
1570 4048 1780 4104 videtur
1806 4051 1899 4106 tibi
1924 4068 2087 4110 suave

498 4134 551 4189 in
575 4137 854 4205 prazsentis
877 4137 1000 4192 vitae
1023 4138 1215 4194 rebus?
1241 4152 1549 4209 sumptuosa
1573 4159 1776 4208 mensa,
1810 4146 1944 4201 bona
1967 4162 2087 4204 cor-

496 4229 644 4298 poris
670 4231 939 4297 valetudo,
971 4233 1158 4304 gloria,
1203 4234 1435 4291 divitiae?
1479 4236 1676 4292 Verum
1721 4238 1769 4294 si
1817 4239 1931 4296 haec
1964 4256 2086 4313 qua:

491 4320 668 4377 dulcia
715 4320 981 4378 habentur
1026 4339 1146 4379 cum
1183 4325 1377 4382 virtute
1405 4329 1818 4398 comparaveris,
1845 4330 2083 4388 omnium

490 4413 840 4469 acerbissima
870 4415 1209 4471 videbuntur.
1257 4417 1397 4474 Nihil
1426 4422 1627 4492 quippe
1656 4423 1892 4490 suavius,
1921 4440 2081 4496 quam

490 4505 836 4571 conscientia,
870 4515 925 4562 et
947 4521 1071 4579 spes
1099 4508 1261 4565 bona.

560 4598 613 4653 5.
659 4596 715 4652 Si
744 4598 796 4653 id
823 4598 1029 4656 discere
1055 4603 1238 4668 vultis,
1267 4604 1375 4672 jam
1424 4605 1740 4662 moriturum
1785 4609 2078 4680 hominem,

490 4700 579 4746 aut
603 4706 786 4748 senem
812 4693 1083 4759 adeamus,
1102 4706 1156 4750 et
1176 4696 1275 4766 ipsi
1302 4697 1355 4752 in
1381 4706 1613 4753 mentem
1633 4711 1943 4759 revocantes
1969 4705 2082 4761 lau-

488 4795 596 4840 tam
627 4799 867 4840 mensam
893 4801 997 4856 qua
1019 4801 1146 4842 usus
1170 4796 1273 4856 est,
1292 4788 1513 4859 gloriam
1539 4800 1593 4846 et
1620 4791 2079 4862 honorem,etbo-

1280 241 1335 296 s.
1376 234 1653 294 JOANNIS
1686 230 2158 292 CllRYSOS'l‘OMI
2196 233 2514 293 ARClllEP.
2556 240 3093 298 consumerer.
3688 253 3763 308 559

2231 364 2296 403 na
2323 366 2485 422 opera
2512 369 2630 423 quae
2659 353 2787 410 fecit
2824 356 2878 411 in
2930 357 3065 423 vita;
3121 359 3505 429 interrogemus
3532 363 3594 419 de
3613 368 3765 436 quibus

2226 442 2395 513 magis
2421 443 2669 514 gaudeat,
2698 456 2752 502 et
2778 448 3076 505 videbimus
3102 451 3249 506 illum
3275 453 3343 508 de
3372 454 3473 510 illis
3497 457 3765 517 erubescere

2224 540 2280 587 et
2309 534 2511 603 pudore
2538 535 2701 601 afﬁci,
2733 536 2802 593 de
2832 537 2916 594 bis
2943 555 3071 596 vero
3099 543 3390 600 exsultare.
3442 545 3529 602 Sic
3554 548 3766 607 Ezechias

2224 636 2342 678 cum
2368 624 2420 679 in
2446 626 2690 682 morbum
2714 628 2896 699 lapsus
2916 640 3016 696 est,
3043 647 3150 688 non
3171 633 3417 703 gloriam,
3440 652 3543 693 non
3566 640 3787 710 regnum,‘

2224 730 2330 772 non
2360 717 2557 774 lautam
2604 735 2848 777 mensam
2889 728 3353 793 commemoravit,
3402 731 3495 785 sed
3527 730 3763 801 justitiam.

2223 805 2499 874 Memento,
2538 811 2727 881 inquit,
2760 812 2996 881 Domine,
3040 819 3175 886 quod
3203 819 3558 875 ambulaverint
3597 824 3645 879 in
3674 844 3768 881 ron-

2220 909 2393 968 spectu
2420 902 2579 955 tuoin
2606 903 2706 957 vita
2726 913 2862 959 recta
2886 906 2965 976 (4.
2994 907 3122 979 Reg.
3142 909 3233 963 ΞΟ.
3258 910 3314 966 5.
3356 912 3484 967 Isai.
3514 914 3599 969 38.
3618 916 3686 985 3).
3704 919 3767 972 Vi.

2222 987 2288 1043 de
2316 989 2477 1046 etiam
2520 992 2745 1049 Paulum
2793 995 2861 1051 de
2903 995 2988 1052 his
3032 999 3385 1057 exsultantem
3411 1018 3477 1059 ac
3504 1005 3768 1065 dicentem;

2218 1079 2418 1138 Bonum
2456 1095 2710 1142 certamen
2756 1091 2961 1157 certari,
3002 1108 3206 1147 cursum
3246 1101 3606 1167 consummavi,
3651 1103 3767 1171 ﬁdem

2220 1175 2412 1229 servavi
2458 1175 2534 1248 (2.
2580 1176 2714 1236 Tim.
2762 1180 2816 1235 4.
2862 1182 2939 1254 7).
2972 1182 3079 1239 Sed
3118 1185 3244 1254 quid
3272 1187 3414 1243 aliud
3444 1192 3682 1262 amplius,
3708 1196 3767 1249 in~

2221 1266 2394 1334 quies,
2426 1278 2633 1338 poterat
2662 1270 2749 1327 hic
2777 1272 2993 1330 dicere?
3034 1275 3128 1332 llis
3156 1277 3312 1349 longe
3342 1280 3524 1350 plura;
3555 1282 3767 1355 honores,

2218 1357 2525 1414 satellitium
2552 1376 2657 1432 quo
2689 1364 2985 1431 fruebatur,
3014 1367 3323 1425 famulatum
3368 1388 3638 1444 magnum.
3683 1379 3770 1433 An-

2219 1462 2326 1502 non
2351 1449 2504 1506 audis
2524 1451 2672 1507 illum
2700 1453 3001 1517 dicentem:
3029 1456 3175 1512 Sicut
3195 1462 3430 1532 angelum
3462 1463 3660 1521 Domini
3682 1487 3769 1523 siu-

2216 1541 2420 1611 cepistis
2441 1559 2540 1608 me,
2563 1544 2692 1599 sicut
2714 1546 2966 1601 Christum
2990 1548 3202 1617 Iesum;
3224 1563 3299 1619 et,
3324 1553 3387 1610 Si
3410 1558 3645 1626 possibile
3670 1563 3771 1631 [uis-

2215 1646 2310 1703 set,
2340 1639 2546 1692 avulsas
2574 1639 2745 1694 oculos
2773 1640 3035 1696 dedissetis
3075 1644 3200 1697 mihi
3239 1645 3381 1715 (Gal.
3410 1650 3466 1704 4.
3498 1650 3586 1705 14.
3611 1653 3710 1721 15),
3732 1666 3771 1708 et

2215 1729 2358 1801 quod
2388 1745 2485 1801 pro
2510 1732 2687 1788 anima
2717 1734 2835 1803 ejus
2858 1735 3053 1790 collum
3084 1743 3465 1808 supposuerint
3496 1744 3676 1815 (Rom.
3703 1750 3770 1803 l6.

2214 1821 2434 1894 ψδεά
2464 1823 2595 1878 nihil
2622 1823 2812 1879 horum
2842 1828 2893 1881 in
2924 1828 3156 1883 medium
3183 1830 3356 1896 aﬂ'ert,
3388 1849 3577 1890 verum
3600 1837 3772 1895 labores

2221 1924 2462 1984 tantum,
2504 1917 2739 1987 pericula
2765 1959 2781 1985 ,
2824 1929 2878 1974 et
2923 1935 3150 1976 coronas
3197 1922 3321 1979 inde
3367 1937 3773 1997 reportatas:ac

2208 2009 2332 2079 jure
2356 2009 2596 2080 quidem.
2628 2010 2757 2066 Haec
2775 2012 2919 2068 enim
2948 2012 3036 2069 hic
3062 2015 3455 2086 relinquuntur,
3487 2032 3675 2078 cetera
3696 2042 3771 2079 nn-

2210 2100 2418 2157 biscum
2435 2102 2873 2172 proficiscuntur;
2905 2105 3117 2161 illorum
3136 2123 3264 2163 vero
3282 2110 3520 2168 rationes
3540 2112 3771 2178 dabimus.

2212 2193 2405 2252 horum
2435 2197 2738 2254 mercedem
2768 2209 3101 2271 expetemus.
3135 2204 3217 2257 An
3251 2204 3508 2274 ignoratis
3535 2210 3771 2279 quomodo

2210 2286 2265 2342 in
2290 2288 2483 2344 ultimo
2507 2288 2596 2345 die
2617 2298 2833 2360 peccata
2853 2292 3085 2347 animam
3102 2299 3511 2353 commoveant?
3535 2300 3773 2370 quomoda

2208 2394 2303 2435 cor
2325 2382 2628 2452 exagitent?
2651 2381 2801 2438 Tunc
2822 2397 2949 2454 ergo
2975 2383 3237 2440 bonorum
3268 2402 3491 2458 operum
3521 2392 3771 2459 memoria,

2209 2471 2359 2541 quasi
2398 2473 2449 2526 in
2484 2482 2800 2542 tempestate
2845 2477 3223 2547 tranquillitas,
3254 2481 3522 2538 turbatam
3570 2484 3770 2538 animam

2208 2563 2535 2619 consolatur.
2566 2564 2621 2621 Si
2652 2566 2932 2636 vigilemus
2976 2577 3031 2624 et
3072 2571 3236 2626 sobrii
3286 2572 3477 2640 simus,
3510 2591 3610 2646 per
3635 2584 3772 2631 totam

2206 2654 2367 2708 vitam
2394 2654 2549 2710 nobis
2574 2655 2878 2727 hujusmodi
2910 2661 3073 2716 timor
3112 2662 3317 2720 aderit:
3341 2666 3466 2735 quia
3510 2683 3641 2724 vero
3680 2669 3773 2724 sine

2206 2744 2314 2798 ullo
2341 2759 2501 2800 sensu
2529 2747 2775 2814 vivimus,
2798 2764 2919 2805 cum
2938 2749 3062 2807 hinc
3087 2753 3245 2823 ejecti
3276 2755 3560 2825 fuerimus,
3612 2760 3773 2829 procul

2204 2835 2366 2891 dubio
2394 2839 2632 2894 accedet.
2654 2840 2786 2896 Nam
2817 2842 3026 2899 vinctus
3054 2852 3165 2899 tum
3201 2847 3433 2903 maxime
3475 2849 3644 2917 dolet,
3670 2865 3769 2905 cum

2204 2929 2437 2986 educunt
2462 2946 2583 2986 eum
2611 2932 2678 2987 ad
2704 2932 3000 3003 judicium:
3024 2943 3152 2991 tunc
3180 2938 3411 2995 maxime
3441 2942 3645 3006 tremit,
3668 2957 3769 2997 cum

2202 3036 2369 3091 prope
2415 3024 2644 3079 tribunal
2673 3027 2815 3092 est‘,
2857 3027 3069 3097 quando
3111 3029 3345 3086 rationes
3382 3031 3517 3089 dare
3562 3044 3767 3106 oportet.

2203 3115 2407 3172 Idcirco
2437 3118 2703 3175 terribiles
2733 3121 2966 3177 visiones
2992 3134 3213 3180 narrant
3238 3126 3390 3182 multi
3432 3126 3539 3185 hoc
3571 3130 3622 3185 in
3650 3139 3768 3185 statu

2198 3210 2425 3278 oblatas,
2454 3227 2677 3282 quarum
2698 3214 2934 3284 speciem
2957 3230 3061 3271 non
3086 3216 3319 3275 ferentes
3343 3220 3376 3274 ii
3393 3222 3485 3291 qui
3505 3221 3768 3286 decedunt,

2199 3304 2394 3359 lectum
2421 3308 2593 3375 ipsum
2620 3320 2741 3362 cum
2770 3323 2962 3379 magno
2984 3310 3181 3380 impetu
3202 3314 3509 3370 suocutiunt
3528 3316 3768 3386 jacentcs,

2198 3405 2251 3451 et
2271 3411 2364 3452 eos
2391 3398 2478 3468 qui
2506 3397 2699 3453 adsunt
2724 3400 2889 3454 torvis
2912 3401 3197 3472 inspiciunt
3219 3404 3411 3472 oculis,
3436 3408 3621 3463 anima
3649 3408 3770 3464 intus

2196 3503 2317 3544 sese
2345 3489 2668 3559 exagitante,
2694 3498 2749 3545 et
2773 3505 2800 3542 a
2830 3504 3059 3559 corpore
3082 3494 3233 3550 avelli
3262 3507 3552 3568 renuente,
3581 3516 3677 3556 nec
3696 3501 3773 3555 ad-

2197 3582 2524 3637 ventantium
2555 3582 2864 3653 angelorum
2914 3594 3259 3656 conspectum
3312 3586 3541 3646 ferente.
3588 3590 3712 3647 Nam
3737 3592 3770 3644 si

2194 3687 2314 3727 cum
2334 3672 2578 3728 homines
2598 3674 2861 3729 terribiles
2878 3675 3255 3745 conspicimus,
3276 3677 3652 3750 formidamus,
3670 3698 3771 3737 cum

2193 3766 2414 3837 angelos
2436 3766 2846 3831 comminantes,
2871 3777 2926 3823 et
2942 3767 3162 3824 virtutes
3180 3769 3441 3827 immanes
3462 3773 3770 3835 videbimus,

2193 3859 2318 3929 quid
2348 3874 2453 3912 non
2478 3859 2761 3929 patiemur,
2789 3860 2966 3914 anima
2996 3875 3025 3914 a
3055 3874 3281 3933 corpore
3299 3864 3596 3933 abstracta,
3628 3877 3680 3923 et
3703 3868 3773 3922 in-

2192 3965 2401 4006 cassum
2430 3952 2763 4023 multumque
2784 3952 3037 4022 lugente?
3060 3952 3192 4009 Nam
3224 3955 3374 4011 dives
3395 3958 3487 4014 ille
3505 3972 3771 4031 postquam

2191 4041 2515 4110 decesserat,
2546 4042 2773 4097 multum
2812 4042 2965 4109 luxit,
2999 4043 3094 4098 sed
3136 4044 3186 4099 id
3236 4046 3367 4101 nihil
3410 4048 3513 4117 ipsi
3570 4050 3772 4121 profuit.

2194 4134 2321 4190 Haec
2353 4133 2511 4206 igitur
2538 4133 2717 4189 omnia
2747 4134 2798 4189 in
2830 4134 2985 4190 nobis
3009 4134 3357 4207 dcpingentes
3384 4148 3440 4195 et
3465 4142 3649 4198 animo
3672 4159 3774 4197 ver-

2190 4235 2392 4293 santes,
2421 4240 2487 4280 ne
2511 4225 2698 4281 eadem
2720 4235 2775 4281 et
2803 4240 2900 4281 nos
2926 4227 3207 4297 patiamur,
3231 4229 3424 4287 horum
3455 4236 3697 4291 omnium
3718 4236 3774 4290 tio

2191 4332 2395 4372 morem
2430 4331 2726 4385 servemus.
2759 4326 2816 4372 ut
2843 4326 2899 4374 et
2921 4320 3238 4390 supplicium
3261 4322 3390 4379 illud
3412 4323 3701 4399 fugiamus,
3729 4336 3773 4383 ct

2189 4420 2393 4465 aeterna
2415 4424 2810 4478 consequamur
2838 4409 2998 4477 bona,
3022 4413 3190 4481 gratia
3228 4422 3284 4468 et
3312 4416 3650 4489 benignitate
3679 4420 3770 4477 Do-

2190 4502 2319 4556 mini
2347 4501 2512 4555 nostri
2539 4499 2666 4555 .lesu
2695 4499 2912 4565 Christi,
2936 4502 3149 4572 quicum
3174 4504 3314 4560 Patri
3333 4506 3505 4577 gloria
3521 4525 3650 4567 cum
3667 4527 3773 4567 san-

2189 4602 2277 4650 cto
2304 4604 2359 4650 et
2383 4592 2598 4649 vivitico
2624 4592 2846 4663 Spiritu,
2888 4610 3029 4650 nunc
3065 4605 3121 4652 et
3164 4612 3398 4669 semper,
3426 4605 3564 4661 etin
3592 4606 3769 4662 sarcula

2188 4687 2524 4743 saeculorum.
2552 4686 2743 4740 Amen.

2251 4803 2269 4835 ι
2307 4808 2452 4861 Unus,
2471 4812 2582 4851 cum
2598 4811 2747 4863 prope
2771 4805 2839 4851 est
2847 4798 3113 4862 judicium.

1694 4980 2037 5045 HOMILIA
2078 4982 2244 5046 LIV.
2278 4981 2364 5044 al.
2410 4978 2540 5039 LV.

486 5113 614 5170 Car.
666 5115 754 5173 16.
805 5117 982 5175 v.13.
1016 5115 1267 5188 Egressus
1311 5117 1464 5175 Iesus
1510 5120 1565 5173 in
1613 5130 1783 5191 partes
1829 5121 2077 5179 Caesarea:

563 5206 818 5278 Philippi,
846 5209 1188 5279 interrogabat
1216 5210 1491 5282 discipulos
1516 5229 1651 5278 suos,
1675 5214 1849 5269 dicens
1870 5231 1890 5271 :
1917 5216 2077 5283 Quem

563 5314 642 5353 me
670 5299 846 5355 dicunt
874 5300 1098 5355 homines
1123 5318 1229 5356 esse
1250 5300 1443 5356 Filium
1472 5304 1728 5360 hominis?

565 5391 589 5442 1
657 5388 766 5444 Cur
781 5404 901 5444 cum
930 5391 1062 5447 urbe
1091 5392 1421 5449 conditorem
1440 5396 1557 5465 ejus
1585 5397 1917 5452 nominavit?
1946 5398 2079 5467 Quia

492 5489 577 5536 est
604 5490 660 5536 et
682 5481 807 5549 alia,
848 5497 967 5552 qua:
1009 5484 1275 5541 Stratonis
1304 5486 1518 5542 dicitur.
1562 5486 1677 5543 Non
1710 5489 1761 5544 in
1804 5490 1904 5545 hac
1927 5506 2076 5554 vero,

490 5572 585 5626 scd
613 5572 663 5625 in
688 5571 773 5625 illa
797 5572 1089 5644 interrogat
1112 5576 1275 5645 ipsos,
1308 5578 1541 5647 procula
1566 5577 1763 5635 Judccis
1788 5579 2077 5649 abduccns,

492 5672 547 5718 ut
573 5663 640 5719 ab
668 5664 814 5718 omni
843 5665 1199 5723 sollicitudine
1230 5669 1380 5725 liberi
1406 5685 1526 5725 cum
1551 5671 1740 5729 fiducia
1769 5672 2080 5746 dicantquic

2186 5123 2441 5180 sentiunt.
2472 5121 2581 5177 Cur
2605 5129 2783 5177 autem
2813 5137 2919 5178 non
2947 5125 3125 5180 statim
3152 5125 3221 5182 de
3249 5142 3367 5196 sua,
3409 5129 3505 5185 sed
3535 5130 3613 5186 de
3650 5130 3748 5185 mul

2187 5226 2363 5272 torum
2391 5217 2657 5270 sententia
2688 5215 2835 5285 ipsos
2860 5216 3244 5288 interrogavit?
3268 5219 3335 5275 Ut
3361 5221 3623 5291 opinione
3654 5220 3772 5275 alio-

2186 5322 2306 5364 rum
2336 5305 2599 5377 exposita,
2625 5305 2925 5378 deindeque
2948 5309 3277 5379 interrogati,
3321 5310 3420 5367 Vos
3442 5323 3616 5368 autem
3642 5326 3772 5383 quem

2187 5416 2267 5454 me
2307 5413 2415 5453 esse
2444 5397 2651 5452 dicitis?
2686 5398 2755 5452 ab
2795 5398 2912 5469 ipso
2939 5400 3305 5472 interrogandi
3336 5402 3498 5459 modo
3527 5405 3585 5459 in
3616 5402 3769 5460 subli-

2188 5492 2413 5548 miorem
2442 5488 2800 5546 eveherentur
2835 5492 3235 5562 cogitationem,
3284 5509 3463 5565 neque
3508 5496 3565 5550 in
3622 5495 3768 5549 vilem

2189 5583 2478 5639 multorum
2507 5582 2799 5652 cogitatum
2824 5581 3153 5639 deciderent.
3178 5584 3410 5657 ideoque
3431 5602 3533 5641 non
3560 5587 3615 5641 in
3638 5585 3769 5657 prin-

2188 5676 2329 5749 cipio
2359 5674 2755 5746 prtcdicationis
2783 5688 2879 5732 eos
2909 5676 3222 5750 interrogat,
3267 5678 3361 5734 sed
3385 5678 3601 5750 quando
3621 5679 3762 5747 signa
