3908 6198
130 230 242 290 εδδ

126 355 299 410 multa
330 352 473 414 fecit,
522 360 572 405 et
622 350 689 405 de
720 349 899 405 multis
928 348 1351 419 sublimibusque
1381 349 1716 420 dogmatibus

124 444 404 511 disseruit,
437 445 734 514 multasque
762 444 985 512 praebuit
1011 443 1495 498 demonstrationes
1515 453 1567 497 et
1586 443 1719 497 diri-

123 536 314 593 nitatis
341 553 473 598 sum,
519 546 573 591 et
604 552 714 591 sate
754 551 874 590 cum
916 535 1073 589 Patre
1112 534 1435 598 concordia»,
1468 544 1593 590 tunc
1620 536 1715 590 de-

114 640 272 680 mum
309 629 448 683 hanc
475 629 577 684 illis
606 627 810 697 profert
836 627 1328 695 interrogationem.
1351 625 1532 695 Neque
1561 625 1713 690 dixit,

112 716 296 779 Quem
322 736 407 774 me
426 720 613 775 dicunt
636 734 756 775 esse
777 718 965 774 scribm
992 729 1043 773 et
1067 718 1357 772 Pharisaei?
1381 721 1622 787 quamvis
1639 717 1713 771 illi

120 812 301 879 ipsum
331 827 473 881 stupe
499 811 794 867 disserendi
825 826 983 865 causa
1006 809 1388 865 convenerint:
1410 809 1527 875 sed,
1554 810 1714 875 Quem

120 920 206 958 me
231 905 411 958 dicunt
435 906 661 958 homines
688 905 835 957 esse?
863 902 1043 973 populi
1086 902 1415 971 Opinionem,
1450 916 1569 970 quae
1595 902 1711 957 sine

116 996 436 1066 acceptione
454 1010 574 1051 esse
590 997 747 1057 solet,
775 996 1073 1065 requirens.
1104 994 1251 1049 Licet
1275 995 1417 1047 enim
1444 994 1527 1047 illa
1557 993 1710 1062 longe

114 1087 383 1157 dejectior
413 1098 555 1142 esset
583 1103 741 1157 quam
767 1102 862 1154 par
886 1094 1023 1149 erat,
1051 1096 1104 1139 at
1132 1101 1160 1137 a
1189 1084 1420 1154 nequitia
1446 1094 1562 1138 erat
1580 1085 1709 1139 alie—

114 1195 187 1233 na
214 1198 226 1230 :
255 1179 646 1235 Pharismorum
676 1188 853 1233 autem
882 1178 1060 1248 opinio
1087 1176 1362 1247 iniquitate
1391 1177 1542 1245 plena
1569 1184 1703 1229 erat.

117 1272 190 1326 lit
213 1272 509 1328 ostendens
544 1288 702 1341 quam
735 1272 895 1327 vellet
936 1270 1288 1325 oeconomiam
1319 1270 1432 1324 sive
1461 1269 1704 1323 incarna-

113 1367 321 1422 tionem
353 1367 405 1421 in
434 1365 685 1421 confesso
715 1365 922 1431 haberi,
969 1365 1065 1429 ait,
1112 1362 1304 1416 Filium
1347 1362 1582 1424 hominis,
1627 1360 1704 1415 sic

110 1458 451 1513 divinitatem
478 1458 774 1527 appellans,
805 1466 864 1511 ut
890 1457 1013 1511 alibi
1058 1470 1201 1524 stupe
1233 1455 1372 1508 facit.
1406 1455 1494 1507 Ait
1532 1453 1698 1517 enitn,

109 1549 286 1604 Nemo
312 1552 536 1604 ascendit
563 1552 615 1604 in
645 1553 846 1615 calum,
870 1551 967 1603 nisi
997 1550 1045 1603 F
1047 1550 1167 1603 ilius
1193 1550 1429 1615 hominis,
1458 1549 1545 1618 qui
1562 1549 1700 1601 estin

105 1644 241 1696 uelo
272 1642 449 1713 (Joan.
476 1643 529 1697 5.
556 1643 678 1709 i3);
707 1652 759 1695 et
784 1657 1017 1705 rursum,
1039 1640 1167 1695 Cum
1184 1650 1352 1694 autem
1374 1639 1596 1693 uideritis
1615 1637 1702 1691 Fi-

104 1737 239 1788 lium
271 1736 487 1789 hominis
515 1734 865 1789 ascendentem
892 1734 976 1786 ubi
1001 1742 1107 1787 erat
1139 1734 1277 1802 prius
1308 1732 1485 1804 (Joan.
1510 1731 1563 1786 6.
1582 1731 1694 1793 65).

106 1828 317 1882 Deinde
343 1828 464 1897 quia
511 1827 779 1889 dicebant,
828 1826 915 1880 14.
970 1826 1069 1878 Alii
1097 1823 1350 1878 Joannem
1388 1823 1692 1893 Baptistam,

101 1920 201 1973 alii
225 1918 417 1979 Eliam,
443 1917 533 1972 alii
552 1917 850 1983 Jeremiam,
876 1916 966 1970 alii
995 1932 1150 1970 unum
1172 1932 1233 1969 ea:
1262 1915 1517 1986 prophetis
1535 1914 1694 1969 :falsa

101 2012 325 2066 illorum
355 2012 608 2081 opinione
640 2011 695 2065 in
726 2011 959 2065 medimn
1004 2008 1234 2063 adducta
1264 2008 1572 2078 subjunxit:
1603 2008 1689 2063 15.

114 2102 217 2157 Vos
242 2114 413 2157 autem
436 2119 584 2173 quem
625 2119 703 2155 me
736 2118 844 2157 esse
873 2101 1079 2155 dicitis?
1105 2115 1168 2156 ex
1198 2100 1429 2156 secunda
1458 2101 1692 2155 interro-

94 2196 320 2266 gatione
364 2197 485 2250 illos
530 2210 782 2260 evocans,
815 2204 875 2249 ut
905 2194 1077 2264 majus
1118 2193 1246 2264 quid
1288 2193 1356 2249 de
1387 2193 1479 2247 illo
1506 2193 1694 2262 opina-

96 2298 313 2351 rentur,
345 2286 741 2357 ostendensqne
771 2286 901 2355 ipsis
942 2288 1166 2356 [rimam
1214 2284 1521 2354 opinionem
1547 2299 1577 2339 a
1606 2284 1692 2339 di-

93 2377 306 2447 gnitate
321 2392 413 2432 sua
440 2377 619 2447 procul
643 2378 850 2431 abesse.
879 2375 1001 2431 Ideo
1018 2376 1176 2430 aliam
1196 2374 1263 2428 ab
1288 2375 1417 2444 ipsis
1435 2376 1687 2445 exquirit,

91 2479 152 2523 et
179 2470 473 2525 secundam
501 2469 703 2540 profert
732 2469 1222 2539 interrogationem,
1266 2482 1333 2521 ne
1364 2481 1486 2521 cum
1510 2465 1690 2521 multis

92 2566 389 2629 sentirent,
420 2564 507 2634 qui
538 2564 787 2633 quoniam
817 2565 968 2633 signa
997 2562 1241 2617 viderant
1281 2560 1485 2631 majora
1527 2574 1686 2631 qttam

88 2674 221 2725 qua:
245 2657 446 2711 homini
472 2667 779 2726 competere
807 2667 1044 2726 possent,
1087 2655 1354 2710 hominem
1377 2652 1591 2725 quidem
1624 2652 1687 2706 il-

90 2753 207 2804 lum
250 2766 373 2805 esse
402 2751 676 2820 putabant,
720 2750 814 2805 sed
859 2765 925 2805 ex
972 2750 1197 2805 mortuis
1225 2749 1601 2811 resurrexisse,
1634 2744 1683 2799 id

85 2842 239 2910 quod
268 2841 481 2897 dicebat
509 2842 768 2897 Herodes.
800 2841 906 2897 Sed
936 2841 1023 2896 ille
1042 2841 1189 2911 ipsos
1213 2854 1241 2892 a
1271 2839 1357 2892 tali
1383 2837 1686 2907 suspicione

84 2935 372 2989 abducens
399 2936 506 2989 ait:
550 2934 647 2988 Vos
667 2944 835 2987 autem
864 2950 1008 3004 quem
1032 2949 1108 2986 me
1128 2949 1232 2986 esse
1260 2931 1424 2985 dicitis
1442 2932 1467 2983 ?
1498 2930 1549 2983 Id
1578 2937 1680 2993 est,

82 3028 193 3093 Qui
225 3041 445 3095 semper
472 3041 679 3080 mecum
709 3026 839 3079 cstis
877 3034 930 3079 ct
961 3023 1215 3079 miracula
1246 3022 1492 3077 edentem
1540 3021 1687 3075 vide-

82 3123 183 3183 tis,
214 3121 306 3190 qui
340 3129 394 3175 ct
437 3121 533 3189 ipsi
566 3135 660 3189 per
690 3136 776 3175 me
818 3120 1041 3173 virtutes
1071 3117 1266 3171 multas
1297 3116 1518 3172 fecistis.
1545 3115 1683 3182 Quid

82 3214 256 3282 igitur
284 3228 345 3268 os
366 3214 727 3284 apostolorum
758 3214 981 3268 Petrus?
1007 3214 1230 3281 Semper
1258 3211 1492 3277 fervens,
1529 3211 1681 3266 chori

79 3306 373 3374 apostolici
403 3304 737 3376 coryphaeus,
759 3306 1007 3359 omnibus
1037 3303 1398 3373 interrogatis,
1444 3303 1556 3372 ipse
1592 3317 1683 3357 re-

78 3399 343 3466 s;~.ondet.
392 3398 455 3452 Et
486 3414 605 3452 cum
646 3398 713 3453 de
739 3376 1021 3453 ’sententia
1065 3397 1243 3467 populi
1297 3397 1680 3461 sciscitaretur,

77 3507 284 3545 omnes
314 3491 736 3559 reSponderunt:
769 3506 889 3545 cum
922 3500 1098 3544 autem
1117 3490 1183 3544 de
1202 3504 1297 3544 sua
1328 3504 1423 3543 eos
1449 3496 1679 3558 rogaret,

81 3584 288 3637 Petrus
317 3582 525 3651 prosilit
566 3593 621 3637 et
660 3583 950 3653 praevertit,
991 3582 1203 3651 aitque:
1229 3580 1317 3636 16.
1354 3580 1430 3633 Tu
1460 3596 1511 3634 es
1536 3579 1683 3634 Chri-

77 3683 198 3728 stus
221 3673 389 3727 Filius
413 3674 507 3728 Dei
527 3674 642 3727 viui.
663 3673 799 3741 Quid
826 3687 954 3744 ergo
977 3671 1257 3726 Christus?
1279 3672 1366 3727 17.
1398 3669 1586 3724 Beatus
1605 3685 1677 3735 es,

78 3766 275 3819 Simon
296 3764 579 3831 Bar-Jona,
596 3766 716 3834 quia
745 3781 865 3818 caro
899 3777 946 3817 et
971 3764 1176 3834 sanguis
1197 3779 1296 3817 non
1315 3762 1549 3816 reuelauit
1569 3761 1677 3815 tibi.

78 3857 253 3925 Atqui
290 3857 385 3910 nisi
414 3856 603 3911 Petrus
633 3857 710 3911 sic
736 3856 907 3926 ipsum
938 3870 1065 3912 vere
1089 3855 1371 3911 confessus
1400 3852 1605 3920 fuisset,
1625 3862 1682 3907 ut

74 3953 153 4004 ab
187 3952 307 4020 ipso
336 3950 493 4006 Patre
538 3952 798 4021 genitum,
842 3967 949 4005 non
990 3950 1175 4006 fuisset
1205 3950 1306 4005 hoc
1341 3949 1679 4005 revelationis

74 4056 247 4111 opus,
278 4043 320 4096 si
351 4058 514 4096 unum
544 4058 608 4098 ex
638 4043 817 4098 multis
844 4043 992 4097 illum
1021 4057 1145 4098 esse
1166 4050 1421 4113 putasset,
1442 4057 1547 4097 non
1565 4050 1681 4097 erat

75 4134 219 4187 illud
254 4133 582 4188 beatitudine
608 4133 847 4205 dignum.
878 4134 1089 4189 Etenim
1115 4134 1225 4204 jam
1254 4142 1409 4188 antea
1431 4133 1680 4188 dicebant

74 4227 115 4280 ii
142 4226 239 4296 qui
280 4225 333 4279 in
361 4225 569 4296 navigio
595 4236 752 4281 erant
777 4235 893 4296 post
924 4234 1319 4296 tempesta-tem,
1362 4225 1488 4280 Vere
1510 4224 1679 4279 Filius

75 4317 189 4372 Dei
229 4326 304 4371 est
344 4318 425 4371 hic
475 4316 689 4386 (Matth.
722 4319 810 4373 N.
844 4320 961 4385 33),
1008 4333 1108 4374 nec
1150 4328 1327 4373 tamen
1368 4319 1509 4374 beati
1549 4318 1676 4373 dicti

71 4417 237 4476 sunt,
270 4409 369 4463 etsi
394 4424 519 4465 vere
549 4410 797 4464 dixerint.
832 4409 945 4465 Non
973 4409 1115 4464 enim
1147 4410 1225 4465 sic
1257 4408 1466 4475 Filium,
1498 4418 1553 4461 ut
1580 4408 1680 4463 Pe—

74 4514 224 4565 trus,
254 4501 486 4556 ctmfcssi
510 4510 671 4565 sunt;
703 4501 795 4556 sed
827 4517 988 4555 unum
1019 4517 1084 4557 ex
1116 4502 1297 4555 multis
1320 4516 1447 4556 vere
1485 4501 1676 4555 Filium

72 4608 209 4649 esse
240 4593 519 4662 putabant,
544 4594 801 4648 eximium
830 4594 1048 4663 quidem
1077 4593 1218 4649 inter
1246 4593 1464 4659 multos,
1495 4606 1592 4647 nec
1607 4600 1680 4645 ta-

75 4702 214 4742 men
242 4700 311 4740 ex
345 4684 457 4754 ipsa
490 4685 664 4740 Patris
690 4685 1005 4741 substantia.

152 4776 210 4829 2.
247 4774 430 4829 Petrus
458 4793 550 4829 cur
575 4776 748 4831 beatus
792 4776 1010 4830 dicatur.
1056 4777 1555 4832 Coasubstantialitas
1583 4778 1679 4831 de-

74 4876 421 4920 monstratur.
454 4867 563 4922 Sub
583 4868 684 4937 ﬁne
716 4867 867 4937 hujus
896 4870 1111 4934 numeri,
1166 4869 1391 4922 Anomaei
1416 4878 1463 4923 et
1498 4869 1679 4922 Ariani

72 4962 489 5029 redarguuntur.
513 4988 583 4999 —
605 4956 900 5012 Narhanael
928 4972 1137 5028 quoque
1163 4959 1391 5019 dicebat,
1421 4957 1601 5023 Rabbi,
1626 4970 1679 5011 tu

72 5069 129 5103 es
157 5048 334 5104 Filius
364 5048 478 5113 Dei,
532 5058 586 5102 tu
620 5066 672 5103 es
705 5066 796 5103 rex
844 5048 1011 5103 Israel
1041 5048 1234 5119 (loan.
1265 5051 1315 5104 I.
1342 5048 1467 5122 49).
1498 5050 1679 5120 Neque

73 5141 262 5195 solum
310 5154 414 5195 non
460 5141 645 5195 beatus
669 5139 893 5197 dicitur:
939 5156 1122 5195 verum
1153 5141 1312 5195 etiam
1338 5142 1487 5211 quasi
1512 5143 1680 5197 multo

76 5236 347 5290 inferiora
382 5250 542 5304 quam
582 5235 864 5305 oportebat
900 5235 1141 5301 dixisset,
1187 5235 1363 5289 abillo
1405 5236 1678 5307 redargui-

76 5341 225 5385 tur:
265 5327 548 5397 subjuuxit
597 5330 776 5394 enim,
826 5329 959 5395 Quia
1006 5330 1112 5382 dixi
1175 5330 1296 5394 tibi,
1354 5328 1467 5382 Vidi
1511 5341 1558 5383 te
1590 5330 1679 5384 sub

78 5424 212 5490 ficu,
241 5423 446 5486 credis;
473 5425 668 5491 majora
690 5422 770 5475 his
794 5423 979 5475 videbis
1005 5421 1194 5494 (Joan.
1230 5424 1279 5476 I.
1299 5422 1369 5477 50
1388 5424 1424 5492 )1
1452 5422 1559 5477 Cur
1580 5424 1677 5491 igi-

78 5524 170 5567 tur
203 5513 395 5567 Petrus
427 5513 613 5567 beatus
634 5512 870 5567 dicitur?
900 5514 1031 5579 Quia
1068 5514 1214 5568 illum
1249 5516 1459 5583 proprie
1489 5514 1679 5569 Filium

79 5603 372 5659 confusus
395 5612 497 5658 est.
546 5604 747 5660 Idcirco
776 5604 882 5658 illis
902 5620 1189 5673 numquam
1230 5604 1471 5660 Christus
1508 5606 1681 5660 simile

80 5695 367 5769 quidpiam
390 5695 560 5751 dixit:
588 5696 676 5751 hic
700 5706 876 5750 autem
900 5697 1061 5751 etiam
1088 5713 1210 5751 eum
1231 5698 1321 5767 qui
1349 5698 1683 5754 revelaverat

431 5810 701 5869 PATBOI..
753 5810 868 5868 Gn.
924 5810 1140 5871 LVIII.

1129 232 1193 287 IN
1233 233 1639 291 MATTlI/EUM
1683 236 1912 291 HOMIL.
1958 238 2088 293 LIV.
2131 241 2201 293 al.
2244 239 2352 294 LV.

3316 250 3420 305 εδδ

1828 350 2135 407 declaravit.
2160 352 2291 408 Nam
2322 368 2387 409 ne
2413 355 2621 423 plurimi
2652 356 2933 411 crederent
2969 374 3091 414 eum
3111 360 3233 432 quia
3259 362 3415 419 Chri-

1827 455 1965 496 stum
1999 444 2263 500 ferventer
2289 447 2540 511 amabat,
2570 449 2768 503 amoris
2810 461 2865 505 et
2901 452 3221 511 adulationis
3243 456 3406 511 verba

1827 534 2129 602 protulisse,
2160 545 2321 607 atque
2340 553 2405 593 ex
2427 538 2616 594 affectu
2644 549 2695 595 et
2710 545 2897 610 gratia,
2924 543 2975 595 in
2998 544 3233 600 medium
3255 547 3411 604 affert

1824 642 1944 682 eum
1973 630 2061 699 qui
2080 631 2131 685 id
2163 632 2234 685 illi
2263 633 2610 703 inspiravcrat
2638 653 2651 689 :
2682 643 2738 688 ut
2770 635 2963 697 discas.
2994 637 3207 693 Petrum
3240 641 3406 697 verba

1825 722 2129 789 protulisse,
2156 722 2365 778 Patrem
2400 740 2526 779 vero
2550 725 2780 781 dictasse
2808 744 2821 779 :
2854 738 2907 779 ut
2930 744 3033 781 non
3062 730 3194 783 ultra
3220 732 3407 787 crede-

1820 825 1907 864 res
1932 812 2215 867 humanam
2236 815 2541 884 opinionem
2573 817 2658 871 illa
2688 832 2809 872 esse
2827 835 2947 888 qua:
2974 819 3111 876 dicta
3138 832 3281 885 sunt,
3309 825 3401 879 sed

1818 901 2052 958 divinum
2094 905 2304 974 dogma.
2327 904 2434 961 Cur
2455 917 2632 964 autem
2675 925 2780 964 non
2820 911 2872 963 id
2922 912 3033 981 ipse
3064 917 3398 981 pronuntiat,

1817 1008 1916 1048 nec
1934 993 2084 1057 dicit,
2116 996 2227 1065 Ego
2252 1012 2370 1051 sum
2392 996 2631 1054 Christus
2657 1017 2670 1053 :
2701 1001 2792 1055 sed
2819 1017 2913 1071 per
2934 1004 3397 1074 interrogationmtt

1816 1086 1942 1141 illttd
1973 1100 2225 1157 apparat,
2256 1098 2311 1144 ut
2340 1091 2459 1147 illos
2488 1091 2704 1147 induant
2728 1094 2794 1148 ad
2844 1096 3239 1151 confitendum?
3258 1099 3397 1165 Quu-

1813 1178 1953 1230 niam
1987 1178 2112 1233 illud
2142 1190 2195 1234 et
2226 1181 2324 1249 ipsi
2350 1185 2747 1251 congruentius,
2771 1195 2821 1239 et
2851 1186 3018 1256 magis
3037 1190 3392 1245 necessarium

1809 1280 1944 1337 erat,
1974 1272 2195 1342 illosque
2221 1276 2385 1343 magis
2408 1277 2475 1328 ad
2498 1277 2652 1331 fidem
2675 1292 2860 1332 eorum
2883 1293 3000 1347 qua:
3026 1279 3162 1335 dicta
3187 1281 3391 1336 fuerant

1808 1362 2129 1416 attraliebat.
2175 1363 2362 1420 Viden‘
2418 1368 2686 1434 quomodo
2729 1368 2916 1423 Filium
2958 1370 3159 1425 revelat
3197 1372 3393 1428 Pater?

1805 1452 2073 1522 quomodo
2097 1454 2306 1509 Patrem
2336 1457 2498 1510 Filius
2517 1458 2541 1499 ?
2572 1457 2750 1526 Neque
2788 1458 3014 1523 Patrem,
3048 1461 3238 1532 inquit,
3280 1466 3392 1532 quis

1805 1549 1942 1601 novit
1968 1550 2063 1603 nisi
2090 1548 2275 1616 Filius,
2320 1561 2367 1604 et
2398 1553 2481 1605 cui
2510 1552 2721 1607 uoluerit
2748 1552 2917 1607 Filius
2953 1556 3175 1609 revelare
3213 1559 3232 1626 (
3260 1556 3384 1611 an.

1806 1640 1893 1695 10.
1918 1640 2041 1713 22).
2072 1641 2189 1697 Non
2229 1658 2358 1713 ergo
2383 1659 2668 1714 possumus
2714 1645 2929 1700 aliunde
2953 1661 3279 1717 cognoscere
3305 1650 3391 1703 Fi-
3420 1646 3425 1649 ἵ

1804 1730 1952 1795 lium,
1982 1748 2139 1802 quam
2177 1749 2272 1803 per
2298 1734 2468 1804 ipsum
2496 1735 2730 1803 Patrem,
2764 1752 2936 1808 neque
2961 1738 3197 1805 Patrem,
3229 1756 3387 1810 quam

1802 1839 1896 1893 per
1937 1825 2107 1894 ipsum
2141 1826 2352 1881 Filium.
2403 1828 2583 1898 Itaque
2610 1829 2731 1884 inde
2772 1838 2823 1884 et
2870 1830 3087 1885 honoris
3115 1834 3390 1902 inqualitas

1800 1925 1854 1971 et
1883 1918 2408 1973 consubstantialitas
2430 1921 2843 1976 demonstratur.
2891 1924 3026 1989 Quid
3058 1924 3216 1993 igitur
3236 1925 3389 1979 Chri-

1798 2009 1951 2063 stus?
1982 2009 2057 2063 Tu
2093 2027 2145 2065 es
2182 2011 2362 2067 Simon
2396 2012 2533 2081 ﬁlius
2568 2013 2741 2078 Jona;
2783 2025 2834 2065 tu
2879 2016 3130 2069 vocaberis
3164 2014 3381 2081 Cephas.

1796 2099 1929 2167 Quia
1950 2101 2113 2167 enim,
2138 2102 2325 2172 inquit,
2345 2103 2552 2158 Patrem
2577 2119 2751 2160 meum
2778 2106 3093 2174 pra-dicasti,
3118 2122 3217 2175 ego
3240 2108 3384 2161 illum

1797 2198 2013 2251 nomino
2042 2198 2207 2267 quite
2245 2198 2429 2269 genuit
2461 2217 2475 2253 :
2502 2214 2565 2253 ac
2593 2200 2637 2253 si
2675 2198 2898 2266 diceret,
2946 2199 3094 2254 Sicut
3146 2211 3200 2254 tu
3249 2202 3385 2258 filius

1794 2287 1948 2355 Jona,
1981 2290 2059 2345 sic
2079 2306 2179 2361 ego
2206 2292 2378 2347 Patris
2405 2294 2509 2347 mei
2540 2293 2728 2348 Filius.
2758 2293 2889 2347 Nam
2930 2308 3381 2363 supervacaneum

1796 2382 1982 2439 fuisset
2009 2384 2211 2451 dicere,
2238 2384 2319 2438 Tu
2345 2402 2395 2439 es
2434 2385 2572 2455 filius
2617 2385 2754 2440 Iona
2784 2402 2804 2439 :
2831 2386 2925 2441 sed
2951 2386 3074 2456 quia
3120 2387 3209 2442 ille
3248 2386 3385 2443 dixit

1792 2474 1983 2529 Filium
2010 2475 2122 2539 Dei,
2155 2484 2213 2530 ut
2252 2476 2578 2541 ostenderet,
2616 2478 2787 2545 ipsum
2815 2490 2934 2531 esse
2972 2477 3058 2530 Dei
3088 2476 3301 2539 Filium,
3326 2488 3383 2532 ut

1792 2566 1882 2621 ille
1929 2566 2070 2621 filius
2090 2576 2203 2622 erat
2231 2566 2362 2621 .lona
2383 2609 2395 2631 ,
2426 2567 2666 2637 ejusdem
2696 2582 2817 2622 cum
2848 2575 2998 2636 patre
3037 2568 3376 2632 substantia,

1791 2657 1911 2713 ideo
1940 2657 2066 2713 illud
2105 2658 2324 2713 addidit.
2360 2658 2445 2713 I8.
2488 2657 2553 2711 Et
2601 2674 2692 2728 ego
2726 2658 2838 2710 dico
2864 2658 2971 2724 tibi,
3012 2668 3064 2711 tu
3091 2674 3142 2712 es
3172 2657 3374 2724 Petrus,

1790 2759 1836 2802 et
1860 2767 2011 2821 super
2034 2751 2164 2805 hanc
2185 2760 2376 2822 petram
2404 2750 2663 2819 azdiﬁcabo
2685 2749 2963 2803 Ecclesium
2987 2766 3169 2813 meam,
3190 2749 3240 2803 id
3268 2762 3371 2813 est,

1788 2854 1949 2912 super
1975 2840 2130 2897 fidem
2160 2841 2534 2897 confessionis.
2583 2840 2715 2895 Ilinc
2759 2840 2994 2895 declarat
3032 2841 3227 2895 multos
3253 2856 3375 2896 esse

1787 2933 2103 2998 credituros,
2132 2936 2353 3003 ejusque
2383 2947 2596 2987 sensum
2626 2932 2798 3002 erigit,
2823 2940 2878 2985 et
2909 2940 3172 2999 pastorem
3205 2933 3373 3001 ipsum

1787 3026 2079 3081 constituit.
2126 3024 2190 3079 Et
2233 3036 2393 3095 porta:
2426 3024 2578 3096 inferi
2618 3041 2719 3079 non
2764 3023 3101 3092 prazvalebunt
3136 3025 3376 3079 adversus

1787 3134 1917 3171 eant.
1949 3118 2004 3173 Si
2032 3134 2161 3173 vero
2206 3118 2461 3173 adversus
2491 3131 2611 3173 eam
2650 3132 2755 3171 non
2796 3115 3181 3186 praevalebunt,
3210 3116 3377 3171 multo

1789 3212 1962 3265 minus
1996 3211 2280 3266 adversum
2308 3225 2394 3264 me
2423 3209 2802 3280 prmvalebunt.
2829 3207 3007 3277 Itaque
3029 3222 3097 3261 ne
3122 3206 3372 3272 turberis,

1786 3316 1907 3356 cum
1935 3301 2119 3355 audies
2154 3318 2239 3355 me
2268 3301 2517 3355 traditum
2544 3310 2597 3354 et
2643 3298 2957 3353 cruciﬁxum
2986 3312 3124 3352 esse.
3172 3297 3376 3353 Deinde

1786 3395 2013 3448 alterum
2042 3393 2170 3447 dicit
2197 3393 2453 3447 honorem
2490 3410 2503 3446 ε
2537 3391 2621 3447 19.
2654 3390 2766 3461 Ego
2798 3400 2966 3444 autem
2988 3389 3116 3444 dabo
3142 3389 3231 3442 tibi
3267 3390 3377 3444 cla-

1785 3499 1867 3538 ues
1892 3484 2036 3555 regni
2059 3484 2315 3538 ctelorum.
2335 3482 2470 3550 Quid
2498 3482 2760 3552 significat
2787 3480 2937 3547 illud,
2966 3480 3076 3551 Ego
3093 3489 3261 3535 autem
3285 3480 3376 3534 tibi

1786 3579 1957 3633 dabo?
1981 3577 2437 3647 Quemadmodum
2465 3576 2623 3631 Pater
2653 3576 2744 3630 tibi
2765 3575 2914 3630 dedit
2958 3586 3019 3629 ut
3058 3589 3144 3629 me
3170 3588 3371 3644 cogno-

1784 3686 1984 3741 sceres,
2017 3672 2093 3726 sic
2118 3681 2170 3726 ct
2197 3686 2296 3741 ego
2326 3669 2420 3723 tibi
2445 3668 2604 3724 dabo.
2630 3666 2815 3737 Neque
2838 3666 2991 3733 dixit,
3022 3666 3243 3737 Rogabo
3266 3666 3372 3720 Pa-

1784 3772 1942 3828 trem,
1974 3761 2178 3817 etiamsi
2207 3774 2394 3831 magna
2437 3768 2578 3814 esset
2623 3758 2902 3828 potestatis
2947 3756 3369 3821 demonstratio,

1784 3869 1838 3916 et
1857 3859 1982 3914 doni
2006 3858 2311 3930 magnitudo
2332 3856 2611 3913 ineﬂ'abilis
2630 3873 2644 3922 ;
2664 3856 2780 3922 sed,
2808 3853 2918 3927 Ego
2938 3855 3067 3910 dabo
3088 3856 3193 3909 tibi.
3212 3856 3370 3923 Quid,

1784 3965 1965 4021 quzeso
1985 3994 1998 4016 ,
2022 3951 2158 4005 das?
2178 3948 2353 4006 Claves
2371 3949 2515 4020 regni
2536 3948 2773 4003 calorum
2803 3962 2823 4001 :
2858 3955 2905 4001 et
2948 3963 3271 4019 quaecumque
3306 3949 3342 4002 li
3357 3981 3371 3989 -

1783 4045 1977 4115 gaveris
2000 4060 2151 4114 super
2178 4052 2361 4097 terram
2379 4084 2394 4108 ,
2433 4049 2580 4096 erunt
2601 4041 2760 4113 ligata
2783 4049 2830 4095 et
2866 4040 2921 4094 in
2941 4041 3079 4095 catis
3111 4057 3130 4094 :
3161 4051 3207 4096 et
3235 4057 3374 4112 qua:—

1784 4152 1997 4207 cumque
2019 4135 2224 4190 solveris
2249 4151 2399 4205 super
2427 4142 2635 4200 terram,
2664 4141 2807 4188 erunt
2840 4133 3010 4188 soluta
3042 4143 3089 4187 et
3130 4134 3184 4187 in
3211 4135 3370 4189 caelis.

1782 4227 2061 4295 Quomodo
2107 4226 2266 4297 igitur
2304 4240 2406 4279 non
2443 4226 2561 4293 ejus
2599 4226 2722 4291 erit,
2746 4273 2751 4277 .
2774 4233 2832 4279 ut
2864 4240 2893 4278 a
2937 4224 3140 4280 dextris
3162 4234 3217 4280 et
3239 4228 3373 4281 sini-

1783 4320 1908 4374 Stris
1929 4318 2117 4373 sedere
2146 4317 2422 4383 concedat,
2455 4317 2544 4387 qui
2574 4315 2728 4381 dixit,
2756 4313 2869 4386 Ego
2888 4314 2977 4369 tibi
3001 4316 3168 4370 dabo?
3191 4317 3375 4372 Viden’

1783 4411 2052 4482 quomodo
2079 4411 2145 4465 ad
2173 4409 2536 4465 sublimiorem
2581 4409 2649 4464 de
2705 4422 2764 4464 se
2817 4409 3125 4479 opinionem
3155 4411 3372 4465 Petrum

1783 4504 1972 4573 erigat,
2002 4511 2055 4558 et
2084 4502 2315 4570 seipsqu
2342 4501 2563 4565 revelet,
2590 4513 2651 4554 ac
2681 4514 2774 4569 per
2798 4499 2957 4554 hasce
2982 4500 3371 4569 duas-promis-

1783 4597 1962 4652 siones
1983 4610 2040 4651 se
2070 4594 2262 4650 Filium
2296 4593 2385 4648 Dei
2414 4608 2533 4648 esse
2553 4591 2835 4647 ostendat?
2851 4590 2981 4645 Nam
3008 4607 3126 4660 qua:
3148 4592 3239 4647 uni
3265 4593 3375 4647 Dco

1783 4698 1908 4743 sunt
1938 4689 2171 4757 propria,
2201 4699 2394 4755 nempe
2432 4692 2653 4755 peccata
2702 4683 2932 4749 solvere,
2977 4682 3272 4738 Ecclesium
3320 4684 3372 4738 in

1785 4790 1934 4836 tanto
1962 4779 2216 4835 fluctuum
2264 4791 2525 4833 concursu
2570 4776 2845 4831 immotam
2894 4774 3150 4843 reddere,
3196 4776 3375 4831 homi—

1784 4889 2011 4945 nemque
2043 4874 2355 4943 piscatorem
2394 4881 2505 4926 toto
2544 4871 2889 4941 impugnante
2930 4871 3062 4925 orbe
3102 4878 3252 4940 petra
3280 4873 3373 4924 tir-

1784 4969 2008 5022 miorem
2042 4964 2288 5027 reddere,
2326 4965 2444 5018 haec
2472 4978 2531 5018 se
2568 4963 2643 5017 illi
2682 4964 2927 5018 daturum
2966 4964 3287 5033 pollicetur:
3318 4972 3376 5017 ut

1786 5057 1945 5112 Pater
1968 5057 2251 5112 Jeremiam
2278 5054 2555 5124 alloquens
2579 5054 2808 5121 dicebat,
2848 5069 2907 5109 se
2947 5054 3187 5123 posuisse
3226 5053 3372 5108 illum

1784 5149 1921 5204 sicut
1948 5145 2248 5202 columnam
2276 5159 2470 5200 aeream
2500 5152 2553 5199 et
2572 5144 2707 5198 sicut
2732 5158 2941 5197 murum
2974 5144 2993 5212 (
3010 5142 3123 5196 Jer.
3151 5144 3201 5197 1.
3229 5142 3296 5198 18
3320 5144 3370 5214 );

1784 5240 1877 5296 sed
1900 5238 2045 5293 illum
2068 5238 2159 5292 uni
2189 5236 2355 5308 genti,
2383 5236 2524 5290 hunc
2543 5243 2722 5291 autem
2746 5233 2798 5288 in
2833 5232 3084 5288 universo
3110 5241 3371 5289 terrarum

1786 5334 1943 5391 orbe.
1964 5331 2217 5387 Libenter
2242 5343 2536 5401 quaererem
2554 5329 2625 5383 ab
2646 5329 2709 5384 iis
2751 5328 2840 5399 qui
2871 5327 3213 5382 imminutam
3254 5328 3370 5383 Filii

1788 5421 2112 5492 dignitatem
2136 5418 2349 5481 volunt,
2370 5432 2491 5486 qua:
2510 5416 2717 5484 majora
2740 5417 2852 5469 sint
2867 5416 3031 5483 dona,
3047 5433 3113 5472 an
3126 5434 3249 5490 qum
3265 5419 3369 5476 Pa-

1795 5521 1898 5575 ter,
1912 5527 1981 5566 an
1997 5526 2118 5582 quae
2132 5510 2302 5565 Filius
2316 5508 2477 5563 Petro
2490 5505 2801 5563 dedit.Nam
2818 5506 2977 5564 Pater
2986 5511 3365 5569 revelationem

1797 5604 1918 5658 Filii
1935 5603 2095 5659 Petro
2108 5602 2277 5670 dedit;
2304 5601 2475 5655 Filius
2492 5614 2622 5655 vero
2638 5608 2689 5653 et
2708 5598 2883 5655 Patris
2900 5610 2951 5655 et
2974 5602 3057 5657 sui
3082 5603 3253 5675 ipsius
3275 5619 3365 5659 co-

1796 5698 2091 5768 gnitionem
2131 5711 2226 5769 per
2241 5704 2415 5759 totum
2443 5694 2627 5752 orbem
2655 5692 2732 5749 illi
2755 5692 3113 5751 disseminare
3136 5697 3365 5751 commi-

3027 5809 3066 5869 5
