3908 6198
524 216 628 273 535

526 332 621 397 sit,
649 342 716 385 ac
752 320 971 381 mortali
1004 316 1215 375 homini
1252 327 1472 371 omnem
1505 310 1560 364 in
1602 306 1737 363 caelo
1772 310 2095 373 potestatem

527 422 698 489 dedit,
727 419 858 475 dum
906 416 1090 472 claves
1129 411 1209 466 illi
1239 407 1487 467 tradidit,
1538 404 1631 473 qui
1667 398 1965 454 Ecclesiam
2007 410 2101 462 per

532 524 707 570 totum
744 512 935 566 orbem
971 516 1239 561 terrarum
1266 499 1529 563 extendit,
1552 505 1608 550 et
1634 494 1781 549 etiis
1811 490 2103 544 ﬁrmiorem

535 605 863 662 monstravit
900 621 917 657 :
954 616 1081 656 nam
1129 598 1226 661 ait,
1260 595 1459 650 Caelum
1503 603 1553 645 et
1591 600 1731 643 terra
1762 585 2109 646 transibunt;

536 700 690 755 verba
720 709 895 751 autem
915 712 1031 748 utea
1053 708 1157 745 non
1176 688 1478 744 transibunt
1514 682 1711 753 (Haut.
1730 682 1821 735 ει.
1840 675 2110 743 55).Quo-

540 791 707 848 modo
731 804 863 861 ergo
890 788 1073 843 minor
1096 784 1147 838 is
1169 783 1262 852 qui
1290 781 1417 834 talia
1438 777 1606 841 dedit,
1628 775 1720 844 qui
1752 772 1878 826 talia
1901 770 2030 825 fecit
2050 768 2069 800 ⁸
2091 766 2116 820 2

545 885 669 941 llaec
703 898 866 954 porro
893 881 1040 943 dico,
1073 892 1179 931 non
1206 873 1359 941 quod
1384 870 1569 925 Patris
1605 879 1658 923 et
1680 866 1802 921 Filii
1830 878 1995 934 opera
2031 861 2118 914 di-

547 980 724 1032 vidam
750 995 765 1030 :
792 974 985 1030 Omnia
1008 972 1145 1025 enim
1167 984 1259 1038 per
1286 968 1457 1035 ipsum
1483 964 1631 1029 {acta
1646 968 1853 1022 sunt,et
1876 956 2118 1022 sineipso

549 1071 748 1140 factum
791 1080 867 1122 est
904 1064 1039 1119 nihil
1074 1060 1266 1132 (Joan.
1298 1062 1350 1114 I.
1379 1060 1469 1125 '5);
1520 1057 1613 1111 sed
1652 1064 1712 1108 ut
1751 1051 2121 1121 impudentem

552 1162 770 1217 illorum
788 1159 1028 1228 linguam
1045 1153 1357 1225 reprimam,
1372 1149 1467 1219 qui
1480 1148 1606 1202 talia
1625 1143 1870 1215 proferre
1880 1140 2117 1228 audent.

606 1256 660 1309 3.
702 1250 807 1306 Cur
847 1223 1077 1302 Christus
1106 1223 1235 1295 ante
1280 1249 1566 1307 passionem
1615 1245 1671 1284 se
1724 1242 1831 1281 esse
1864 1223 2127 1280 Christum

538 1341 828 1414 imulgari
869 1336 1103 1392 noluerit.
1134 1331 1275 1386 Petri
1317 1328 1531 1398 firmitas
1564 1331 1675 1393 post
1703 1333 1924 1414 crucem;
1952 1344 2022 1354 —
2044 1311 2127 1366 Ex

542 1403 627 1490 Itis
665 1403 913 1488 omnibus
947 1428 1063 1497 ejus
1102 1421 1394 1496 potentiam
1443 1412 1828 1472 animadverte.
1876 1406 1988 1478 Ego
2039 1403 2128 1457 tibi

538 1528 671 1590 dico,
703 1534 758 1577 tu
781 1539 835 1576 es
868 1496 1084 1581 Petrus;
1116 1530 1207 1585 ego
1250 1508 1513 1581 cedi/icabo
1560 1504 1841 1560 Ecetesimn
1866 1518 1883 1564 ;
1920 1514 2012 1570 ego
2041 1496 2131 1550 tibi

539 1618 669 1673 dabo
694 1616 858 1670 clares
875 1611 1136 1667 cwlontnt.
1171 1606 1234 1660 Et
1257 1605 1350 1660 20.
1374 1613 1513 1666 tunc,
1538 1614 1662 1654 cum
1709 1596 1826 1650 lucc
1870 1591 2128 1654 dixisset,

542 1710 777 1781 prccepit
805 1708 897 1767 eis,
919 1714 973 1758 ut
995 1701 1181 1757 nemini
1206 1698 1427 1751 dicerent
1446 1691 1580 1764 quod
1598 1692 1706 1760 ipse
1730 1682 2129 1741 esset-Christus.

544 1775 612 1860 Et
645 1775 742 1858 cur
771 1796 1061 1871 pmcepit?
1092 1792 1161 1848 llt
1185 1788 1454 1846 scandatis
1476 1784 1543 1839 de
1574 1780 1752 1837 medio
1772 1775 1995 1832 sublatis
2016 1812 2034 1840 ,
2079 1780 2136 1826 et

544 1909 705 1950 cruce
730 1904 893 1962 atque
916 1865 1056 1953 aliis,
1088 1901 1207 1955 qua:
1244 1894 1432 1953 passus
1459 1885 1564 1939 est,
1586 1868 1991 1933 consummatis,
2012 1865 2137 1921 nul-

548 1988 708 2055 loque
736 1956 949 2037 demum
976 1983 1230 2040 restante,
1252 1967 1394 2042 quod
1420 1968 1506 2023 vel
1527 1963 1829 2035 impediret,
1851 1957 1932 2013 vel
1961 1956 2140 2012 turba-

549 2053 634 2133 ret
663 2076 822 2130 ﬁdem
861 2074 914 2127 in
943 2071 1117 2142 ipsum
1157 2082 1188 2121 a
1233 2064 1417 2121 multis
1450 2066 1751 2128 susceptam
1775 2096 1792 2120 ,
1830 2053 2040 2107 sincera
2084 2057 2142 2103 et

553 2165 842 2222 immobilis
878 2138 1020 2218 circa
1064 2159 1239 2228 ipsum
1289 2152 1473 2225 opinio
1510 2150 1563 2204 in
1601 2146 1901 2202 auditorum
1948 2138 2144 2195 animis

557 2258 973 2328 imprimeretur.
998 2249 1241 2308 Nondum
1268 2245 1413 2301 enim
1440 2241 1609 2314 ipsius
1639 2239 1809 2293 virtus
1852 2234 1998 2291 clare
2039 2229 2144 2284 fulo

557 2322 723 2407 serat.
758 2348 986 2416 Ideoque
1015 2352 1141 2398 tunc
1171 2340 1241 2395 ab
1284 2338 1393 2393 illis
1432 2349 1551 2391 eam
1592 2327 1870 2403 prtedicari
1894 2322 2105 2380 volebat
2126 2362 2143 2387 ,

559 2459 683 2502 cum
710 2452 764 2498 et
792 2441 933 2495 clara
983 2450 1164 2492 rerum
1194 2432 1412 2495 veritas,
1454 2436 1513 2483 et
1551 2432 1823 2497 gestorum
1853 2418 1933 2473 vis
1957 2429 2148 2484 magna

560 2534 923 2606 apostolorum
953 2528 1111 2583 dictis
1131 2524 1610 2597 patrocinarentur.
1640 2514 1755 2571 Non
1775 2511 1925 2567 enim
1944 2505 2152 2578 aequale

562 2605 697 2699 erat,
733 2632 906 2700 ipsum
953 2625 1135 2680 videre
1174 2622 1227 2677 in
1268 2617 1549 2674 Palmtina
1595 2625 1736 2667 nunc
1777 2605 2030 2663 miracula
2061 2618 2154 2673 pa-

566 2736 815 2787 trantem,
839 2733 980 2775 nunc
1002 2712 1338 2773 contumeliis
1361 2710 1607 2764 aﬂecmm
1650 2712 1707 2761 et
1750 2701 1960 2773 pulsum
1985 2714 2002 2763 ;
2031 2711 2152 2752 cum

568 2816 796 2870 maxime
814 2826 943 2867 crux
971 2806 1225 2863 miracula
1247 2802 1335 2858 illa
1361 2806 1647 2869 exceptura
1668 2802 1845 2855 esset;
1877 2792 2157 2861 ipsumque

569 2906 872 2979 perspicere
902 2901 1026 2955 dum
1053 2896 1250 2966 ubique
1276 2903 1537 2949 terrarum
1558 2887 1894 2945 adoraretur,
1923 2880 2159 2948 ﬁdesque

570 3002 625 3054 in
652 2999 805 3053 illum
829 2996 1052 3064 vigeret,
1083 2988 1324 3058 nihilque
1364 2984 1500 3039 ultra
1531 2987 1803 3052 pateretur
1824 2988 2009 3031 eorum
2039 2985 2161 3041 qua:

571 3100 697 3146 ante
727 3103 915 3160 passus
941 3084 1133 3139 fuerat.
1163 3079 1291 3135 Ideo
1317 3073 1558 3148 prtecipit
1588 3081 1644 3126 ut
1670 3067 1869 3125 nemini
1910 3063 2158 3120 dicant’.

576 3183 712 3238 Nam
728 3156 885 3251 quod
928 3174 1093 3231 semel
1123 3171 1332 3227 radices
1356 3166 1556 3238 posuit,
1583 3163 1630 3218 si
1658 3169 1842 3232 postea
1870 3156 2162 3218 evellatur,

574 3245 794 3328 difﬁcile
821 3277 994 3340 potest
1013 3267 1207 3321 iterum
1232 3262 1525 3332 plantatum
1541 3254 1682 3326 apud
1709 3251 1907 3308 multos
1936 3245 2162 3310 ﬁrmari;

579 3364 723 3437 quod
762 3378 890 3417 vero
936 3367 1217 3430 postquam
1256 3350 1423 3408 semel
1470 3347 1708 3404 deﬁxum
1747 3352 1850 3408 est,
1890 3342 2166 3395 immotum

580 3431 781 3522 manet,
809 3451 1024 3509 nemine
1052 3445 1350 3502 molestiam
1379 3440 1641 3497 inferente
1668 3435 1823 3491 facile
1851 3431 2093 3503 pullulat,
2115 3437 2171 3483 et

581 3518 1163 3619 majusincrementum
1189 3533 1403 3602 accipit.
1426 3531 1557 3585 Nam
1587 3528 1633 3583 si
1662 3527 1699 3581 ii
1728 3525 1819 3596 qui
1842 3523 1990 3592 signa
2020 3518 2171 3573 vide-

584 3610 704 3695 ratit
729 3637 974 3708 plurima,
1007 3638 1064 3687 et
1090 3636 1171 3685 tot
1188 3622 1532 3682 ineﬂ'ahilium
1560 3616 1934 3690 mysteriorum
1956 3610 2173 3682 partici-

570 3748 680 3805 pes
703 3706 876 3793 erant,
906 3728 991 3782 vel
1021 3722 1136 3780 solo
1164 3718 1347 3775 auditu
1377 3711 1722 3771 scandalizati
1744 3716 1906 3772 sunt;
1932 3706 2040 3760 imo
2070 3717 2173 3758 non

588 3798 689 3893 ipsi
709 3820 833 3885 soli,
874 3817 969 3873 sed
998 3824 1054 3871 et
1096 3813 1291 3868 Petrus
1319 3806 1557 3862 omnium
1583 3800 1901 3875 coryphaeus
1928 3814 1942 3849 :
1974 3798 2177 3866 cogites

590 3887 749 3969 velim
775 3909 903 3981 quid
926 3904 1130 3978 passuri
1159 3908 1313 3958 erant
1332 3896 1568 3970 plurimi,
1599 3893 1645 3948 si
1671 3890 1978 3947 didicissent
2005 3887 2177 3956 ipsum

590 4020 710 4062 csse
738 4004 929 4060 Filium
958 3998 1077 4064 Dei,
1115 4005 1171 4051 et
1195 4001 1382 4067 postea
1408 3989 1668 4045 vidissent
1686 3999 1808 4040 eum
1838 3980 2095 4049 cruciﬁgi.
2126 3985 2182 4033 et

592 4098 762 4169 sputis
809 4093 1020 4159 fmdari,
1065 4104 1186 4145 cum
1235 4082 1613 4158 mysteriorum
1654 4073 1958 4147 huiusmodi
1984 4085 2181 4127 arcana

594 4166 697 4245 non
728 4195 973 4251 nossent,
1002 4180 1230 4238 necdum
1270 4177 1526 4248 Spiritum
1552 4179 1797 4228 sanetum
1820 4166 2177 4238 accepissent.

594 4281 729 4336 Nam
754 4279 798 4333 si
834 4273 1110 4345 discipulis
1138 4270 1354 4327 dicebat
1383 4285 1397 4321 :
1426 4265 1594 4320 Multa
1622 4261 1781 4316 habeo
1812 4258 1950 4313 vobis
1982 4257 2179 4321 dicere,

594 4372 682 4428 sed
714 4387 814 4425 non
836 4366 1043 4439 potestis
1065 4372 1267 4435 portare
1299 4358 1451 4414 ntodo
1496 4357 1517 4428 (
1534 4356 1693 4411 Joan.
1724 4353 1811 4408 16.
1844 4351 1943 4421 12)
1971 4365 1986 4403 :
2014 4347 2183 4403 multo

596 4464 765 4534 magis
792 4460 997 4531 reliqua
1024 4453 1312 4511 multitudo
1338 4448 1660 4514 decidisset,
1690 4446 1736 4502 si
1766 4452 1891 4500 ante
1928 4448 2186 4512 opportu-

597 4572 725 4610 num
755 4562 986 4622 tempus,
1016 4547 1159 4620 quod
1187 4549 1239 4601 in
1266 4545 1351 4601 his
1394 4540 1667 4615 mysteriis
1691 4550 1997 4609 supremum
2028 4541 2184 4599 erat,

600 4649 731 4718 ipsis
750 4645 1043 4701 revelatum
1070 4640 1281 4696 fuisset.
1311 4636 1515 4693 Idcirco
1555 4632 1672 4689 haec
1697 4630 1883 4687 dicere
1912 4625 2184 4699 prohibet.

602 4715 671 4795 Et
717 4748 774 4792 ut
815 4735 993 4791 discas
1019 4740 1277 4804 quantum
1305 4725 1563 4783 intererat
1604 4723 1819 4794 plenam
1863 4726 2047 4790 postea
2090 4715 2189 4770 do-

603 4831 830 4886 ctrinam
870 4826 1136 4895 accipere,
1164 4818 1446 4877 summotis
1485 4817 1550 4872 iis
1574 4830 1694 4886 quae
1722 4810 2044 4869 oﬂ‘endiculo
2068 4821 2190 4864 esse

604 4928 867 4993 poterant,
900 4918 952 4974 id
998 4916 1065 4971 ab
1102 4915 1221 4985 ipso
1265 4908 1552 4982 coryphazo
1576 4906 1779 4977 accipe.
1823 4903 1942 4974 Ipse
1961 4914 2191 4971 namque

605 5017 813 5079 Petrus,
841 5011 929 5083 qui
953 5016 1074 5082 post
1101 5015 1179 5062 tot
1205 5004 1460 5061 miracula
1490 5001 1627 5058 adeo
1677 4996 1975 5054 imbecillus
2022 5007 2195 5063 appa-

606 5107 731 5172 ruit,
754 5113 813 5160 ut
836 5110 1078 5173 negaret,
1100 5098 1367 5163 vilemque
1396 5093 1622 5165 puellam
1649 5090 1884 5156 timeret,
1910 5096 2191 5159 postquam

604 5213 779 5256 erucis
804 5203 1020 5267 peracto
1057 5191 1336 5265 mysterio,
1368 5184 1783 5243 resurrectionis
1808 5182 1983 5237 claras
2003 5176 2192 5233 habuit

608 5287 1115 5351 demonstrationes,
1146 5299 1269 5340 cum
1307 5280 1439 5337 nihil
1473 5279 1549 5334 illi
1586 5277 1723 5333 ultra
1753 5271 2073 5330 oll'endiculo
2101 5285 2195 5325 es-

612 5389 729 5451 set,
756 5380 890 5436 nihil
913 5395 1035 5436 eum
1066 5377 1325 5440 turbaret,
1352 5373 1430 5430 sic
1456 5373 1729 5428 immotam
1762 5367 1929 5423 tenuit
1966 5364 2197 5434 Spiritus

610 5476 930 5543 doctrinam,
971 5482 1032 5530 ut
1071 5468 1440 5529 vehementius
1479 5479 1640 5538 quam
1666 5464 1754 5520 leo
1796 5460 1849 5517 in
1890 5460 2196 5516 Jttdzeorum

646 5637 696 5697 γι
731 5612 1985 5700 ttorel..quomodoergominorisquitaliafecit?

681 5692 705 5725 ⁸
735 5698 863 5741 ttae.
878 5690 990 5741 tdeo
1011 5687 1234 5741 proripit
1252 5692 1306 5739 ια
1325 5681 1506 5737 nemini
1527 5680 1711 5741 dicunt,
1733 5679 1911 5732 desunt
1933 5678 1983 5726 in

1252 5673 1306 5739 id
1325 5681 1506 5737 nemini
1527 5673 1711 5746 dicunt,
1733 5673 1911 5732 desunt
1933 5678 1983 5726 in
1997 5673 2167 5726 Morel.

1227 197 1288 252 8.
1323 188 1609 251 JOANNIS
1635 180 2135 244 CHRYSOSTONI
2182 176 2494 234 ARCIIIEP.
2514 169 3049 230 CONSTANTINOP.

3688 163 3779 217 536

2218 295 2470 364 populum
2494 294 2743 351 irrueret,
2770 289 2869 343 etsi
2893 287 3123 359 pericula
3138 295 3198 341 et
3220 284 3367 338 mille
3394 294 3594 339 mortes
3624 285 3783 337 immt-

2214 397 2423 442 nereut.
2449 385 2614 438 Multa
2639 385 2770 438 enim
2794 383 2952 435 habeo
2982 381 3119 434 uobis
3151 380 3335 443 dicere,
3368 378 3559 445 inquit,
3587 375 3675 429 sed
3694 393 3784 429 non

2218 478 2423 547 potestis
2444 489 2649 546 portare
2675 473 2843 527 modo.
2870 471 3008 539 Quin
3037 471 3199 524 etiam
3227 469 3388 522 multa
3436 466 3506 519 ab
3546 466 3634 544 illo
3654 464 3786 519 diua

2218 586 2323 625 uou
2351 568 2747 638 iutelligebaut,
2785 536 2913 634 qum:
2948 572 3072 617 ante
3113 576 3326 615 eruam
3371 536 3647 613 manifesta
3693 575 3786 611 non

2218 664 2470 721 reddidit.
2504 663 2857 731 Posteaquam
2884 658 3041 728 igitur
3068 666 3457 720 resurrexerat,
3489 664 3617 707 tunc
3652 668 3790 721 qua:-

2218 758 2342 813 dam
2363 770 2551 811 eorum
2569 769 2690 823 quae
2714 752 2923 806 dixerat
2944 750 3340 805 intellexerunt.
3368 747 3499 802 lure
3516 759 3648 815 ergo
3667 746 3790 799 mul-

2223 852 2291 907 tis
2312 849 2585 919 praacepit,
2610 862 2680 902 ne
2707 844 2836 900 illud
2866 854 2991 900 ante
3008 843 3186 898 crucis
3212 840 3513 912 passionem
3542 838 3797 903 dicereut,

2222 944 2438 1015 quando
2464 957 2535 996 ne
2558 954 2721 995 ausus
2746 938 2959 1010 quidem
2997 947 3079 993 est
3102 936 3191 1001 iis,
3219 934 3312 1005 qui
3338 943 3523 1003 pnswa
3552 929 3800 1003 pudica.

2226 1037 2330 1091 turi
2359 1043 2543 1098 erant,
2591 1032 2771 1088 omnia
2812 1041 2937 1085 ante
2975 1044 3189 1084 crucem
3230 1028 3457 1097 aperire.
3498 1025 3591 1080 20.
3638 1023 3717 1078 Ex
3748 1041 3801 1077 eo

2227 1139 2451 1200 tempore
2470 1127 2619 1196 coepit
2640 1124 2792 1179 Iesus
2818 1124 2941 1193 ipsis
2963 1121 3242 1184 ostendere,
3268 1118 3400 1190 quod
3424 1126 3678 1188 oporteret
3704 1132 3804 1168 eant

2230 1221 2357 1291 pati.
2385 1219 2464 1274 Ex
2491 1232 2723 1289 quonam
2754 1212 3035 1285 tempore?
3056 1212 3189 1267 Cum
3236 1212 3338 1265 hoc
3379 1210 3577 1280 dogma
3621 1209 3677 1263 in
3715 1209 3806 1261 illis

2232 1311 2490 1375 inseruit;
2520 1324 2643 1364 cum
2666 1308 2903 1379 gentium
2929 1305 3135 1359 initium
3158 1301 3381 1358 induxit.
3412 1302 3483 1356 At
3528 1314 3712 1368 neque
3742 1300 3809 1353 sic

2234 1407 2286 1462 id
2327 1403 2471 1476 quod
2498 1402 2775 1459 dicebatur
2803 1400 3184 1456 intellexerunt
3214 1416 3227 1449 :
3262 1396 3385 1451 Sest
3400 1396 3579 1458 enim,
3618 1394 3808 1462 inquit,

2234 1497 2560 1554 absconditus
2605 1512 2771 1550 sermo
2797 1495 2862 1547 ab
2892 1494 2966 1547 eis
2993 1491 3159 1562 (Luc.
3194 1491 3281 1546 I8.
3308 1491 3446 1559 3b);
3485 1498 3549 1544 et
3591 1487 3744 1557 quasi
3769 1487 3811 1540 in

2236 1592 2563 1648 obscuritate
2581 1588 2809 1659 quadam
2832 1586 3199 1649 versabantur,
3234 1582 3540 1637 nescientes
3583 1596 3709 1634 eum
3739 1594 3812 1633 re-

2237 1695 2600 1742 surrecwrum
2621 1697 2761 1739 esse.
2792 1682 3130 1749 Quapropter
3159 1679 3210 1730 in
3232 1676 3349 1730 istis
3386 1672 3702 1729 difﬁcilibus
3727 1671 3815 1724 im-

2240 1788 2518 1843 moratur,
2563 1786 2619 1831 et
2653 1788 2955 1831 sermonem
2988 1772 3312 1842 ampliﬁcat,
3344 1779 3401 1824 ut
3442 1768 3552 1823 illis
3596 1777 3815 1822 ηιειιιρω

2240 1871 2465 1941 aperiat,
2494 1878 2552 1924 et
2590 1866 2887 1937 intelligant
2911 1863 3037 1935 quid
3062 1864 3133 1917 sit
3156 1861 3284 1917 illud
3313 1860 3457 1931 quod
3478 1858 3700 1915 dicitur.
3729 1856 3817 1911 Ve-

2243 1978 2363 2018 rum
2395 1961 2516 2016 Non
2543 1958 2921 2022 intellmrunt,
2949 1957 3037 2012 sed
3064 1964 3171 2011 erat
3197 1955 3550 2009 absconditus
3569 1951 3698 2021 ipsis
3725 1968 3819 2004 w-

2244 2055 2363 2109 bttnt
2383 2054 2519 2109 istud
2542 2051 2839 2125 (Ibidem);
2879 2064 2980 2105 nec
3013 2048 3281 2104 audebant
3306 2047 3453 2101 illum
3480 2046 3820 2113 interrogare.

2248 2162 2355 2203 non
2385 2154 2559 2200 utrum
2588 2153 2732 2200 esset
2760 2142 3072 2207 moriturus,
3101 2140 3196 2195 sed
3233 2138 3505 2210 quomodo
3529 2146 3592 2191 et
3617 2150 3725 2205 qua
3751 2152 3822 2188 ra-

2246 2239 2415 2295 tione.
2441 2238 2517 2293 Et
2556 2236 2684 2307 quid
2720 2244 2839 2291 erat
2880 2235 2982 2291 hoc
3009 2233 3357 2306 mysterium?
3380 2230 3496 2286 Non
3526 2230 3678 2283 enim
3704 2226 3826 2281 scie-

2252 2330 2398 2395 bant,
2428 2330 2555 2400 quid
2576 2336 2721 2383 esset
2737 2340 3037 2395 resurgere,
3068 2324 3343 2393 multoque
3362 2322 3562 2376 mdius
3586 2318 3826 2389 putabant

2251 2440 2373 2480 esse
2425 2439 2529 2479 non
2575 2422 2733 2477 mori.
2767 2420 2993 2489 Ideoque
3011 2419 3129 2473 aliis
3157 2417 3406 2471 omnibus
3431 2411 3763 2484 perturbatis
3784 2424 3827 2462 ac

2254 2514 2639 2579 dubitantibus,
2670 2527 2882 2567 rursum
2912 2510 3122 2572 Petrus.
3178 2516 3360 2577 utpote
3400 2506 3619 2560 fervens
3641 2544 3660 2567 ,
3708 2504 3829 2556 solus

2248 2621 2419 2660 ausus
2443 2615 2521 2659 est
2556 2605 2653 2659 hac
2677 2602 2745 2658 de
2771 2618 2829 2657 re
2858 2602 3001 2671 loqui
3029 2618 3044 2653 :
3073 2615 3245 2670 neque
3272 2608 3449 2652 tamen
3490 2596 3736 2665 publice,
3760 2592 3833 2646 sed

2259 2711 2502 2753 seorsum
2527 2714 2541 2760 ;
2574 2695 2623 2750 id
2654 2705 2757 2759 est,
2787 2694 2854 2748 ab
2882 2693 3000 2747 aliis
3027 2702 3263 2746 semotus
3283 2688 3604 2757 discipulis;
3638 2688 3831 2756 aitque:

2259 2790 2349 2844 22.
2383 2789 2646 2859 Propitius
2672 2788 2757 2840 tibi
2795 2788 2885 2853 sis,
2916 2784 3150 2847 Domine,
3197 2800 3295 2836 non
3334 2783 3427 2835 erit
3451 2780 3545 2833 tibi
3574 2780 3697 2832 hoc.
3726 2778 3832 2846 Quid

2264 2885 2367 2938 hoc
2387 2884 2507 2937 est?
2549 2882 2639 2951 qui
2669 2878 3048 2937 revelationetn
3074 2876 3276 2937 habuit,
3328 2873 3419 2942 qui
3448 2872 3650 2927 beatus
3673 2870 3835 2940 pradi-

2264 2985 2416 3032 eatus
2441 2984 2543 3038 est,
2571 2974 2656 3026 hic
2694 2970 2873 3025 subito
2914 2969 3094 3039 lapsus
3115 2965 3330 3026 cecidit,
3358 2965 3430 3017 ita
3459 2974 3521 3017 ut
3552 2962 3833 3032 passionem

2266 3068 2428 3123 etiam
2455 3063 2782 3119 titncrctiet
2807 3060 2935 3131 quid
2960 3061 3175 3121 mirum,
3216 3057 3260 3110 si
3300 3055 3367 3119 is,
3409 3054 3501 3124 qui
3545 3053 3653 3107 hac
3694 3050 3761 3104 de
3798 3064 3836 3102 re

2270 3176 2375 3214 non
2400 3165 2683 3225 acceperat
2722 3153 3124 3215 revelationcm.
3170 3149 3222 3204 id
3266 3161 3453 3218 passus
3472 3146 3586 3201 sit?
3621 3143 3694 3199 Ut
3725 3142 3835 3197 enim

2270 3251 2447 3307 discas
2473 3250 2622 3305 illum
2650 3262 2712 3303 ea
2741 3262 2861 3316 qua:
2885 3259 3045 3314 supra
3072 3242 3213 3297 dicta
3240 3249 3363 3296 sunt
3406 3254 3518 3293 non
3548 3253 3619 3292 ex
3650 3252 3712 3290 se
3743 3250 3835 3305 pro

2274 3344 2499 3410 tulisse,
2531 3341 2651 3397 vide
2691 3337 2958 3410 quomodo
2978 3337 3030 3390 in
3052 3335 3137 3389 his
3168 3348 3287 3404 qua:
3325 3330 3428 3386 sibi
3467 3330 3722 3385 revelata
3763 3342 3834 3379 non

2274 3436 2519 3500 fuerant,
2566 3432 2807 3489 turbetur
2848 3438 2906 3484 et
2941 3433 3244 3490 evertatur,
3290 3432 3345 3478 ct
3371 3421 3574 3475 millies
3604 3418 3835 3473 audienda

2278 3544 2386 3585 non
2415 3527 2623 3583 noverit
2658 3524 2785 3596 quid
2809 3522 3092 3579 diceretur.
3123 3518 3254 3573 Nam
3278 3515 3421 3587 quod
3461 3514 3640 3569 Filius
3672 3512 3761 3566 Dei
3782 3527 3836 3563 es

2278 3632 2381 3687 set,
2408 3620 2461 3676 id
2484 3627 2631 3676 certe
2651 3624 2903 3680 noverat;
2930 3614 3053 3684 quid
3075 3622 3253 3666 autem
3273 3611 3342 3665 sit
3360 3606 3687 3679 mysterium
3704 3604 3837 3659 antis

2277 3723 2333 3770 et
2349 3709 2775 3783 resurrectionis.
2794 3706 3029 3762 nondum
3043 3704 3143 3774 ipsi
3163 3703 3308 3759 clare
3327 3710 3513 3754 notum
3536 3707 3682 3754 erat.
3698 3698 3835 3751 Seras

2279 3804 2650 3874 enim,inquit,
2668 3812 2776 3857 erat
2796 3800 2918 3872 ipsis
2943 3798 3185 3852 occultus.
3215 3793 3376 3849 Vides
3399 3793 3554 3847 illum
3568 3791 3697 3860 jure
3724 3804 3835 3842 tuan-

2282 3897 2461 3963 dasse,
2492 3910 2562 3950 ne
2588 3894 2707 3947 aliis
2725 3888 3001 3945 dicerent?
3023 3887 3153 3942 Nam
3187 3885 3234 3941 si
3264 3898 3357 3939 eos
3389 3898 3530 3953 quos
3558 3882 3611 3935 id
3640 3879 3839 3935 ediscm

2283 3988 2645 4045 necessarium
2675 3995 2795 4041 erat
2830 3986 2899 4038 ita
2936 3980 3193 4044 turbavit,
3228 3977 3352 4049 quid
3388 3993 3497 4031 non
3523 3977 3672 4045 passi
3700 3984 3842 4028 essent

2284 4081 2503 4139 caeteri?
2523 4080 2640 4150 Ipse
2659 4094 2786 4133 vero
2804 4085 2863 4131 ut
2887 4073 3196 4131 ostenderet
3214 4087 3273 4125 se
3296 4085 3401 4124 non
3420 4069 3651 4122 invitum
3670 4066 3734 4120 ad
3752 4080 3842 4133 pas-

2286 4178 2493 4232 sionem
2506 4174 2711 4237 venire,
2728 4169 3017 4239 increpavit
3031 4167 3265 4230 Petrum,
3278 4172 3388 4218 sata
3396 4176 3636 4230 namque
3650 4162 3840 4212 vneam

2355 4271 2409 4326 4.
2450 4269 2528 4323 De
2563 4282 2711 4322 cruce
2741 4263 2926 4321 Christi
2962 4277 3064 4316 non
3088 4255 3497 4314 erubescendum.
3527 4256 3673 4311 Crux
3693 4256 3844 4326 quatit:

2288 4374 2395 4418 tum
2420 4362 2616 4433 publice
2644 4371 2749 4413 tum
2776 4356 3011 4429 privatim
3033 4353 3277 4407 adhibita.
3300 4380 3371 4390 —
3395 4350 3638 4404 Audiant
3686 4347 3768 4417 qui
3800 4344 3843 4394 de

2287 4472 2447 4515 cruce
2481 4454 2681 4512 Christi
2716 4452 3058 4508 erubescunt.
3086 4446 3292 4503 Etenim
3322 4444 3367 4499 si
3406 4442 3734 4513 coryphaequ
3766 4441 3841 4491 ille.

2289 4558 2575 4620 antequam
2616 4544 2795 4600 omnia
2837 4542 3004 4613 probe
3043 4539 3240 4603 sciret,
3280 4534 3423 4607 quod
3470 4534 3570 4588 tali
3614 4540 3754 4588 esset
3788 4528 3842 4579 at-

2291 4642 2455 4706 fectu,
2483 4649 2700 4695 satanas
2724 4634 3025 4707 appellatus
3051 4639 3154 4697 est,
3184 4645 3342 4701 quam
3386 4627 3610 4682 veniam
3640 4640 3841 4678 merean-

2292 4744 2382 4789 tur
2418 4732 2498 4788 illi
2537 4730 2649 4801 qui,
2689 4735 2811 4798 post
2854 4733 3055 4781 tantam
3092 4718 3641 4781 demonstrationem,
3673 4728 3843 4770 metm-

2294 4828 2455 4883 miam
2485 4820 2721 4894 negant?
2744 4818 2966 4887 Quando
2990 4816 3133 4872 enim
3159 4813 3240 4868 vir
3256 4811 3344 4883 qui
3372 4811 3570 4865 beatus
3593 4808 3843 4879 appellatas

2295 4930 2396 4985 est,
2426 4917 2517 4989 qui
2547 4915 2704 4971 talem
2732 4910 2950 4983 protulit
2990 4906 3401 4968 confessionem,
3433 4902 3553 4955 lucc
3584 4911 3754 4955 tamen
3781 4911 3844 4949 aa-

2295 5012 2396 5079 dit,
2423 5011 2478 5066 in
2506 5009 2687 5064 animo
2718 5015 2902 5074 reputa
2930 5008 3127 5071 quanta
3157 4996 3363 5067 passuri
3394 4994 3505 5049 sint
3549 4996 3609 5057 ii,
3651 4994 3733 5062 qui
3761 5002 3844 5060 post

2300 5107 2399 5161 ista
2426 5100 2740 5173 mysterium
2764 5096 2941 5152 crucis
2968 5089 3321 5161 vilipendunt.
3340 5087 3456 5141 Non
3482 5086 3645 5150 dixit,
3670 5083 3846 5138 Satanas

2301 5212 2397 5268 per
2420 5205 2473 5250 te
2502 5195 2751 5262 loquutus
2791 5196 2908 5253 est;
2938 5184 3051 5249 scd,
3082 5182 3174 5237 25.
3214 5179 3355 5233 Vade
3383 5188 3498 5246 post
3532 5194 3635 5242 me,
3666 5186 3842 5229 sum

2300 5282 2433 5345 Nam
2460 5284 2706 5357 cupiebat
2732 5277 3069 5335 adversarius
3098 5283 3154 5328 ut
3181 5273 3427 5327 Christus
3449 5284 3560 5324 non
3583 5276 3841 5340 patenter:

2305 5382 2427 5440 ideo
2466 5380 2544 5435 sic
2570 5377 2914 5431 vehementer
2952 5366 3263 5435 increpavit,
3294 5363 3437 5434 quod
3476 5361 3712 5415 maxime
3732 5356 3844 5411 scuti

2303 5488 2360 5534 et
2389 5476 2535 5532 illum
2561 5480 2617 5528 et
2644 5470 2777 5524 alios
2804 5471 2903 5522 hoc
2929 5466 3101 5533 ipsum
3131 5458 3339 5521 timere,
3365 5468 3549 5524 neque
3578 5453 3731 5507 facile
3754 5448 3845 5501 illiti

2308 5568 2611 5623 admittere.
2662 5560 2998 5629 Quapropter
3039 5551 3234 5607 mentis
3291 5549 3411 5616 ejus
3455 5559 3652 5600 arcana
3697 5538 3846 5596 revehi

2313 5662 2498 5716 dicens
2524 5676 2539 5711 :
2569 5652 2692 5710 Non
2716 5628 2854 5723 sapis
2880 5664 2939 5704 ea
2967 5660 3081 5716 quc
3116 5642 3211 5697 Det
3233 5648 3371 5707 sunt,
3393 5638 3484 5693 sed
3512 5653 3575 5690 ea
3598 5650 3708 5704 qu
3728 5628 3841 5684 hui
