3908 6198
286 340 388 393 537

285 471 428 507 num.
449 453 587 521 Quid
619 469 777 521 porro
799 453 928 509 illud
956 464 1059 519 est,
1090 452 1206 507 Non
1235 453 1376 524 sapis
1396 469 1454 507 ea
1482 469 1596 525 qua:
1622 452 1715 507 Dei
1733 462 1869 517 sunt,

286 551 376 601 sed
404 565 461 601 ea
490 563 602 612 qua:
640 548 899 601 hominum
921 549 947 603 2
971 548 1065 603 ille
1110 547 1342 602 humano
1386 557 1439 601 et
1466 556 1678 603 terreno
1706 546 1875 601 ratio-

284 641 427 693 cinio
454 656 564 694 rem
595 641 925 707 examinans,
974 642 1190 709 putabat
1234 641 1284 696 id
1311 640 1526 696 Christo
1568 650 1722 711 turpe
1756 655 1875 696 esse

283 744 336 787 et
368 732 701 788 indecorum.
745 733 919 803 Ipsum
962 734 1139 806 itaque
1176 751 1403 803 carpens
1446 736 1557 789 ait:
1590 734 1704 790 Non
1736 736 1875 791 inde-

284 837 469 876 corum
501 833 585 878 est
610 840 695 879 me
722 825 863 893 pati:
888 824 979 880 sed
1005 834 1056 879 tu
1087 825 1285 880 carnali
1306 825 1870 893 consilioitajudicas:

283 915 375 983 qui
406 914 450 968 si
476 914 766 971 secundum
790 916 957 971 Deum
983 916 1123 971 dicta
1141 918 1401 981 audisses,
1424 934 1451 972 a
1481 918 1680 973 carnali
1696 920 1875 972 animo

283 1008 583 1078 expeditus,
614 1008 781 1065 scires
811 1009 862 1065 id
890 1025 977 1065 me
1001 1011 1232 1066 maxime
1258 1011 1452 1069 decere
1477 1028 1491 1077 ;
1522 1013 1749 1068 tu-euim
1778 1029 1872 1083 pn-

286 1112 387 1165 tas,
421 1100 689 1172 indignam
720 1117 834 1157 rem
859 1116 998 1169 esse,
1043 1103 1088 1158 si
1131 1103 1184 1158 id
1225 1119 1324 1173 ego
1371 1105 1576 1173 patiar:
1611 1120 1710 1175 ego
1745 1120 1874 1160 vero

285 1195 408 1249 dico
434 1195 551 1258 tibi,
581 1195 776 1251 diaboli
806 1197 1133 1251 voluntatem
1155 1212 1275 1252 esse
1306 1206 1360 1251 ut
1388 1212 1487 1269 ego
1517 1212 1620 1251 non
1655 1198 1825 1267 patiar
1856 1214 1870 1251 ι

283 1306 351 1343 ex
398 1289 681 1344 contrariis
725 1289 1136 1345 sollicitudinem
1189 1290 1307 1358 ejus
1347 1290 1691 1358 reprimebat.
1724 1289 1875 1345 Sicut

282 1381 426 1433 enim
457 1379 717 1434 Joannem
745 1381 833 1450 qui
863 1380 1136 1451 indignum
1167 1380 1381 1434 Christo
1409 1380 1627 1450 putabat
1648 1396 1789 1445 esse,
1827 1382 1871 1435 si

282 1470 350 1524 ab
362 1484 419 1525 se
437 1469 818 1542 baptizaretur,
834 1470 896 1525 ad
920 1470 972 1525 id
992 1470 1291 1526 faciendum
1316 1470 1519 1525 induxit
1535 1471 1755 1526 dicens:
1784 1472 1874 1525 Sic

282 1564 422 1617 decet
469 1580 558 1616 nos
586 1562 800 1634 (Matth.
849 1565 901 1619 ὅ.
948 1562 1073 1634 15);
1116 1572 1168 1617 et
1217 1563 1314 1632 ipsi
1364 1563 1519 1617 Petro
1562 1564 1722 1632 pedes
1747 1578 1873 1618 suos

284 1657 461 1710 lavare
491 1655 788 1725 prohibenti
815 1656 965 1721 dixit,
1004 1655 1120 1710 Non
1143 1656 1293 1709 habes
1316 1666 1508 1725 portent
1530 1672 1742 1719 mecum,
1776 1657 1876 1709 nisi

282 1747 435 1815 pedes
480 1758 591 1802 tuos
630 1747 796 1802 lavero
827 1746 1004 1818 (Joan.
1041 1748 1128 1802 15.
1157 1745 1227 1819 8)
1266 1748 1384 1803 :sic
1419 1758 1471 1801 et
1510 1747 1611 1801 hoc
1649 1748 1765 1802 loco
1806 1762 1873 1802 ex

281 1840 565 1893 contrariis
594 1841 766 1911 ipsum
794 1840 1070 1910 repressit,
1098 1849 1151 1897 et
1182 1840 1561 1910 iuerepationis
1582 1840 1870 1895 vehemen-

283 1933 352 1985 tia
388 1932 634 1987 timorem
662 1933 925 2002 passionis
958 1932 1230 1987 exstinxit.
1272 1932 1550 1987 Neminem
1580 1932 1738 2003 igitur
1777 1948 1875 2001 pu-

280 2025 407 2079 deat
447 2025 835 2080 lionorabilium
868 2024 1056 2079 salutis
1097 2034 1295 2080 nostra:
1334 2024 1719 2095 symbolorum,
1753 2040 1872 2094 qua:

280 2126 408 2170 sunt
434 2126 595 2186 caput
634 2117 916 2178 bonorum,
961 2133 1055 2186 per
1079 2133 1199 2187 qua:
1225 2116 1473 2181 vivimus,
1506 2132 1600 2186 per
1638 2132 1756 2187 qua:
1783 2132 1872 2173 su-

281 2224 441 2264 mus:
467 2209 560 2265 sed
592 2225 803 2265 erucem
829 2208 1023 2265 Christi
1056 2211 1203 2282 quasi
1244 2226 1496 2266 coronam
1526 2210 1870 2265 circumfera-

280 2316 440 2368 mus;
473 2317 568 2371 per
587 2318 705 2357 eam
734 2302 875 2358 enim
905 2303 1082 2357 omnia
1108 2318 1228 2374 qua:
1254 2302 1320 2357 ad
1350 2317 1446 2357 nos
1472 2310 1716 2372 spectant
1745 2317 1870 2371 per-

278 2395 553 2450 ﬁciuntur.
607 2395 662 2451 Si
727 2397 1033 2466 regenerari
1082 2406 1372 2467 oporteat,
1421 2411 1552 2453 crux
1594 2395 1779 2460 adest;
1826 2396 1870 2451 si

278 2487 509 2557 mystico
530 2486 623 2541 illo
644 2486 762 2541 cibo
785 2488 993 2552 nutriri,
1012 2488 1055 2541 si
1075 2487 1330 2553 ordinari,
1355 2497 1409 2543 et
1431 2489 1473 2543 si
1497 2487 1705 2559 quidvis
1728 2488 1871 2543 aliud

277 2578 607 2647 faciendum,
636 2580 832 2652 ubique
858 2582 1012 2636 nobis
1055 2581 1205 2636 adest
1243 2580 1345 2637 hoc
1385 2581 1621 2637 victoriae
1657 2583 1872 2654 symbo-

278 2672 412 2726 lutn.
442 2671 644 2726 Idcirco
668 2682 722 2727 et
748 2672 912 2738 domi,
942 2682 997 2728 et
1022 2672 1072 2727 in
1104 2673 1412 2742 parietibus,
1441 2673 1569 2729 etin
1599 2673 1868 2739 fenestris,

276 2773 336 2843 et
365 2765 415 2819 iu
440 2764 612 2821 fronte
638 2765 765 2820 etin
799 2777 998 2832 mente,
1032 2766 1174 2821 illam
1213 2781 1332 2821 cum
1379 2766 1543 2821 multo
1580 2766 1756 2822 studio
1778 2766 1871 2821 de-

280 2857 570 2928 pingimus.
621 2857 733 2912 Hoc
781 2858 976 2929 quippe
1027 2858 1235 2928 signum
1288 2868 1370 2914 est
1419 2868 1617 2915 nostrae
1660 2860 1868 2927 salutis,

276 2950 582 3004 communis
609 2949 890 3014 libertatis,
915 2959 970 3004 et
991 2950 1416 3005 mansuetudinis
1444 2951 1652 3005 Domini
1682 2968 1695 3005 :
1722 2949 1871 3007 Sicut

276 3043 387 3096 oris
429 3043 571 3097 enim
613 3042 681 3095 ad
709 3043 1005 3095 occisionem
1042 3042 1219 3096 ductus
1244 3051 1315 3096 est
1365 3041 1500 3115 (Act.
1529 3042 1583 3098 8.
1616 3041 1705 3098 52.
1740 3040 1868 3097 Isai.

277 3136 371 3190 53.
405 3136 479 3205 7).
508 3134 640 3189 Cum
674 3134 829 3204 igitur
868 3144 921 3189 te
953 3133 1151 3203 signas,
1193 3142 1360 3189 totum
1392 3133 1565 3189 crucis
1590 3149 1872 3203 argumen-

279 3240 396 3283 tum
423 3230 615 3299 cogita,
645 3228 925 3299 exstingue
943 3229 1073 3282 iram
1098 3243 1392 3296 omnesque
1413 3243 1603 3297 pravos
1626 3226 1868 3282 aﬂ‘ectus.

279 3324 413 3375 Cum
444 3330 493 3376 te
520 3323 719 3392 signas,
750 3321 914 3375 multa
945 3320 1134 3375 ﬁducia
1170 3321 1401 3374 frontem
1431 3327 1576 3373 tuam
1606 3319 1773 3389 reple,
1805 3318 1870 3371 li-

280 3417 467 3469 beram
500 3413 658 3467 facito
684 3415 936 3467 animam.
968 3411 1128 3467 Scitis
1160 3413 1316 3481 plane
1344 3426 1587 3482 quaenam
1617 3411 1725 3466 sint
1752 3414 1873 3479 qua:

280 3505 581 3559 libertatem
608 3504 763 3559 nobis
785 3504 1009 3573 pariant.
1034 3501 1159 3557 Ideo
1179 3502 1373 3557 Paulus
1395 3500 1458 3555 ad
1488 3501 1537 3555 id
1567 3515 1663 3555 uos
1679 3500 1873 3555 coher-

284 3608 424 3663 taus,
454 3597 557 3653 hoc
581 3605 662 3652 est
682 3596 751 3651 ad
776 3596 1072 3651 libertatem
1102 3594 1254 3650 nobis
1270 3603 1671 3665 congruentem,
1697 3592 1873 3648 crucis

280 3704 340 3745 et
382 3688 656 3760 sanguinis
696 3687 947 3743 dominici
989 3687 1260 3742 mentione
1320 3685 1492 3752 facta,
1538 3684 1616 3740 sic
1668 3683 1869 3739 habet:

287 3781 482 3847 Pretio,
512 3781 702 3852 inquit,
735 3781 891 3851 empti
916 3780 1077 3843 estis;
1118 3797 1180 3834 ne
1207 3780 1316 3833 sitis
1354 3778 1483 3833 servi
1510 3777 1770 3831 hominum
1794 3777 1870 3848 (l.

281 3877 406 3933 Cor.
439 3877 491 3930 7.
516 3877 632 3946 25).
664 3875 870 3944 Cogita,
902 3874 1074 3944 inquit
1096 3914 1111 3939 ,
1150 3874 1375 3944 pretium
1418 3887 1512 3942 pro
1541 3880 1594 3926 te
1620 3885 1871 3926 numera-

284 3980 419 4036 tum,
448 3977 605 4039 atque
636 3967 832 4023 nullius
862 3966 1093 4021 hominis
1112 3965 1218 4020 eris
1243 3978 1459 4030 servus;
1493 3962 1723 4033 pretium
1744 3975 1874 4016 vero

280 4076 501 4117 crucem
542 4066 718 4115 vocat.
766 4057 952 4129 Neque
985 4056 1127 4112 enim
1173 4055 1488 4126 simpliciter
1532 4053 1678 4109 illam
1708 4052 1873 4124 digito

282 4156 571 4212 eiformare
597 4162 828 4224 oportet,
862 4152 956 4208 sed
987 4152 1131 4223 prius
1152 4150 1425 4205 voluntate
1452 4157 1505 4202 et
1543 4147 1705 4205 multa
1747 4144 1869 4200 ﬁde.

280 4248 340 4304 Si
395 4246 498 4301 hoc
544 4245 704 4301 modo
756 4245 902 4300 illam
943 4238 1173 4298 in'l'acie
1212 4251 1299 4296 tua
1341 4238 1668 4309 depinxeris,
1697 4236 1874 4292 nullus

284 4343 615 4411 impurorum
658 4339 961 4394 daamonum
1006 4344 1191 4391 contra
1234 4342 1286 4389 te
1326 4340 1472 4387 stare
1513 4329 1723 4399 poterit,
1750 4342 1873 4383 eum

282 4452 473 4493 ensem
525 4434 703 4490 videat
740 4448 847 4504 quo
878 4431 1066 4485 vulnus
1108 4427 1331 4497 accepit,
1370 4440 1491 4480 cum
1526 4423 1759 4495 gladium
1792 4422 1875 4473 vi-

282 4530 414 4585 deat
438 4544 542 4597 quo
563 4525 707 4581 letali
746 4523 900 4594 plaga
928 4506 1200 4591 perfossus
1227 4525 1331 4573 est.
1375 4514 1432 4571 Si
1461 4529 1557 4569 nos
1585 4513 1729 4568 enim
1758 4511 1873 4566 loca

285 4621 538 4675 videntes
577 4618 667 4672 ubi
716 4616 790 4669 rei
833 4613 1130 4677 caeduntur,
1176 4606 1667 4680 perhorrescimus,
1700 4602 1873 4672 cogita

282 4712 416 4781 quid
462 4708 671 4781 passuri
714 4709 822 4762 sint
863 4704 1107 4761 diabolus
1147 4712 1201 4758 et
1226 4700 1521 4766 dannones,
1553 4697 1714 4752 telum
1744 4694 1875 4749 illud

287 4804 553 4866 videntes,
592 4816 698 4871 quo
724 4798 967 4854 Christus
998 4804 1163 4850 totam
1201 4794 1408 4848 illorum
1440 4789 1730 4860 potentiam
1769 4788 1878 4843 sol-

285 4898 385 4960 vit,
414 4893 767 4962 dracouisque
794 4897 956 4959 caput
998 4886 1245 4942 abscidit.
1276 4883 1354 4939 Ne
1380 4883 1558 4953 itaque
1596 4888 1648 4935 te
1683 4878 1878 4950 pudeat

287 4990 424 5044 tanti
464 4984 666 5056 accepti
711 4982 859 5050 boui,
900 4996 967 5036 ue
1004 4979 1274 5034 Christum
1317 4975 1392 5030 tui
1442 4972 1639 5045 pudeat
1663 4970 1877 5041 quando

285 5080 468 5135 veniet
493 5092 615 5133 cum
641 5074 813 5146 gloria
838 5087 955 5135 sua,
994 5081 1047 5126 et
1074 5070 1177 5124 hoc
1203 5068 1413 5139 signum
1453 5072 1579 5121 ante
1602 5062 1875 5119 Christum

287 5171 557 5227 videbitur
610 5167 739 5239 ipsis
791 5164 1054 5221 solaribus
1111 5159 1274 5216 radiis
1324 5155 1676 5228 splendidius.
1729 5153 1879 5210 'l‘uuc

286 5266 436 5321 enim
465 5278 597 5319 crux
623 5259 818 5323 veniet,
848 5263 1139 5325 conspectu
1177 5268 1276 5309 suo
1303 5266 1489 5307 vocem
1525 5249 1793 5311 emittens,
1827 5257 1881 5302 et

287 5358 551 5411 adversus
595 5353 779 5407 orbem
825 5358 990 5404 totum
1042 5361 1257 5405 causam
1311 5344 1517 5400 Domini
1562 5340 1876 5407 defendens,

289 5450 695 5515 ostendensque
740 5442 874 5499 nihil
915 5457 981 5496 ex
1012 5442 1129 5511 ejus
1176 5447 1326 5509 parte
1368 5434 1622 5491 defuisse.
1667 5433 1778 5487 lloc
1805 5432 1880 5486 si-

285 5558 456 5612 gnum
486 5549 542 5593 et
568 5536 830 5608 majorum
858 5543 1163 5589 nostrorum
1209 5539 1448 5598 tempore
1472 5536 1526 5582 et
1554 5539 1669 5580 aevo
1697 5533 1883 5579 nostro

283 5634 505 5690 clausas
521 5629 730 5700 aperuit
742 5627 962 5698 jauuas;
984 5624 1084 5679 hoc
1100 5624 1308 5693 signum
1324 5629 1581 5675 venenata
1598 5616 1884 5687 pharmaca

292 5724 581 5787 exstinxit;
632 5721 732 5775 hoc
757 5719 942 5774 cicutae
972 5717 1076 5771 vim
1120 5714 1310 5779 solvit;
1359 5711 1459 5766 hoc
1501 5718 1895 5792 venenatarunr

296 5821 531 5876 terarum
554 5826 762 5869 morsus
776 5808 998 5869 curavit.
1022 5807 1151 5862 Nam
1168 5804 1215 5861 si
1230 5813 1405 5877 portas
1426 5801 1715 5858 inferorum
1753 5812 1883 5870 ape-

1386 336 1448 393 IN
1490 334 1893 392 MA—TTH/EUM
1933 334 2161 391 IIOMIL.
2192 335 2333 391 LIV.
2378 341 2446 389 al.
2489 336 2600 391 LV.

3472 341 3570 397 538

1984 457 2108 519 ruit,
2137 456 2178 512 si
2204 453 2467 511 ’ctelorum
2490 456 2625 512 ostia
2657 458 2935 523 reseravit,
2964 466 3017 513 et
3044 457 3272 528 paradisi
3294 459 3569 515 renovavit

1984 545 2299 617 ingressum,
2317 549 2361 602 si
2376 547 2572 604 diaboli
2591 563 2782 605 nervos
2808 548 3055 606 rescidit:
3074 550 3199 621 quid
3216 552 3407 607 mirum
3425 551 3567 607 s'rle-

1982 638 2133 695 tifera
2152 639 2458 710 pharmaca,
2478 640 2637 706 feras,
2658 640 2866 711 aliaque
2889 641 3196 713 hujusmodi
3213 646 3570 714 superaverit!

2051 732 2105 787 5.
2143 731 2257 788 Hoc
2284 747 2411 803 ergo
2439 732 2496 788 in
2538 743 2716 789 mente
2744 744 2829 788 tua
2865 735 3105 805 insculpe
3127 776 3142 801 ,
3175 744 3230 790 et
3268 737 3569 792 animarum

1980 830 2281 877 nostrarum
2338 824 2569 893 salutem
2614 825 2954 894 amplectere.
3017 825 3141 881 Haec
3193 825 3389 896 quippe
3437 842 3569 882 crux

1979 915 2164 970 orbem
2186 918 2423 971 servavit
2466 928 2521 973 et
2545 920 2840 986 convertit,
2874 934 3113 976 errorem
3153 920 3388 992 expulit,
3430 923 3569 979 veri-

1981 1017 2141 1062 tatem
2170 1007 2408 1074 induxit,
2444 1019 2639 1064 terram
2666 1012 2856 1066 ctelum
2900 1012 3105 1075 effecit,
3138 1015 3379 1070 homines
3408 996 3593 1086 auge:

1980 1098 2060 1151 los
2077 1097 2403 1156 reddidit.“
2432 1103 2605 1157 crucis
2633 1103 2906 1159 daemones
2924 1119 3029 1159 non
3061 1106 3195 1160 ultra
3222 1106 3567 1175 formidandi,

1978 1191 2073 1246 sed
2121 1193 2445 1262 despiciendi
2493 1204 2655 1261 sunt;
2706 1212 2879 1267 neque
2933 1213 3080 1254 mors
3126 1214 3274 1255 mors
3304 1208 3422 1267 est,
3471 1200 3567 1257 sed

1978 1302 2230 1341 somnus:
2252 1302 2348 1357 per
2371 1304 2583 1343 erucem
2610 1307 2729 1361 quae
2749 1292 2900 1347 nobis
2926 1294 3369 1360 adversabantur,
3388 1296 3567 1350 omnia

1979 1376 2125 1433 humi
2170 1378 2373 1449 dejecta
2403 1383 2802 1437 conculcantur.
2836 1384 2890 1438 Si
2913 1385 3034 1454 quis
3061 1400 3189 1455 ergo
3234 1385 3376 1441 dicat
3428 1386 3521 1442 tibi
3555 1428 3569 1451 ,

1977 1471 2372 1529 Cruciﬁxumne
2396 1473 2629 1529 adoras?
2656 1476 2774 1530 lwta
2800 1491 2949 1539 voce,
2980 1476 3132 1531 hilari
3161 1478 3305 1532 vultu
3336 1494 3566 1549 respon-

1977 1564 2066 1630 de,
2098 1563 2280 1619 Adoro
2300 1607 2314 1631 ,
2339 1581 2441 1621 nec
2465 1565 2723 1621 adorandi
2752 1568 2912 1622 ﬁnem
2939 1567 3149 1623 faciam.
3181 1570 3236 1623 Si
3268 1570 3471 1637 rideat,
3499 1572 3567 1626 de

1978 1654 2093 1721 ejus
2120 1653 2323 1709 insania
2353 1656 2616 1726 laerymas
2641 1656 2822 1712 funde.
2868 1658 3078 1714 Gratias
3106 1675 3201 1729 age
3232 1661 3455 1716 Domino
3500 1663 3568 1718 de
3624 1689 3630 1698 -

1980 1746 2137 1800 tantis
2182 1746 2454 1803 beneﬁciis
2474 1791 2488 1813 ,
2520 1764 2640 1819 quae
2670 1751 2786 1805 sine
2810 1752 3007 1807 czelesti
3037 1754 3361 1809 revelatione
3389 1770 3457 1810 ne
3481 1755 3568 1809 δίς

1976 1852 2129 1895 scere
2152 1839 2365 1910 quidem
2396 1841 2515 1911 quis
2543 1841 2729 1911 possit.
2766 1842 2890 1899 ideo
2910 1859 3101 1915 nempe
3130 1844 3214 1899 hic
3244 1844 3414 1911 ridet,
3447 1847 3566 1916 quia

1978 1930 2227 1987 Animalia
2257 1934 2406 1987 homo
2450 1950 2549 1988 non
2580 1935 2792 2005 percipit
2834 1952 2893 1989 ea
2919 1951 3032 2007 quia
3062 1936 3286 2006 Spiritus
3305 1948 3423 1991 sunt
3469 1938 3488 2007 (
3516 1939 3566 1992 l.

1979 2024 2094 2078 Cor.
2118 2023 2171 2077 2.
2198 2025 2264 2079 M
2280 2025 2319 2095 ).
2349 2024 2481 2079 Nam
2507 2034 2561 2079 et
2593 2027 2739 2095 pueri
2762 2027 2837 2081 sic
2855 2027 3032 2081 solent
3056 2026 3219 2093 afﬁci,
3238 2042 3362 2083 eum
3381 2044 3567 2099 magna

1976 2114 2219 2186 quadam
2248 2125 2304 2170 et
2333 2115 2591 2170 mirabilia
2624 2115 2889 2171 viderint:
2920 2118 2965 2172 si
2996 2117 3250 2173 infantem
3278 2120 3344 2173 ad
3372 2130 3569 2191 myste~

1978 2207 2114 2261 rium
2142 2206 2501 2263 introduxeris
2520 2248 2536 2273 ,
2578 2208 2794 2264 ridebit.
2824 2209 2918 2265 llis
2954 2212 3190 2280 puerulis
3214 2212 3418 2269 similes
3448 2224 3568 2273 sunt

1974 2299 2200 2369 gentiles
2220 2316 2235 2365 ;
2270 2300 2379 2354 imo
2399 2300 2482 2356 his
2498 2315 2710 2370 quoque
2726 2309 2850 2357 sunt
2876 2302 3316 2372 imperfectiores.
3341 2306 3569 2377 Ideoque

1977 2395 2313 2463 miseriores,
2350 2396 2491 2467 quod
2539 2412 2645 2452 non
2686 2396 2737 2452 in
2771 2399 3088 2464 immatura,
3116 2397 3209 2453 sed
3258 2397 3311 2453 in
3336 2397 3569 2469 perfecta

1976 2498 2153 2558 aetate,
2174 2491 2364 2546 eodem
2394 2508 2499 2562 quo
2530 2492 2679 2562 pueri
2704 2492 2866 2547 modo
2894 2491 3222 2558 afﬁciantur;
3246 2500 3569 2561 quapmpter

1976 2582 2131 2637 venia
2160 2592 2284 2638 sunt
2312 2583 2532 2655 indigni.
2563 2583 2668 2640 Sed
2700 2598 2801 2640 nos
2828 2585 2969 2638 clara
2998 2597 3295 2654 magnaque
3320 2595 3452 2637 voce
3476 2622 3491 2647 ,
3516 2591 3568 2636 et

1977 2675 2213 2730 clamore
2241 2675 2481 2732 adhibito
2526 2676 2800 2739 dicamus;
2852 2677 2961 2731 imo
2989 2676 3193 2747 majore
3220 2690 3342 2732 cum
3376 2673 3568 2731 ﬁducia

1976 2768 2020 2821 si
2076 2766 2305 2836 gentiles
2354 2782 2544 2823 omnes
2595 2768 2769 2823 adsint
2801 2787 2812 2822 :
2840 2767 3018 2824 Gloria
3073 2774 3254 2822 nostra
3289 2780 3420 2821 crux
3447 2774 3566 2828 est.

1977 2869 2137 2929 caput
2182 2859 2443 2914 bonorum
2474 2861 2747 2927 omnium,
2796 2861 2988 2916 ﬁducia
3030 2871 3085 2917 et
3111 2874 3331 2916 corona.
3363 2858 3567 2915 Vellera

1976 2965 2099 3006 cum
2129 2951 2292 3008 Paulo
2317 2966 2477 3022 posse
2506 2952 2686 3008 dicere
2714 2970 2727 3005 :
2763 2948 2868 3006 Per
2888 2968 3036 3022 quem
3060 2951 3186 3006 mihi
3211 2950 3429 3006 mundus
3452 2966 3570 3004 cru-

1975 3044 2158 3110 ciﬁxus
2184 3052 2278 3108 est,
2310 3052 2355 3097 et
2381 3059 2472 3115 ego
2495 3046 2685 3098 mundo
2720 3042 2877 3113 (Gal.
2904 3044 2954 3099 6.
2991 3044 3095 3112 N)
3130 3062 3142 3099 :
3176 3042 3270 3098 sed
3311 3058 3417 3097 non
3444 3056 3565 3111 pos-

1978 3150 2097 3189 sum
2146 3135 2391 3205 plurimis
2439 3137 2688 3193 detentus
2734 3137 3031 3193 aﬂ‘ectibus.
3089 3140 3428 3207 Quapropter
3474 3149 3569 3190 vos

1979 3227 2187 3295 hortor,
2206 3238 2261 3283 et
2284 3239 2409 3284 ante
2429 3244 2525 3284 vos
2558 3229 2841 3299 meipsum,
2867 3238 2924 3282 ut
2945 3228 3146 3284 mundo
3169 3226 3565 3297 cruciﬁgamur,

1976 3320 2214 3391 nihilque
2241 3334 2527 3375 commune
2557 3336 2676 3375 cum
2710 3328 2848 3375 terra
2883 3319 3207 3385 habeamus,
3239 3318 3331 3373 sed
3372 3332 3567 3388 super-

1977 3428 2099 3467 nam
2126 3426 2366 3467 amemus
2393 3412 2613 3481 patriam
2637 3452 2652 3475 ,
2684 3411 2904 3481 gloriam
2932 3411 3074 3466 illam
3095 3453 3109 3479 ,
3144 3410 3281 3467 bona
3310 3410 3563 3467 caelestia.

1975 3506 2106 3559 Nam
2137 3504 2298 3574 Regis
2321 3504 2552 3559 caelestis
2578 3503 2774 3559 milites
2797 3517 2983 3558 sumus
2999 3545 3013 3568 ,
3041 3510 3095 3557 et
3123 3503 3288 3558 armis
3313 3501 3534 3572 spiritna
3550 3529 3566 3539 -

1976 3598 2117 3653 libus
2162 3597 2451 3652 induimur.
2482 3594 2590 3651 Cur
2617 3611 2746 3666 ergo
2783 3610 3081 3666 cauponam
3103 3637 3118 3662 ,
3149 3594 3527 3651 circulatorem
3547 3637 3565 3657 ,

1978 3690 2087 3744 imo
2118 3690 2377 3745 vermium
2408 3688 2567 3743 vitam
2597 3688 2848 3758 agimus?
2891 3685 2998 3742 Ubi
3023 3687 3167 3741 enim
3199 3701 3291 3740 rex
3319 3692 3403 3741 est
3430 3724 3448 3752 ,
3495 3685 3569 3739 ibi

1978 3781 2199 3837 militem
2240 3796 2360 3837 esse
2383 3788 2613 3851 oportet.
2653 3778 2787 3833 Nam
2830 3778 3027 3833 milites
3071 3791 3298 3832 sumus:
3333 3790 3442 3831 non
3472 3789 3565 3831 eo~
3642 3846 3644 3849 λ

1978 3888 2097 3928 rum
2141 3872 2229 3943 qui
2258 3873 2413 3943 longe
2434 3913 2449 3939 ,
2481 3871 2578 3926 sed
2605 3887 2792 3926 eorum
2823 3873 2913 3941 qui
2952 3884 3119 3940 prope
3161 3877 3306 3925 sunt.
3355 3866 3566 3924 Etenim

1978 3978 2074 4020 rex
2104 3974 2349 4019 terrenus
2376 3979 2483 4018 non
2514 3964 2771 4032 permittit
2794 3978 2983 4018 omnes
3010 3963 3064 4017 in
3094 3962 3237 4032 regia
3264 3975 3386 4017 esse
3404 4001 3419 4027 ,
3468 3976 3568 4016 nec

1976 4058 2043 4112 ad
2071 4058 2186 4128 ejus
2212 4058 2376 4113 latera
2406 4060 2731 4121 consistere;
2754 4068 2808 4112 at
2841 4056 3075 4111 czelestis
3115 4055 3204 4111 ille
3232 4054 3350 4110 Rex
3379 4068 3568 4108 omnes

1979 4167 2144 4224 prope
2175 4152 2385 4222 regium
2400 4150 2592 4205 solium
2623 4151 2638 4180 ⁸
2677 4149 2787 4203 vult
2812 4148 3025 4203 adesse.
3061 4148 3127 4202 Et
3156 4146 3428 4217 quomodo
3449 4144 3567 4199 ﬁeri

1978 4251 2191 4315 potest,
2222 4242 2455 4311 inquies,
2484 4249 2543 4295 ut
2570 4241 2654 4294 hic
2694 4240 2982 4309 degentes,
3006 4252 3174 4307 prope
3206 4235 3397 4291 solium
3438 4236 3571 4289 illud

1976 4337 2217 4392 stemus?
2245 4336 2379 4402 Quia
2403 4342 2459 4390 et
2477 4334 2673 4387 Paulus
2693 4347 2814 4387 cum
2846 4333 2897 4385 in
2921 4342 3061 4386 terra
3089 4337 3264 4393 esset,
3291 4328 3360 4384 ibi
3388 4337 3566 4382 tamen

1978 4440 2126 4497 erat,
2157 4429 2248 4485 ubi
2300 4428 2579 4498 Seraphim
2610 4437 2664 4483 et
2699 4425 2990 4482 Cherubim
3014 4465 3029 4491 ,
3063 4423 3281 4494 propius
3314 4422 3529 4478 Christo
3550 4465 3563 4487 ,

1978 4542 2136 4599 quam
2164 4524 2421 4582 satellites
2450 4521 2781 4593 Imperatori.
2814 4519 2881 4574 Hi
2908 4533 3137 4589 namque
3170 4532 3312 4586 saepe
3333 4516 3565 4572 circum-

1979 4636 2186 4692 quaque
2232 4619 2560 4688 restriciunt;
2606 4616 2695 4671 ille
2737 4631 2866 4669 vero
2913 4613 3054 4667 nulla
3099 4609 3490 4681 imaginationis
3518 4610 3568 4663 vi

1978 4726 2156 4768 motus
2201 4713 2282 4766 vel
2324 4712 2622 4766 abstractus
2658 4716 2806 4770 erat,
2834 4706 2927 4760 sed
2972 4706 3172 4759 intenta
3217 4712 3395 4757 mente
3436 4700 3568 4769 Regi

1978 4805 2193 4860 Christo
2238 4803 2495 4857 lnnrebat.
2546 4800 2723 4869 Quare
2751 4798 2795 4853 si
2823 4796 3145 4851 voluerimus
3168 4837 3182 4860 ,
3220 4809 3319 4849 nos
3357 4808 3570 4862 quoque

1982 4900 2032 4955 id
2062 4897 2373 4969 poterimus.
2405 4894 2541 4949 Nam
2574 4894 2617 4947 si
2642 4893 2880 4946 locorum
2912 4889 3191 4944 intervallo
3221 4894 3456 4940 semotus
3484 4898 3570 4938 es-

1981 5002 2083 5055 set,
2118 5005 2223 5045 non
2253 4991 2369 5044 sine
2389 5002 2548 5043 causa
2579 4984 2693 5039 hanc
2712 4983 2974 5053 objiceres
2995 4997 3009 5046 ;
3033 4982 3126 5035 sed
3153 4979 3199 5034 si
3221 4978 3412 5045 ubique
3435 4990 3569 5045 pra:-

1981 5099 2105 5143 seus
2135 5092 2217 5140 est
2238 5124 2252 5150 ,
2282 5081 2423 5153 vigili
2462 5089 2518 5135 et
2557 5086 2773 5133 attento.
2789 5083 2935 5131 certe
2964 5072 3203 5144 proxime
3229 5069 3408 5155 adest.
3440 5068 3571 5124 Ideo

1985 5179 2242 5248 propheta
2273 5174 2502 5238 dicebat,
2531 5169 2651 5224 Non
2681 5166 2860 5222 timebo
2886 5164 3019 5218 mala
3039 5163 3278 5232 quoniam
3303 5170 3358 5215 tu
3375 5177 3567 5214 mecum

1984 5290 2034 5328 es
2060 5271 2241 5343 (Psal.
2271 5268 2373 5324 22..
2395 5268 2427 5321 4
2449 5267 2513 5336 )~:
2548 5272 2602 5318 et
2628 5275 2809 5316 rursus
2837 5259 2950 5329 ipse
2989 5257 3126 5311 Deus
3155 5275 3168 5309 :
3202 5253 3340 5308 Deus
3376 5268 3568 5323 appro-

1988 5368 2234 5435 pinquans
2283 5377 2372 5431 ego
2423 5374 2532 5412 sum
2552 5397 2566 5421 ,
2620 5370 2720 5407 non
2772 5350 2908 5405 Deus
2937 5347 3113 5415 procul
3142 5345 3286 5419 (Jer.
3308 5345 3401 5402 23.
3430 5344 3502 5399 25
3521 5344 3565 5415 ).

1986 5459 2133 5516 Sicut
2160 5456 2301 5512 enim
2329 5461 2540 5523 peccata
2565 5463 2660 5501 uos
2686 5445 2754 5499 ab
2785 5443 2873 5498 illo
2903 5441 3242 5511 disjungunt,
3271 5438 3348 5494 sic
3367 5436 3569 5509 justitia

1988 5568 2085 5608 nos
2116 5547 2353 5621 adjuugit
2392 5543 2508 5613 ipsi.
2543 5540 2672 5595 Nam
2699 5540 2771 5593 ait
2803 5556 2815 5592 :
2843 5534 3023 5591 Adhuc
3050 5544 3096 5589 te
3125 5535 3355 5606 loquente
3380 5532 3569 5595 dicam,

1991 5644 2121 5700 Ecce
2148 5641 2328 5695 adsum
2372 5634 2532 5706 (lsai.
2563 5632 2649 5688 58.
2674 5628 2758 5702 9).
2791 5626 2921 5698 Quis
2952 5634 3101 5700 pater
3129 5623 3205 5683 sic
3237 5624 3374 5681 ﬁlios
3404 5636 3567 5693 nepo-

2053 5802 2070 5833 ί
2107 5810 2236 5853 ,ιιιιδ
2252 5796 2419 5857 habet,
2446 5790 2736 5845 dominicum
2757 5784 2949 5839 solium.
