3908 6198
375 311 482 366 539

376 441 559 498 tesque
583 425 760 480 audiat
781 426 804 479 ζ’
824 440 941 495 qua!
969 432 1139 478 mater
1167 424 1232 475 ita
1267 430 1446 490 parata
1477 426 1823 490 promptaque
1852 413 1951 479 sit,

374 539 443 577 ne
471 536 529 577 se
560 520 705 574 ﬁlioli
752 516 1053 573 adimeent?
1112 516 1278 571 Neam
1307 523 1487 575 certe,
1521 529 1625 566 non
1650 519 1817 579 pater,
1850 523 1954 561 non

374 624 567 680 mater,
594 612 689 668 sed
722 611 860 664 Deus
889 607 1035 662 solus
1059 608 1270 663 assidue
1292 612 1581 674 CXSpeClal,
1611 617 1737 656 num
1757 616 1876 671 quis
1896 613 1959 654 se

372 706 785 761 domesticorum
813 702 1056 764 advocet,
1081 718 1177 755 nec
1205 713 1450 769 umquam
1480 706 1534 750 ut
1562 694 1716 749 decet
1739 699 1956 746 vocatus

373 817 401 854 a
432 800 584 855 nobis
604 840 618 864 ,
669 815 773 853 non
828 797 1046 851 audivit.
1103 794 1227 851 Ideo
1258 794 1331 847 ait
1360 810 1373 845 :
1404 791 1585 844 Adhuc
1622 798 1668 842 te
1696 787 1954 856 loquente,

374 910 480 947 non
507 892 834 962 exspectabo
859 890 1031 944 donec
1055 888 1254 943 ﬁnieris
1273 928 1285 949 ,
1318 884 1411 940 sed
1451 883 1628 938 statim
1653 880 1955 936 exaudiam.

354 972 712 1040 'Advocemus
746 984 921 1052 itaque
962 982 1108 1035 ἱΙΙιιιιι
1137 988 1192 1034 ut
1219 979 1327 1032 vult
1354 977 1603 1030 advocari
1634 992 1646 1027 :
1679 972 1958 1041 Quomodo

374 1078 481 1133 vult
509 1077 683 1147 ergo?
727 1074 907 1138 Solve,
936 1072 1142 1142 inquit,
1173 1087 1319 1125 omne
1360 1068 1614 1122 vinculum
1660 1065 1954 1136 injustitiw,

374 1171 589 1225 dissolve
634 1168 959 1238 obligationes
1006 1165 1338 1219 violentarum
1382 1160 1704 1232 pactionum,
1761 1175 1957 1211 onmem

371 1262 672 1330 scripturam
714 1258 939 1326 iniquam
967 1254 1252 1309 conscinde.
1282 1252 1486 1322 Frange
1516 1251 1750 1306 esurienti
1776 1265 1958 1319 panem

372 1363 536 1418 tuum,
565 1362 610 1406 et
638 1366 883 1422 pauperes
910 1364 1158 1419 vagosque
1185 1347 1338 1400 induc
1371 1347 1421 1399 iu
1444 1346 1647 1398 domum
1696 1354 1853 1397 tuam.
1897 1343 1960 1397 Si

373 1443 556 1497 videris
585 1441 799 1507 nudum,
827 1439 967 1510 aperi
992 1456 1126 1505 eum,
1150 1448 1195 1492 et
1221 1437 1516 1491 domesticos
1534 1435 1735 1489 seminis
1755 1435 1828 1488 tui
1856 1450 1960 1488 non

374 1535 678 1605 despexeris.
704 1532 845 1587 Tunc
884 1539 1111 1600 erumpet
1153 1530 1451 1583 matutinum
1500 1528 1666 1581 lumen
1686 1536 1829 1580 tuum
1853 1566 1865 1589 ,
1910 1535 1959 1581 et

374 1626 582 1681 medelce
602 1636 701 1680 tua:
721 1641 840 1679 mea:
858 1625 1084 1677 orientur
1110 1632 1154 1677 et
1180 1622 1376 1694 prceibit
1398 1634 1513 1675 ante
1535 1630 1580 1675 te
1595 1622 1799 1691 justitia
1827 1630 1913 1674 tua
1936 1658 1957 1689 ,

372 1732 421 1774 et
445 1719 609 1789 gloria
628 1716 727 1772 Dei
772 1716 1160 1771 circumamiciet
1199 1724 1265 1769 te.
1308 1713 1450 1768 Tunc
1478 1713 1729 1768 iuvacubis
1754 1730 1833 1767 me
1854 1755 1869 1778 ,
1910 1724 1959 1768 et

373 1811 642 1864 exaudiam
676 1817 741 1863 te.
774 1807 954 1861 Adhuc
997 1816 1045 1861 te
1084 1807 1314 1876 loquente
1351 1806 1534 1859 dicam.
1593 1804 1728 1859 Ecce
1778 1806 1959 1858 adsum

374 1904 391 1972 (
416 1901 544 1957 lsai.
575 1901 664 1958 58.
694 1899 845 1970 6-9).
881 1899 987 1954 Sed
1015 1899 1242 1969 inquies,
1271 1898 1399 1964 Quis
1435 1896 1549 1951 lucc
1577 1898 1754 1951 omnia
1784 1898 1958 1952 facere

374 1992 611 2064 poterit?
641 1992 751 2046 lmo
776 2007 924 2054 vero,
964 1991 1051 2046 die
1074 2005 1276 2060 quzeso,
1308 1990 1429 2060 quis
1460 2006 1564 2043 non
1596 1991 1808 2059 potest?
1830 1990 1956 2059 quid

374 2085 516 2138 enim
537 2099 601 2137 ex
629 2082 786 2137 dictis
817 2083 887 2137 ita
913 2082 1160 2138 difﬁcile?
1184 2081 1311 2151 quid
1347 2082 1670 2150 operosum?
1695 2081 1821 2153 quid
1851 2097 1961 2137 non

376 2176 530 2231 facile
554 2174 577 2229 ?
624 2175 696 2229 lta
725 2190 829 2229 non
860 2174 1020 2229 modo
1046 2174 1314 2243 possibilia
1340 2184 1497 2239 sunt,
1526 2174 1620 2230 sed
1649 2182 1703 2229 et
1737 2174 1909 2229 facilia
1938 2215 1955 2241 ,

376 2278 432 2321 ut
469 2266 619 2321 multi
647 2282 832 2322 eorum
877 2280 1182 2321 mensuram
1230 2267 1576 2333 excesserint,
1624 2282 1729 2321 non
1782 2267 1956 2322 solum

378 2359 569 2429 injusta
624 2360 973 2431 chirographa
1018 2360 1348 2428 lacerantes,
1381 2361 1473 2416 sed
1504 2376 1624 2416 sese
1665 2361 1818 2416 bonis
1847 2363 1961 2417 suis

374 2453 766 2524 cxspoliantes;
794 2469 899 2509 non
922 2453 1082 2509 modo
1110 2453 1208 2509 sub
1234 2462 1372 2509 tecto
1392 2464 1444 2508 et
1464 2453 1531 2508 ad
1553 2468 1788 2508 mensam
1829 2469 1959 2523 pau-

377 2562 531 2614 peres
550 2546 890 2616 recipientes,
909 2546 1002 2603 sed
1030 2548 1188 2602 etiam
1218 2546 1285 2601 ad
1316 2546 1432 2601 illos
1461 2546 1683 2601 alendos
1708 2561 1956 2616 magnum

373 2640 613 2709 corporis
642 2640 877 2696 laborem
922 2648 977 2696 et
1002 2640 1252 2696 sudorem
1279 2641 1668 2709 suscipientes;
1718 2656 1824 2695 non
1868 2655 1961 2695 eo-

374 2732 549 2801 gnatis
576 2732 756 2798 modo,
788 2734 881 2789 sed
899 2733 1059 2788 etiam
1089 2733 1318 2788 inimicis
1346 2732 1601 2789 beneﬁcia
1620 2742 1953 2803 praestantes.

443 2825 497 2881 6.
524 2826 662 2896 Quid
692 2826 743 2882 in
768 2826 1087 2897 supradictis
1115 2827 1329 2883 difﬁcile
1353 2828 1467 2885 est?
1486 2829 1602 2883 Non
1630 2830 1771 2884 enim
1805 2830 1956 2897 dixit,

374 2917 716 2974 'l‘ransceude
761 2929 1002 2985 montes,
1058 2934 1205 2974 mare
1230 2920 1450 2989 trajice,
1483 2931 1561 2975 tot
1587 2929 1639 2976 et
1667 2930 1744 2977 tot
1770 2921 1959 2992 jugera

376 3018 533 3062 terra:
575 3007 795 3063 cll‘odias
816 3048 831 3075 ,
854 3006 1070 3078 jejunus
1092 3007 1185 3063 diu
1210 3024 1457 3076 maneas,
1497 3024 1654 3066 sacco
1682 3021 1732 3066 te
1762 3012 1955 3077 indue;

372 3098 490 3164 sed,
520 3098 772 3156 Proximo
805 3102 1105 3172 impertire,
1137 3117 1324 3173 panem
1356 3103 1577 3174 largire,
1605 3105 1799 3175 iujusta
1846 3105 1961 3161 chi-

374 3191 638 3261 rographa
669 3193 927 3249 rescinde.
956 3193 1092 3263 Quid
1110 3236 1125 3260 ,
1154 3210 1336 3265 quieso
1354 3236 1369 3261 ,
1397 3195 1479 3251 his
1503 3197 1708 3253 facilius
1733 3200 1756 3252 ἲ
1807 3199 1959 3267 Quod

375 3283 419 3335 si
448 3281 684 3338 difﬁcilia
710 3284 798 3337 illa
824 3293 1009 3352 putes,
1047 3287 1261 3355 prsentia
1295 3288 1534 3357 respice,
1564 3299 1617 3343 et
1665 3289 1835 3344 facilia
1866 3291 1958 3345 tibi

376 3381 552 3427 erunt.
601 3372 1061 3442 Quemadmodum
1105 3378 1247 3433 enim
1296 3392 1448 3448 reges
1490 3380 1542 3433 in
1593 3380 1960 3453 hippodromis

312 3468 315 3469 ⁷
375 3472 500 3520 ante
523 3463 861 3522 decertantes
888 3482 1149 3534 coronas,
1194 3469 1373 3524 bravia
1418 3481 1472 3525 et
1497 3473 1810 3529 vestimenta
1860 3491 1959 3545 po-

373 3567 540 3625 nunt,
571 3559 648 3614 sic
673 3568 726 3615 et
756 3559 998 3617 Christus
1021 3562 1077 3617 in
1102 3563 1278 3618 medio
1320 3563 1492 3620 stadio
1521 3568 1738 3636 praemia
1772 3569 1956 3638 ponit,

372 3665 437 3706 ac
486 3652 638 3722 quasi
694 3653 984 3710 multorum
1038 3655 1282 3712 manibus
1328 3672 1422 3727 per
1475 3661 1749 3730 pr0pheta:
1796 3662 1958 3717 verba

373 3742 644 3813 expandit.
677 3744 753 3799 Ac
782 3760 937 3817 reges
964 3746 1215 3817 quidem,
1247 3751 1349 3804 etsi
1389 3750 1579 3806 millies
1610 3766 1765 3823 reges
1807 3753 1916 3808 sint
1937 3793 1956 3821 ,

376 3839 563 3901 utpote
591 3832 865 3902 homines,
896 3833 1065 3891 fluxas
1110 3837 1307 3893 habent
1334 3854 1464 3909 opes
1503 3851 1557 3896 et
1586 3841 1957 3899 liberalitatem

374 3939 493 3991 qua:
523 3935 808 3980 evacuatur
830 3967 845 3991 ,
876 3944 996 3997 quae
1022 3943 1187 3998 pauca
1229 3946 1356 3987 vere
1383 3942 1545 4001 sunt,
1575 3934 1738 3990 multa
1792 3936 1960 3993 videri

372 4014 627 4083 student;
652 4016 773 4072 ideo
794 4018 999 4089 singula
1023 4021 1246 4092 singulis
1270 4024 1527 4080 ministris
1546 4024 1673 4081 dant
1692 4070 1707 4094 ,
1736 4036 1790 4082 et
1808 4027 1885 4084 sic
1907 4028 1961 4085 in

374 4108 610 4164 medium
640 4110 944 4180 adducunt;
970 4124 1156 4171 contra
1179 4133 1303 4173 vero
1331 4119 1444 4175 Rex
1474 4131 1656 4177 noster
1680 4124 1859 4180 omnia
1888 4125 1951 4180 si-

377 4201 485 4256 mul
513 4204 880 4272 accumulans,
898 4207 1023 4277 quia
1045 4209 1278 4265 abundat
1302 4213 1509 4281 opibus,
1537 4214 1668 4269 nihil
1694 4215 1761 4271 ad
1777 4228 1961 4272 osten-

376 4292 629 4349 tationem
656 4294 803 4364 facit,
855 4298 1038 4371 sicque
1085 4301 1138 4356 in
1192 4303 1367 4358 medio
1414 4309 1660 4377 proponit
1709 4324 1801 4373 ea,
1842 4327 1960 4381 qua:

372 4386 614 4454 exposita
652 4387 912 4446 immensa
955 4402 1141 4459 erunt,
1200 4396 1483 4467 multisque
1538 4401 1781 4456 manibus
1826 4419 1963 4474 opus

372 4478 478 4533 erit
500 4478 567 4535 ad
597 4495 660 4536 ea
679 4482 999 4541 exhibenda.
1034 4488 1186 4554 Quod
1215 4501 1270 4544 ut
1291 4491 1515 4557 ediscas,
1544 4494 1730 4550 horum
1753 4497 1960 4568 singula

371 4570 653 4640 diligenter
716 4577 913 4647 aspice.
965 4578 1109 4634 Tunc
1165 4594 1389 4653 erumpet
1440 4589 1741 4643 matutinum
1792 4591 1960 4647 lumen

374 4674 535 4718 tuum.
592 4667 787 4751 Annon
838 4670 1050 4727 videtur
1093 4689 1255 4730 unum
1299 4692 1417 4733 esse
1445 4679 1811 4740 donmnYSed
1854 4703 1960 4744 non

374 4754 549 4812 unum
569 4766 690 4816 est:
712 4775 838 4817 nam
867 4764 1032 4820 multa
1070 4765 1211 4823 intus
1241 4767 1401 4827 habet
1426 4772 1632 4841 bravia,
1687 4793 1915 4835 coronas
1940 4825 1957 4848 ,

1071 303 1141 375 IS.
1181 300 1456 359 JOANNIS
1490 296 1971 359 CHRYSOSTOMI
2014 291 2328 350 ARCHIEP.
2369 294 2907 354 CONSTANTINOP.

3549 296 3650 356 5i0

2061 420 2361 482 cazteraque
2389 411 2625 481 prtemia.
2646 412 2909 480 Quaregsi
2936 413 3129 484 placet,
3161 412 3244 468 his
3264 414 3519 469 revolutis
3545 416 3649 468 sin-

2062 503 2281 573 gulatim
2304 503 2517 558 divitias
2540 503 2700 559 hasce
2723 503 3094 571 exhibeamus,
3116 515 3373 575 quantum
3412 504 3488 558 fas
3518 506 3649 570 erit;

2063 602 2265 648 tinuum
2283 610 2349 649 ne
2365 594 2642 649 deﬁciatis.
2663 596 2741 648 Ae
2762 593 2932 664 primo
2953 594 3220 651 discamus
3247 596 3372 666 quid
3400 596 3470 650 sit
3499 596 3649 662 illud,

2062 682 2327 753 Erumpct.
2351 685 2535 755 Neque
2557 686 2698 740 enim
2725 684 2877 750 dixit,
2904 687 3212 755 Apparebit,
3242 686 3358 751 sed,
3382 685 3649 755 Erumpet,

2061 785 2116 832 et
2142 777 2471 833 celeritatem
2494 787 2549 834 et
2576 779 2782 848 e0piam
2815 778 2968 833 nobis
2996 780 3249 846 ostendit,
3299 789 3353 834 et
3393 790 3650 851 quantmn

2061 868 2283 923 salutem
2324 879 2561 924 nostram
2605 869 2874 926 desideret
2894 879 2949 924 et
2980 886 3141 939 quam
3174 873 3367 941 gestiat
3394 872 3533 925 bona
3566 872 3650 925 illa

2064 959 2329 1028 proferri,
2363 959 2604 1030 nihilque
2654 975 2774 1015 esse
2829 960 2969 1030 quod
3015 960 3335 1017 ineffabilem
3390 962 3649 1032 impetum

2061 1060 2307 1106 coerceat
2350 1071 2363 1106 :
2411 1052 2606 1122 quibus
2652 1052 2900 1107 omnibus
2948 1053 3205 1107 immensa
3254 1068 3438 1108 eorum
3494 1057 3650 1123 copia

2061 1143 2377 1199 ostenditur.
2403 1144 2539 1213 Quid
2568 1153 2746 1199 autem
2778 1145 2905 1200 illud
2938 1155 3018 1200 est
3039 1188 3054 1212 ,
3088 1145 3391 1200 Matutinum
3411 1146 3437 1199 .9
3462 1146 3518 1201 ld
3546 1158 3651 1207 est,

2063 1251 2168 1289 non
2210 1244 2331 1305 post
2362 1235 2709 1291 teutationum
2741 1238 3029 1293 certamina
3061 1278 3075 1300 ,
3107 1253 3205 1292 nec
3233 1248 3347 1306 post
3386 1238 3651 1292 malorum

2064 1329 2334 1382 incursum
2367 1344 2382 1391 ;
2419 1328 2509 1382 sed
2544 1327 2657 1381 lucc
2684 1329 2969 1397 prmvenit.
3021 1328 3477 1394 Quemadmodum
3503 1332 3650 1385 enim

2064 1421 2113 1474 in
2141 1419 2402 1473 fructibus
2431 1419 2746 1473 matutinum
2772 1419 2998 1474 dicimus
3046 1420 3095 1474 id
3124 1420 3263 1489 quod
3289 1432 3411 1475 ante
3440 1431 3656 1490 tempus

2061 1518 2303 1579 apparet,
2333 1509 2409 1563 sic
2438 1518 2491 1561 et
2520 1508 2620 1563 hoc
2641 1510 2774 1574 loco,
2795 1510 3119 1564 celeiitatem
3147 1527 3329 1566 rursus
3359 1512 3652 1567 ostendens

2064 1601 2135 1656 ita
2163 1600 2319 1665 dixit,
2350 1610 2405 1654 ut
2453 1615 2609 1670 supra
2636 1600 2847 1656 dicebat
2876 1619 2889 1654 :
2918 1602 3097 1656 Adhuc
3127 1612 3173 1656 te
3195 1601 3426 1673 loquente
3445 1605 3611 1657 dicam
3636 1645 3651 1664 ,

2064 1692 2196 1748 Ecce
2231 1692 2431 1747 adsum.
2464 1692 2615 1760 Quod
2647 1693 2821 1747 lumen
2849 1692 3011 1759 dicit,
3042 1694 3199 1765 quale
3226 1695 3438 1750 tandem
3467 1695 3646 1750 lumen

2061 1783 2181 1838 est?
2225 1783 2339 1838 Non
2387 1783 2488 1837 hoc
2532 1784 2761 1852 sensile,
2794 1784 2888 1839 sed
2918 1786 3057 1838 aliud
3104 1785 3269 1839 multo
3310 1787 3651 1856 praestantius

2060 1891 2165 1946 quo
2191 1875 2377 1929 escium
2401 1916 2415 1942 ,
2445 1874 2663 1946 angelos
2682 1916 2696 1939 ,
2727 1874 3106 1946 archangelos,
3134 1876 3422 1931 Cherubim
3442 1920 3455 1941 ,
3486 1876 3651 1932 Sera-

2063 1966 2207 2035 pbim
2230 2007 2246 2032 ,
2290 1965 2617 2036 principatus
2636 2007 2651 2028 ,
2683 1976 2972 2035 potestates
2992 2009 3008 2031 ,
3042 1967 3264 2022 thronos
3284 2010 3298 2035 ,
3326 1969 3650 2023 dominatio-

2062 2072 2189 2121 nes,
2222 2056 2524 2111 universum
2575 2056 2867 2111 exercitum
2894 2099 2912 2124 ,
2940 2059 3110 2127 regias
3140 2059 3290 2112 aulas
3318 2070 3372 2115 et
3404 2061 3651 2115 taberna-

2063 2148 2182 2202 cula
2216 2147 2476 2203 videmus.
2501 2147 2633 2202 Nam
2659 2150 2703 2202 si
2732 2148 2931 2203 lumine
2958 2150 3046 2205 illo
3073 2148 3318 2220 dignatus
3346 2150 3511 2207 fueris
3534 2196 3550 2219 ,
3597 2165 3651 2209 ct

2062 2239 2177 2295 lucc
2199 2238 2402 2294 videbis
2427 2281 2442 2305 ,
2473 2248 2528 2293 et
2573 2238 2815 2308 eripieris
2841 2255 2869 2292 a
2890 2239 3169 2309 geheuua,
3198 2256 3227 2294 a
3277 2257 3458 2297 verme
3484 2259 3648 2298 vene-

2063 2341 2222 2398 nato,
2252 2347 2281 2386 a
2326 2330 2556 2386 stridore
2606 2330 2879 2397 dentium,
2910 2348 2939 2384 a
2981 2332 3205 2388 vinculis
3235 2334 3607 2390 insolubilibus
3630 2379 3647 2402 ,

2061 2426 2128 2480 ab
2151 2424 2392 2495 angustia
2413 2433 2467 2479 et
2497 2423 2837 2479 tribulatione
2857 2465 2871 2489 ,
2900 2438 2927 2476 a
2958 2424 3189 2479 tenebris
3210 2425 3603 2480 obseuriSsimis
3627 2468 3644 2492 ,

2060 2533 2090 2572 a
2120 2517 2440 2573 cruciatibus
2458 2557 2474 2582 ,
2502 2516 2568 2570 ab
2593 2515 2761 2587 igneis
2800 2515 3104 2571 ﬂuminibus
3123 2556 3139 2584 ,
3167 2530 3196 2571 a
3228 2516 3600 2573 maledictione
3625 2563 3643 2584 ,

2062 2625 2090 2663 a
2116 2624 2394 2678 pinnarum
2422 2607 2551 2662 locis
2576 2623 2590 2673 ;
2640 2616 2695 2663 et
2724 2607 2815 2661 illo
2842 2622 3032 2678 perges
3053 2649 3067 2673 ,
3111 2606 3197 2661 ubi
3230 2609 3406 2663 nullus
3456 2611 3610 2665 dolor
3629 2654 3648 2678 ,

2063 2716 2264 2755 mceror
2293 2699 2467 2754 nullus
2487 2739 2502 2762 ,
2532 2698 2627 2754 sed
2657 2699 2742 2754 ubi
2775 2700 2998 2753 multum
3027 2698 3276 2770 gaudium
3300 2742 3316 2766 ,
3346 2715 3483 2771 pax,
3506 2704 3645 2757 eari-

2065 2806 2166 2861 tas,
2195 2795 2398 2862 laetitia,
2430 2795 2636 2850 deliciae
2670 2810 2685 2849 :
2718 2794 2808 2850 ubi
2836 2794 2938 2849 vita
2965 2806 3187 2862 interna,
3211 2796 3377 2866 gloria
3403 2796 3646 2851 inell‘abi-

2062 2890 2128 2944 lis
2148 2930 2163 2954 ,
2220 2887 2554 2959 pulchritudo
2583 2886 2954 2943 inenarrabilis
2985 2906 2998 2943 :
3033 2888 3120 2943 ubi
3147 2897 3345 2943 mterna
3401 2889 3649 2944 taberna-

2061 2980 2178 3035 cula
2198 3022 2212 3045 ,
2245 2989 2298 3035 et
2324 2978 2490 3050 gloria
2520 2979 2678 3049 Regis
2704 2979 3120 3047 inmstimabilis,
3152 2990 3310 3051 atque
3340 2981 3475 3035 bona
3516 2981 3605 3034 illa
3631 3023 3647 3047 ,

2067 3075 2194 3142 Quae
2212 3073 2389 3127 oculus
2418 3091 2516 3127 non
2542 3072 2686 3140 vidit,
2724 3074 2865 3127 auris
2906 3090 3008 3126 non
3032 3073 3254 3139 audivit,
3281 3091 3437 3143 neque
3480 3075 3531 3128 in
3563 3091 3649 3129 cor

2063 3162 2284 3219 hominis
2309 3165 2637 3219 ascenderunt
2666 3163 2756 3238 (ί.
2784 3163 2900 3219 Cor.
2925 3164 2979 3218 2.
3011 3165 3080 3235 9)
3109 3181 3121 3216 :
3168 3165 3254 3219 ubi
3285 3180 3513 3236 sponsus
3544 3168 3651 3235 spi-

2063 3257 2291 3323 ritualis,
2323 3267 2373 3312 et
2405 3256 2625 3311 thalami
2651 3257 2913 3323 caelestes,
2939 3257 3171 3327 virgines
3198 3257 3421 3327 fulgidas
3448 3257 3651 3313 haben-

2067 3359 2145 3404 tes
2166 3348 2465 3418 lampadas,
2486 3358 2538 3402 et
2560 3363 2745 3403 onmes
2764 3349 2852 3418 qui
2880 3356 3079 3404 vestem
3104 3348 3301 3403 habent
3323 3350 3611 3419 nuptialem
3631 3391 3643 3403 .

2062 3444 2153 3500 ubi
2209 3443 2390 3498 multa:
2419 3442 2625 3497 Domini
2651 3457 2781 3512 opes
2805 3483 2819 3506 ,
2870 3449 2926 3497 et
2955 3442 3311 3511 promptuaria
3364 3443 3529 3512 regia.
3564 3443 3651 3496 \‘i-

2064 3537 2185 3593 den’
2208 3545 2405 3606 quanta
2430 3534 2669 3605 praemia,
2702 3545 2757 3589 et
2783 3543 2981 3605 quanta
3015 3549 3115 3588 una
3143 3548 3269 3588 voce
3290 3534 3649 3604 eumprelteu-

2064 3630 2253 3686 derit?
2292 3629 2364 3684 Ita
2409 3630 2453 3683 si
2502 3628 2737 3699 singulas
2783 3628 3131 3698 exploremus
3183 3642 3378 3691 voces,
3431 3628 3647 3681 multam

2065 3722 2400 3779 inveniemus
2451 3737 2629 3777 rerum
2681 3721 2887 3790 copiam
2943 3731 2995 3776 et
3044 3720 3258 3790 pelagus
3307 3722 3646 3773 immensum.

2065 3816 2199 3871 Num
2228 3813 2402 3869 adhuc
2427 3812 2813 3879 cunctabimur,
2842 3827 3041 3882 qineso,
3072 3828 3172 3867 nec
3199 3812 3427 3883 prompti
3451 3813 3649 3867 erimus

2065 3907 2131 3963 ad
2159 3905 2577 3962 misericordiam
2608 3904 2725 3959 aliis
2754 3903 3105 3959 exhibendam
3131 3903 3155 3957 ?
3192 3903 3407 3958 Minime
3431 3946 3446 3967 ,
3490 3904 3649 3958 obse-

2064 4016 2179 4057 cro.
2203 3998 2309 4055 Sed
2341 3998 2547 4054 etiamsi
2588 3996 2766 4053 omnia
2796 3995 3053 4067 projicere
3077 4004 3131 4051 et
3154 3996 3206 4052 in
3236 3996 3406 4066 ignem
3440 3998 3650 4051 mittere

2066 4100 2345 4167 Oporteat:
2378 4091 2423 4145 si
2465 4090 2517 4145 iu
2564 4088 2769 4162 gladios
2818 4089 3125 4144 incmuhere
3152 4129 3167 4152 ,
3202 4087 3244 4142 si
3273 4087 3338 4142 ad
3363 4103 3651 4142 mucrones

2067 4186 2303 4249 insilire,
2332 4183 2377 4240 si
2406 4181 2616 4253 quidvis
2643 4179 2786 4235 aliud
2819 4178 3151 4235 tolerandum
3179 4188 3443 4243 occurrat,
3473 4181 3650 4233 otiiuia

2065 4276 2219 4332 facile
2247 4274 2480 4330 feramus
2502 4314 2515 4337 ,
2545 4282 2599 4327 ut
2626 4270 2776 4343 regni
2802 4272 3053 4325 caelorum
3083 4273 3354 4333 amictum,
3386 4280 3439 4325 et
3468 4271 3653 4325 inen‘a-

2067 4369 2227 4424 bilem
2255 4365 2399 4420 illam
2430 4364 2650 4434 gloriam
2678 4376 3027 4432 assequamur
3049 4375 3238 4430 :quam
3270 4361 3473 4414 utinam
3500 4362 3653 4414 nobis

2067 4461 2315 4518 omnibus
2346 4456 2580 4514 nancisci
2604 4456 2895 4525 contingat,
2923 4455 3091 4525 gratia
3114 4464 3166 4509 et
3195 4453 3523 4523 benignitate
3553 4454 3654 4507 Du-

2068 4553 2197 4610 mini
2226 4552 2393 4608 nostri
2439 4550 2568 4606 Jesu
2611 4547 2843 4613 Christi,
2874 4547 2958 4602 cui
2986 4545 3151 4617 gloria
3191 4553 3246 4601 et
3291 4545 3653 4615 imperiumin

2067 4646 2261 4704 saecula
2286 4644 2624 4702 surculorum.
2656 4642 2848 4697 Amen.

375 4880 3644 4917 __.._._____________________________________.

1613 4960 1963 5026 HOMILIA
2000 4964 2131 5027 LV.
2170 4962 2257 5025 al.
2300 4958 2459 5020 LVI.

372 5099 501 5153 (lar.
538 5099 623 5153 l6.
657 5115 709 5152 v.
735 5098 824 5154 2i.
854 5097 999 5154 Tunc
1050 5100 1199 5155 Iesus
1252 5102 1379 5156 dixit
1413 5103 1674 5174 discipulis
1701 5108 1805 5161 suis
1839 5122 1857 5161 :
1897 5107 1961 5163 Si

441 5190 551 5259 quis
572 5190 678 5243 vult
700 5201 811 5262 post
836 5208 914 5245 me
942 5192 1106 5245 venire
1124 5233 1138 5257 ,
1171 5193 1376 5265 abneget
1400 5197 1721 5267 semetipsum
1752 5239 1766 5263 ,
1794 5206 1841 5252 et
1871 5198 1963 5253 tol-

447 5282 519 5335 lat
545 5298 740 5336 crucem
771 5300 935 5350 suam,
964 5294 1011 5338 et
1033 5295 1269 5354 sequatur
1295 5302 1389 5340 me.

455 5374 506 5429 1.
530 5374 613 5427 Ad
652 5387 861 5430 mortem
904 5380 1134 5447 exemplo
1168 5379 1357 5435 Christi
1387 5382 1553 5450 parati
1576 5396 1681 5436 esse
1705 5381 1959 5437 debemus.

373 5464 601 5520 Christus
630 5467 795 5537 ipsum
824 5470 962 5540 sequi
992 5471 1189 5538 invitat,
1217 5488 1317 5526 non
1356 5473 1488 5542 cogit
1511 5490 1531 5539 ;
1565 5490 1674 5527 cur.
1704 5473 1965 5544 Abnegare

374 5560 695 5630 semetipsum
720 5562 843 5632 quid
867 5564 951 5617 sit.
979 5595 1050 5606 —
1078 5564 1242 5633 Tunc,
1277 5566 1962 5637 quandouam?Postquam

385 5650 817 5718 l’etrusdixerat,
847 5653 1105 5726 Propitius
1146 5656 1236 5712 tibi
1279 5659 1368 5723 sis,
1399 5675 1499 5712 non
1538 5659 1631 5711 erit
1661 5658 1749 5712 tibi
1776 5657 1888 5720 hoc,
1910 5668 1965 5712 et

382 5743 607 5809 audivit,
636 5742 779 5802 Vade
803 5758 916 5819 post
951 5764 1049 5817 me,
1077 5758 1276 5805 satana.
1309 5748 1492 5821 Neque
1532 5750 1677 5807 enim
1702 5749 1832 5807 satis
1863 5747 1960 5802 ha-

2066 5108 2179 5163 buit
2218 5105 2367 5160 illum
2398 5101 2724 5169 increpasse,
2781 5096 2876 5151 sed
2920 5110 2982 5149 ex
3029 5092 3320 5149 abundanti
3368 5089 3661 5146 ostendere

2066 5200 2252 5256 volens
2282 5206 2336 5252 et
2370 5194 2635 5249 dictorum
2664 5187 2807 5244 Petri
2849 5185 3265 5248 absurditatem,
3296 5193 3350 5238 et
3379 5182 3661 5236 utilitatem

2067 5307 2134 5347 ex
2164 5289 2409 5361 passione
2441 5283 2705 5344 futuram,
2737 5280 2810 5333 ait
2836 5319 2849 5342 ,
2881 5276 2961 5331 Tu
3014 5276 3141 5330 mihi
3178 5274 3345 5337 dicis,
3394 5272 3662 5341 Propitius

2070 5381 2159 5436 tibi
2183 5389 2306 5445 esto,
2344 5392 2447 5430 non
2473 5373 2567 5428 erit
2614 5372 2707 5425 hoc
2742 5370 2827 5422 tibi
2871 5383 2890 5422 :
2941 5381 3042 5438 ego
3075 5381 3201 5421 vero
3228 5362 3321 5417 tibi
3362 5363 3486 5418 dico
3508 5406 3523 5427 ,
3555 5377 3661 5415 non

2069 5471 2230 5526 modo
2277 5466 2636 5539 perniciosum
2664 5476 2784 5517 esse
2828 5458 2958 5522 tibi,
3007 5460 3053 5513 si
3106 5473 3191 5512 me
3219 5454 3502 5526 impedias,
3535 5465 3590 5509 et
3620 5468 3661 5507 sn

2070 5563 2371 5633 passionem
2410 5571 2582 5613 meam
2608 5553 2834 5608 moleste
2865 5550 3025 5617 feras,
3058 5547 3151 5603 sed
3178 5547 3339 5601 etiam
3368 5561 3476 5600 non
3510 5560 3664 5614 posse

2070 5664 2123 5708 te
2145 5653 2372 5707 salutem
2401 5647 2675 5717 consequi,
2712 5644 2812 5698 uisi
2848 5652 2901 5697 et
2942 5642 3056 5712 ipse
3078 5653 3292 5709 semper
3312 5635 3379 5690 ad
3422 5636 3661 5691 morien-

2036 5745 2194 5799 'dum
2223 5743 2295 5801 sis
2320 5750 2553 5805 paratus.
2583 5736 2660 5793 Ne
2689 5736 2831 5791 enim
2857 5733 3129 5804 indignum
3157 5744 3216 5785 se
3238 5742 3359 5784 esse
3390 5736 3663 5801 putarent,
