3908 6198
245 280 342 335 5H

242 391 384 461 quod
418 390 540 444 talia
567 396 868 458 pateretur,
913 400 1016 438 non
1048 384 1320 454 prioribus
1347 391 1550 438 tantum
1601 383 1777 436 verbis
1808 425 1821 442 ,

242 483 337 537 sed
382 484 540 536 etiam
581 477 929 548 sequentibus
981 477 1058 530 rei
1115 476 1397 530 utilitatem
1443 476 1618 529 docet.
1668 474 1818 544 Apud

245 573 503 626 Joannem
531 570 746 639 quidem
775 568 908 622 dicit
938 583 952 620 :
977 566 1090 621 Nisi
1117 582 1330 638 granum
1358 566 1600 637 frumenti
1634 567 1818 618 cadens

241 668 294 718 in
322 677 506 720 tetrum
527 674 775 718 mortuum
801 663 973 732 fuerit,
1015 663 1180 731 ipsum
1205 661 1368 713 solum
1395 669 1562 712 nianet
1585 676 1603 725 ;
1628 660 1706 712 sin
1731 675 1819 710 au-

244 771 342 812 tent
371 770 625 814 mortuum
648 758 830 828 fuerit,
863 757 1072 810 multum
1101 759 1320 826 fructum
1347 753 1497 820 a/Tert
1525 753 1700 824 (Joan.
1731 754 1818 806 12.

244 851 334 906 24.
528 851 613 904 hic
641 865 768 904 vero
793 849 1058 918 cepiosius
1096 864 1207 900 rem
1236 857 1473 901 tractans
1495 886 1509 907 ,
1538 861 1642 898 non
1669 844 1736 898 de
1761 858 1823 896 sc

242 946 418 1000 solum
443 953 614 998 morte
630 941 1050 998 consummando
1077 941 1330 1009 loquitur,
1360 938 1454 992 sed
1484 937 1535 991 id
1566 939 1725 991 etiam
1754 935 1819 988 ad

241 1035 530 1104 discipulos
559 1033 823 1089 extendit.
855 1032 1082 1087 Tantum
1125 1039 1206 1085 est
1235 1030 1376 1084 enim
1401 1028 1475 1083 rei
1509 1028 1736 1092 lucrum,
1766 1034 1824 1080 ut

243 1127 397 1179 vobis
425 1126 573 1194 ipsis,
621 1124 664 1178 si
699 1125 831 1178 mori
861 1123 1059 1184 nolitis,
1102 1121 1153 1175 id
1175 1121 1493 1176 damnosum
1515 1120 1670 1174 vobis
1698 1120 1770 1173 sit
1802 1135 1816 1172 :

241 1227 428 1270 contra
469 1233 616 1281 vero,
648 1216 691 1268 si
722 1215 788 1268 ad
831 1213 958 1268 illud
1004 1213 1198 1266 bonum
1230 1213 1397 1282 parati
1423 1212 1560 1267 sitis.
1590 1211 1693 1267 Sed
1719 1211 1820 1266 hoc

244 1311 298 1363 in
329 1309 673 1378 sequentibus
693 1307 946 1372 ostendit,
976 1307 1293 1376 interimque
1312 1305 1437 1360 illud
1463 1322 1561 1360 una
1585 1322 1649 1360 ex
1674 1315 1823 1375 parte

244 1403 534 1456 examinat.
567 1404 640 1454 Ac
665 1400 778 1454 vide
805 1399 1075 1468 quomodo
1094 1400 1290 1452 nullam
1323 1400 1560 1466 imponat
1580 1399 1811 1452 necessi-

246 1504 429 1546 tatem.
461 1491 646 1559 Neque
672 1492 812 1545 enim
834 1492 988 1555 dixit,
1020 1491 1236 1552 Velitis,
1265 1490 1466 1554 nolitis,
1501 1490 1550 1542 id
1593 1504 1686 1541 vos
1719 1492 1822 1556 pati

243 1591 456 1651 oportet
487 1600 501 1635 :
552 1581 644 1635 sed
686 1582 996 1651 quomodo?
1025 1582 1082 1636 Si
1109 1581 1220 1648 quis
1263 1581 1368 1634 vult
1394 1589 1506 1648 post
1534 1596 1610 1631 me
1636 1579 1820 1631 venire.

246 1673 359 1726 Non
393 1674 495 1726 vim
527 1672 716 1735 infero,
743 1688 846 1725 non
870 1672 1236 1725 necessitatem
1258 1672 1492 1738 impono,
1519 1670 1612 1724 sed
1636 1670 1792 1722 unius

245 1767 506 1833 cujusque
548 1766 770 1819 arbitrio
825 1765 876 1818 id
925 1765 1167 1833 relinquo
1201 1781 1213 1816 :
1245 1764 1364 1818 ideo
1415 1763 1535 1816 dico
1561 1804 1574 1827 ,
1611 1763 1671 1816 Si
1713 1764 1824 1832 quis

243 1858 373 1912 rult.
409 1856 485 1910 Ad
513 1856 649 1911 bona
673 1871 831 1921 voco;
867 1872 970 1910 non
998 1855 1064 1909 ad
1095 1857 1229 1908 mala
1256 1865 1311 1909 et
1333 1870 1584 1918 onerosa,
1618 1869 1721 1907 non
1753 1855 1819 1907 ad

243 1948 560 2018 supplicium
590 1957 642 2002 et
680 1963 888 2017 pinnas,
914 1959 970 2002 ut
998 1962 1205 2017 cogam.
1234 1946 1362 1999 Nam
1395 1946 1505 2015 ipsa
1534 1949 1606 2000 rei
1633 1957 1819 1999 natura

245 2051 419 2110 potem
443 2041 508 2094 ad
539 2039 588 2094 id
629 2040 958 2110 pertrahere.
991 2041 1111 2094 Iliae
1141 2055 1302 2110 porro
1330 2039 1514 2094 dicens
1541 2041 1712 2108 magis
1738 2040 1818 2093 al.

245 2132 480 2186 liciehat.
511 2131 642 2188 Nam
674 2131 764 2200 qui
791 2132 895 2186 vim
922 2131 1102 2196 infert,
1132 2147 1273 2201 smpe
1309 2133 1541 2195 avertit;
1574 2133 1661 2200 qui
1697 2149 1824 2184 vero

243 2240 358 2279 rem
388 2223 646 2278 auditoris
684 2223 902 2279 arbitrio
933 2223 1180 2293 relinquit
1203 2265 1216 2284 .
1247 2225 1413 2294 magis
1442 2225 1692 2289 attrahit;
1725 2242 1820 2294 po-

201 2319 210 2326 â€œ
245 2316 444 2370 tentior
465 2317 658 2386 quippe
678 2325 762 2370 cst
780 2316 924 2368 mitis
945 2316 1021 2369 rei
1050 2315 1333 2384 expositio,
1361 2332 1516 2384 quam
1548 2316 1818 2370 violentia.

241 2407 369 2464 Ideo
393 2409 604 2464 dicebat
644 2409 762 2474 ilie,
808 2407 1001 2479 Siquis
1038 2407 1161 2463 vult.
1206 2409 1389 2478 Magna
1434 2412 1630 2479 quippe
1674 2418 1819 2473 sunt,

240 2501 432 2570 inquit,
476 2517 594 2570 qua:
639 2500 792 2555 vobis
835 2499 1004 2555 offero
1048 2501 1208 2563 bona,
1238 2509 1292 2556 et
1341 2501 1485 2562 talia,
1535 2511 1592 2554 ut
1640 2501 1704 2553 ad
1758 2517 1822 2555 ea

239 2603 433 2662 spome
472 2601 736 2646 curratur.
778 2591 960 2660 Neque
1002 2592 1143 2645 enim
1173 2593 1216 2646 si
1247 2593 1368 2662 quis
1391 2608 1578 2646 aurum
1611 2594 1810 2661 praihe-

238 2695 346 2750 ret,
377 2694 434 2740 et
463 2686 767 2740 thesaurum
796 2693 1107 2754 exponeret,
1135 2699 1258 2744 cum
1287 2685 1536 2738 violentia
1563 2696 1816 2747 vocaret;

237 2779 286 2834 si
324 2794 452 2832 vero
479 2778 545 2832 ad
591 2777 706 2832 haec
734 2777 851 2833 sine
879 2777 1128 2833 violentia
1171 2777 1276 2831 itur
1294 2817 1309 2841 ,
1338 2777 1508 2832 multo
1535 2779 1703 2847 magis
1751 2779 1820 2832 ad

238 2871 475 2926 cadestia
505 2871 663 2925 bona.
691 2870 800 2924 Nisi
841 2870 981 2924 enim
1009 2871 1121 2939 ipsa
1151 2871 1227 2924 rei
1263 2880 1448 2923 natura
1479 2871 1570 2924 tibi
1605 2885 1822 2940 persua-

238 2961 368 3018 deat
386 2971 443 3016 ut
464 2976 732 3028 accurras,
755 2962 865 3032 jam
893 2961 1084 3032 dignus
1105 2978 1208 3016 non
1233 2977 1293 3017 es
1317 2962 1409 3032 qui
1433 2964 1694 3032 accipias;
1722 2981 1820 3018 ne-

237 3069 366 3124 que,
410 3054 454 3110 si
493 3055 783 3123 acceperis,
835 3063 980 3109 recte
1023 3054 1161 3110 scias
1186 3064 1417 3124 accepta:
1466 3056 1539 3110 rei
1570 3056 1816 3125 pretium.

241 3148 368 3203 Ideo
396 3164 499 3203 non
525 3149 664 3218 cogit
689 3148 951 3214 Christus,
980 3147 1076 3204 sed
1105 3148 1376 3214 hortatur,
1419 3149 1696 3219 indulgens
1721 3165 1821 3205 no-

237 3239 345 3294 bis.
369 3239 498 3307 Quia
523 3243 664 3295 enim
690 3241 854 3294 multa
884 3240 1306 3302 insusurrabant.
1334 3256 1401 3296 ex
1418 3241 1508 3295 illo
1533 3241 1675 3296 dicto
1704 3251 1818 3296 lur-

239 3331 372 3396 bati,
400 3331 529 3386 dicit
557 3332 660 3385 illis
695 3353 708 3387 :
740 3331 854 3387 Non
883 3341 965 3387 est
1006 3346 1141 3401 opus
1172 3332 1470 3386 turbatione
1490 3342 1545 3386 et
1569 3334 1816 3404 strepitu.

238 3424 430 3482 Sinon
479 3423 681 3493 putatis
704 3423 754 3478 id
786 3423 928 3493 quod
955 3424 1106 3491 dixi,
1136 3425 1183 3480 si
1225 3425 1382 3482 vobis
1429 3440 1648 3496 quoque
1687 3440 1822 3481 con-

238 3524 430 3590 tingat,
461 3518 936 3573 innumerabilium
981 3519 1246 3574 bonorum
1281 3534 1404 3576 esse
1437 3533 1681 3584 causam,
1711 3535 1819 3575 non

237 3607 346 3661 vim
378 3606 549 3662 infero
568 3649 584 3672 ,
615 3622 719 3662 non
747 3622 879 3678 cogo
904 3649 920 3675 ,
945 3607 1042 3663 sed
1069 3624 1192 3663 eum
1216 3608 1307 3678 qui
1335 3609 1484 3677 sequi
1510 3609 1637 3663 velit
1657 3623 1814 3664 voco.

237 3700 316 3758 Ne
345 3702 540 3772 putetis
569 3711 747 3754 autem
781 3700 931 3768 sequi
965 3716 1069 3764 me,
1091 3701 1223 3754 illud
1243 3716 1362 3756 esse
1389 3700 1533 3770 quod
1558 3715 1652 3756 vos
1675 3716 1818 3757 nunc

239 3793 430 3856 facitis,
462 3808 580 3848 cum
613 3808 699 3848 me
728 3792 1028 3862 sequimini.
1052 3791 1229 3847 Multis
1255 3792 1359 3846 erit
1398 3793 1552 3846 vobis
1575 3807 1708 3862 epos
1736 3794 1817 3846 la-

235 3883 478 3949 boribus,
526 3885 707 3938 multis
750 3884 1001 3953 periculis
1052 3883 1096 3938 si
1144 3892 1265 3954 post
1302 3899 1388 3938 me
1436 3886 1644 3938 venturi
1674 3886 1814 3939 sitis.

235 3976 353 4030 Non
385 3977 548 4037 enim,
577 3992 610 4029 o
637 3976 813 4039 Petre,
838 3977 958 4045 quia
986 3991 1128 4030 nunc
1157 3991 1243 4030 me
1268 3975 1462 4029 Filium
1486 3977 1574 4031 Dei
1607 3977 1809 4030 confes-

234 4082 330 4122 sus
354 4083 432 4131 es,
458 4067 577 4122 ideo
600 4077 798 4121 tantum
827 4067 990 4122 debes
1017 4082 1245 4122 coronas
1266 4077 1606 4138 exspectare,
1636 4078 1690 4122 et
1721 4085 1818 4137 pu-

236 4171 350 4214 tare
377 4161 428 4213 id
476 4159 570 4213 tibi
619 4174 738 4214 esse
764 4157 830 4211 ad
876 4158 1104 4214 salutem
1133 4160 1295 4226 satis,
1325 4169 1484 4228 atque
1531 4160 1815 4230 tranquille

235 4263 421 4322 postea
449 4252 666 4322 degere,
697 4268 759 4306 ac
788 4251 831 4306 si
863 4261 1028 4306 totum
1059 4251 1363 4320 perfeceris.
1390 4253 1613 4307 Possum
1644 4253 1812 4317 enim,

234 4354 420 4416 utpote
454 4345 546 4401 Dei
583 4345 768 4408 Filius,
806 4355 856 4400 te
903 4361 931 4398 Î¹Î¹
981 4345 1242 4400 malorum
1286 4345 1654 4414 experimento
1700 4346 1816 4398 exi-

235 4453 420 4505 mere;
475 4437 600 4492 uolo
626 4445 806 4492 autem
851 4436 924 4490 tui
957 4437 1124 4506 gratia
1153 4477 1168 4502 ,
1212 4445 1267 4491 ut
1288 4444 1344 4492 et
1371 4436 1488 4504 ipse
1525 4437 1723 4503 aliquid
1749 4437 1818 4492 de

236 4542 331 4585 tuo
350 4531 617 4596 conferas,
645 4545 708 4585 ac
734 4529 1010 4602 probatior
1051 4530 1268 4585 evadas.
1310 4529 1492 4600 Neque
1520 4531 1663 4586 enim
1693 4547 1818 4602 ago-

235 4624 454 4678 nntheta
476 4623 595 4693 quis
619 4622 873 4676 dilectum
895 4621 1100 4677 habens
1116 4621 1393 4686 athletam,
1415 4623 1545 4677 velit
1565 4638 1814 4693 umquam

235 4715 387 4770 illum
418 4729 485 4770 ex
528 4730 674 4768 mera
714 4714 883 4784 gratia
929 4729 1206 4772 coronare.
1251 4714 1344 4768 sed
1385 4730 1452 4770 ex
1492 4715 1722 4785 propriis
1764 4715 1818 4769 id

242 4817 501 4876 pnestare
561 4805 709 4874 cupit
756 4804 1028 4860 laboribus
1055 4845 1070 4870 ,
1115 4804 1343 4874 ideoque
1385 4805 1647 4869 maxime,
1694 4806 1816 4875 quia

237 4900 411 4967 ipsum
448 4898 620 4967 diligit
677 4897 797 4951 :sic
836 4904 891 4951 et
935 4896 1178 4950 Christus
1225 4911 1359 4966 quos
1412 4899 1643 4954 maxime
1690 4899 1814 4954 dili-

233 4992 352 5059 git,
399 4990 497 5044 hos
536 4993 645 5044 vult
687 5005 785 5043 suo
831 4989 1024 5042 merito
1069 5003 1189 5043 esse
1240 4989 1560 5057 conspicuos
1607 4991 1656 5056 Â³,
1711 5007 1816 5046 non

234 5091 416 5136 autem
443 5098 508 5136 ex
533 5082 646 5136 sola
677 5096 771 5135 sua
795 5097 920 5150 ope.
952 5080 1085 5136 Vide
1110 5090 1291 5140 autem
1323 5083 1592 5153 quomodo
1618 5085 1820 5139 oratio-

237 5189 362 5228 nem
389 5189 493 5228 nou
519 5187 801 5228 onerosam
828 5172 1083 5242 proferat.
1120 5172 1302 5243 Neque
1327 5177 1468 5229 enim
1496 5175 1547 5228 in
1571 5175 1674 5230 illis
1704 5185 1819 5230 tan-

237 5277 350 5320 tum
387 5267 526 5320 mala
567 5265 989 5330 circumscribit,
1020 5266 1116 5321 sed
1141 5276 1196 5322 et
1239 5282 1528 5323 commune
1575 5269 1668 5322 teli
1699 5269 1816 5324 orbi

235 5357 430 5427 dogma
453 5356 672 5412 exhibet
699 5357 884 5412 dicens
915 5375 930 5410 :
955 5356 1018 5412 Si
1037 5358 1150 5429 quis
1173 5356 1297 5424 vult,
1321 5359 1434 5416 sive
1465 5359 1677 5424 mulier,
1707 5363 1818 5416 sive

236 5449 340 5515 vir,
373 5449 484 5502 sive
533 5449 802 5518 princeps,
851 5449 964 5504 sive
993 5448 1271 5517 subditus,
1313 5449 1451 5505 hanc
1492 5451 1821 5522 ingrediatur

236 5541 399 5596 viam.
427 5539 754 5609 Videturque
784 5557 944 5596 unum
970 5551 1172 5596 tantum
1199 5544 1420 5608 dixisse,
1451 5534 1546 5599 sed
1572 5545 1670 5599 tria
1695 5559 1820 5615 pro-

238 5635 388 5701 ponit
418 5651 430 5686 :
457 5635 727 5702 abnegare
754 5636 1101 5705 semetipsum
1123 5676 1138 5701 ,
1172 5635 1362 5691 tollere
1391 5651 1611 5693 crucem
1637 5653 1812 5707 suam,

303 5730 320 5764 Î¹
359 5728 464 5786 Î‘Î™Î¹á½¶.
487 5743 590 5780 esse
613 5729 784 5784 beatos.

1275 271 1338 325 Î™Î
1379 268 1784 324 Îœá¾¹á¼¹Î¤Î™Î™Î‘ÎžÎ Îœ
1824 266 2052 324 Î¹Î¹Î¿ÎœÎ¹Î¹.
2097 267 2206 322 LV.
2247 271 2320 325 al.
2365 271 2495 326 LVI.

3405 277 3516 338 5Î¹á¿†

1931 393 1985 434 et
2049 382 2218 451 ipsum
2249 386 2434 454 sequi;
2463 385 2569 441 duo
2595 397 2770 443 autem
2797 391 3082 462 conjuncta
3107 406 3230 452 sunt
3251 438 3265 462 .
3298 400 3514 456 tertium

1931 473 2103 526 solum
2137 479 2472 546 proponitur.
2518 478 2624 534 Sed
2657 481 2830 549 primo
2860 483 3132 541 videamus
3165 489 3293 557 quid
3320 490 3392 544 sit
3416 493 3513 547 ah-
3537 481 3582 523 â¸

1932 578 2125 633 negare
2141 568 2505 637 semetipsum.
2528 571 2682 626 Prius
2706 572 2973 630 discamus
2993 579 3118 644 quid
3147 581 3219 633 sit
3241 581 3515 654 abnegare

1929 656 2174 721 alterum,
2203 667 2258 711 et
2305 669 2429 714 tunc
2474 662 2704 716 sciemus
2735 664 2859 734 quid
2890 665 2960 719 sit
3005 667 3268 737 abut-gare
3312 683 3512 729 semet-

1931 746 2127 816 ipsum.
2169 749 2265 815 Qui
2313 750 2536 822 abnegat
2573 755 2821 822 alterum,
2846 759 2960 814 sive
2988 756 3224 822 fratrem.
3255 762 3367 817 sive
3394 778 3510 819 ser-

1933 857 2078 910 vum,
2114 845 2228 898 sive
2257 846 2418 900 alium
2465 851 2788 919 quempiam,
2816 853 2914 907 etsi
2939 853 3259 924 ï¬‚agellatum
3298 859 3512 926 viderit,

1931 936 2030 988 etsi
2059 937 2294 991 vinctum
2319 979 2332 1003 ,
2362 939 2466 994 etsi
2506 940 2570 994 ad
2599 952 2825 997 mortem
2845 945 3155 1015 abduclum,
3187 950 3286 1004 etsi
3304 953 3514 1020 quidvis

1929 1028 2071 1082 aliud
2098 1031 2406 1098 patientem,
2429 1048 2534 1086 non
2555 1034 2724 1101 adest,
2750 1052 2854 1090 non
2875 1039 3178 1106 auxiliatur,
3199 1057 3303 1096 non
3331 1045 3515 1099 animo

1932 1119 2232 1190 frangitur,
2265 1138 2367 1176 non
2421 1123 2537 1192 ejus
2565 1141 2725 1180 causa
2753 1129 2982 1198 patitur,
3011 1141 3193 1200 utpote
3217 1137 3308 1200 qui
3351 1137 3419 1190 ab
3444 1152 3512 1192 eo

1931 1209 2260 1265 abalienatus
2279 1213 2366 1267 sit.
2395 1214 2483 1269 Sic
2503 1215 2680 1284 itaque
2699 1219 2810 1271 vult
2840 1235 2936 1274 nos
2961 1222 3108 1275 nullo
3123 1223 3282 1278 modo
3298 1229 3514 1295 corpori

1931 1316 2168 1369 parcere,
2200 1312 2256 1356 ut
2282 1304 2396 1358 sive
2441 1303 2744 1375 flagellent,
2771 1309 2886 1363 sive
2913 1311 3136 1378 pellant,
3181 1315 3296 1369 sive
3329 1327 3506 1382 urant,

1929 1394 2040 1446 sive
2067 1393 2206 1448 aliud
2237 1395 2446 1464 quidvis
2477 1394 2690 1462 faciant,
2721 1401 3004 1455 nonnobis
3036 1417 3337 1470 parcamus.
3369 1406 3502 1461 Illud

1929 1483 2068 1535 enim
2098 1495 2180 1538 est
2206 1501 2444 1554 parcere.
2465 1485 2597 1539 Nam
2618 1488 2774 1541 etiam
2790 1499 2967 1558 patres
2994 1492 3117 1547 filiis
3133 1501 3257 1550 tunc
3280 1499 3511 1554 maxime

1930 1584 2172 1642 parcunt,
2203 1591 2323 1630 cum
2366 1580 2631 1646 magistris
2662 1583 2956 1648 tradentes,
2987 1586 3241 1642 mandant
3288 1605 3356 1644 ne
3387 1606 3508 1658 par-

1929 1675 2052 1720 cant
2080 1669 2178 1722 eis.
2211 1667 2284 1722 lla
2337 1679 2388 1722 et
2417 1669 2662 1724 Christus
2700 1689 2716 1727 :
2747 1689 2851 1726 non
2901 1675 3034 1729 dixit
3063 1693 3128 1732 ne
3159 1690 3340 1748 parcat
3382 1683 3509 1748 sibi,

1930 1759 2022 1811 sed
2064 1759 2203 1827 quod
2243 1761 2454 1830 gravius
2501 1772 2602 1827 est,
2639 1764 2859 1834 Abneget
2895 1769 3217 1837 semetipsum
3255 1787 3276 1827 :
3307 1773 3358 1826 id
3403 1784 3507 1841 est,

1928 1852 2064 1906 Nihil
2096 1869 2214 1907 cum
2265 1855 2443 1923 seipse
2492 1870 2776 1910 commune
2805 1858 3020 1924 habeat,
3049 1862 3144 1914 sed
3176 1864 3424 1929 periculis
3449 1882 3509 1922 se

1926 1943 2082 1997 dedat
2129 1955 2183 1998 et
2224 1946 2625 2015 certaminibus,
2670 1957 2828 2017 atque
2874 1950 2942 2003 ita
2986 1952 3058 2005 sit
3085 1953 3326 2019 affectus,
3360 1965 3417 2009 ut
3457 1959 3506 2012 si

1924 2036 2060 2088 alius
2091 2035 2141 2088 id
2173 2043 2460 2104 pateretur.
2513 2037 2621 2092 Nec
2659 2037 2812 2104 dixit,
2850 2038 3058 2111 Neget,
3093 2043 3186 2097 sed
3207 2085 3223 2110 ,
3249 2043 3506 2118 Abneget;

1927 2127 2026 2180 hoc
2057 2143 2218 2197 parvo
2245 2129 2608 2184 additamenta
2635 2129 2740 2183 vim
2788 2146 3030 2202 magnam
3060 2133 3282 2191 dictioni
3322 2138 3498 2196 affert.

1927 2219 2057 2272 Nam
2088 2218 2354 2288 abnegare
2379 2220 2547 2275 multo
2569 2221 2696 2290 plus
2719 2231 2800 2276 est
2825 2238 2983 2292 quam
3005 2240 3220 2295 negare.

1994 2311 2048 2364 2.
2083 2309 2150 2363 Et
2198 2312 2342 2364 tollat
2395 2328 2594 2382 crucem
2629 2329 2795 2367 suam.
2841 2313 2953 2369 Hoc
2993 2331 3066 2374 ex
3105 2317 3196 2371 illo
3243 2319 3502 2390 sequitur.

1925 2403 2002 2458 Ne
2047 2414 2200 2474 putes
2225 2405 2365 2458 enim
2390 2446 2405 2468 ,
2434 2405 2500 2459 ad
2529 2406 2687 2459 verba
2716 2422 2881 2476 usque
2907 2415 3110 2462 tantum
3141 2419 3194 2463 et
3219 2423 3492 2468 contume-

1923 2498 2022 2552 lias
2061 2508 2118 2552 et
2166 2497 2449 2567 Opprobria
2498 2497 2761 2568 abnegarc
2791 2500 3022 2568 seipsum
3063 2512 3311 2570 eportere
3336 2521 3353 2559 :
3379 2503 3512 2563 dicit

1921 2605 2196 2660 quousque
2236 2591 2500 2660 abnegare
2551 2592 2895 2661 semetipsum
2950 2605 3228 2663 oporteat;
3290 2597 3342 2652 id
3393 2608 3497 2664 est,

1923 2697 2089 2752 usque
2127 2683 2194 2736 ad
2248 2692 2510 2747 mortem,
2539 2692 2595 2738 et
2634 2693 2858 2738 mortem
2893 2687 3071 2756 turpis.
3089 2687 3270 2742 imam.
3305 2689 3504 2746 Idcirco

1921 2789 2029 2827 non
2057 2773 2208 2836 dixit,
2252 2774 2492 2843 Abneget
2538 2774 2885 2844 semetipsum
2911 2793 3079 2846 usque
3132 2779 3202 2834 ad
3253 2791 3503 2845 mortem,

1920 2865 2035 2930 sed,
2065 2863 2234 2918 Tollat
2257 2881 2454 2918 crucem
2479 2882 2644 2928 suam,
2673 2868 3032 2936 turpissimam
3064 2882 3290 2926 mortem
3309 2873 3503 2930 decla-

1920 2973 2078 3022 rans;
2107 2968 2161 3012 et
2202 2959 2344 3028 quod
2373 2974 2476 3012 non
2502 2960 2692 3019 semel.
2724 2969 2814 3012 aut
2843 2959 2922 3014 his
2941 3003 2956 3023 ,
2987 2962 3079 3016 sed
3111 2978 3206 3032 per
3231 2975 3394 3021 totam
3424 2967 3503 3023 vi.

1922 3061 2029 3105 tam
2056 3052 2106 3106 id
2134 3049 2434 3106 faciendum
2461 3051 2548 3105 sit.
2579 3051 2862 3121 Perpetuo,
2890 3053 3078 3124 inquit,
3105 3055 3239 3112 hanc
3273 3069 3506 3116 mortem

1919 3143 2285 3210 circumferas,
2331 3153 2386 3199 et
2410 3144 2646 3213 quotidie
2673 3145 2737 3198 ad
2768 3161 2951 3200 necem
2984 3159 3198 3214 paratus
3240 3150 3338 3206 sis.
3368 3151 3503 3218 Quia

1919 3238 2060 3292 enim
2091 3237 2246 3290 multi
2275 3251 2405 3306 Opes
2425 3245 2861 3305 contempserunt
2883 3246 2938 3292 et
2960 3241 3284 3309 voluptatem
3305 3252 3358 3300 et
3381 3247 3502 3314 glo.

1919 3330 2074 3392 riam,
2097 3338 2326 3382 mortem
2351 3342 2479 3382 vero
2502 3343 2606 3381 non
2637 3339 2980 3396 spreverunt,
3008 3342 3063 3384 at
3084 3333 3375 3391 timuerunt
3404 3351 3501 3408 peâ€”

1919 3423 2086 3477 ricula
2117 3440 2130 3478 :
2162 3437 2280 3492 ego,
2312 3422 2498 3492 inquit,
2522 3421 2776 3475 athletam
2807 3438 2984 3478 meum
3023 3427 3144 3479 volo
3173 3428 3239 3481 ad
3271 3439 3502 3488 mortem

1919 3527 2088 3583 usque
2129 3528 2363 3583 pugnare
2390 3555 2404 3579 ,
2433 3520 2489 3568 et
2511 3514 2803 3568 certamina
2851 3514 2916 3568 ad
2967 3517 3282 3584 sanguinem
3331 3536 3506 3591 usque

1920 3606 2123 3678 peragi.
2158 3595 2343 3676 Itaque
2369 3606 2412 3659 si
2446 3614 2670 3660 mortem
2706 3606 2855 3659 obire
2901 3617 3166 3676 oporteat,
3193 3621 3248 3666 et
3270 3623 3499 3669 mortem

1921 3700 2278 3770 turpissimam
2298 3741 2311 3762 ,
2346 3708 2676 3768 mortemque
2703 3700 3108 3768 exsecrandam,
3137 3703 3368 3772 etiamsi,
3403 3722 3505 3776 pro

1919 3806 2079 3862 prava
2099 3790 2325 3861 quadam
2348 3790 2670 3858 suspicione,
2686 3790 2863 3844 omnia
2885 3802 3096 3861 oportet
3115 3793 3322 3852 fortiter
3333 3797 3498 3868 ferre,

1918 3893 1971 3938 et
2003 3882 2122 3937 ideo
2148 3882 2376 3936 maxime
2399 3882 2688 3936 exsultare.
2721 3880 2788 3935 Et
2810 3893 3047 3953 sequatur
3070 3902 3167 3940 me.
3196 3887 3328 3955 Quia
3355 3891 3501 3946 enim

1920 3974 2033 4028 fieri
2091 3982 2265 4043 potest
2309 3982 2364 4026 ut
2392 3973 2480 4041 qui
2521 3973 2720 4041 patitur
2757 3988 2861 4027 non
2904 3985 3158 4043 sequatur
3203 3977 3500 4049 Christum,

1918 4081 2038 4120 cum
2081 4079 2185 4118 non
2245 4064 2439 4133 patitur
2471 4073 2687 4131 propter
2731 4064 2902 4132 ipsum
2953 4065 3098 4137 (nam
3129 4068 3383 4136 latrones,
3415 4088 3500 4129 se-

1920 4160 2221 4228 pulcrorum
2242 4156 2560 4224 expilatores
2579 4165 2635 4209 et
2659 4157 3069 4225 prastigiatores
3090 4161 3251 4215 multa
3296 4172 3350 4217 et
3376 4179 3502 4234 gra.

1917 4252 2064 4304 viora
2094 4244 2384 4318 patiuntur)
2410 4287 2426 4311 ,
2452 4262 2518 4300 ne
2549 4255 2724 4315 putes,
2750 4246 2994 4304 sufficere
3033 4250 3200 4319 ipsam
3238 4255 3499 4311 malorum

1918 4349 2182 4402 naturam,
2227 4352 2442 4392 causam
2469 4338 2734 4406 malorum
2762 4338 2926 4393 addit.
2956 4339 3210 4408 Quaenam
3255 4346 3343 4400 illa
3379 4349 3502 4402 est?

1920 4431 1986 4486 Ut
2009 4430 2122 4486 hare
2149 4443 2312 4499 agens
2346 4438 2401 4483 et
2437 4429 2643 4499 patiens
2672 4429 2842 4499 ipsum
2882 4434 3158 4501 sequaris;
3201 4445 3258 4489 ut
3285 4449 3502 4508 propter

1919 4527 2090 4594 ipsum
2115 4523 2293 4577 omnia
2323 4522 2570 4590 patiaris,
2615 4530 2669 4576 et
2707 4522 2940 4592 reliquas
2986 4524 3205 4580 virtutes
3233 4527 3497 4589 obtineas.

1916 4615 2050 4671 Nam
2070 4614 2122 4668 id
2149 4612 2411 4684 signiï¬cat
2439 4611 2589 4678 illud,
2621 4612 2875 4682 Sequatur
2901 4631 2979 4667 me
2991 4632 3010 4680 ;
3042 4615 3112 4670 ita
3135 4626 3314 4673 utnon
3340 4623 3501 4676 modo

1919 4709 2283 4765 fortitudinem
2309 4708 2361 4761 in
2391 4706 2645 4762 arumnis
2663 4747 2677 4768 .
2702 4706 2793 4761 sed
2823 4716 2878 4761 et
2897 4709 3277 4767 continentiam
3297 4755 3314 4779 ,
3337 4718 3502 4786 inqui.

1923 4811 2084 4857 tatem
2105 4843 2122 4868 ,
2141 4814 2463 4870 omnemque
2482 4798 2872 4868 philosophiam
2892 4801 3166 4857 exhibeas.
3196 4802 3326 4860 Illud
3355 4810 3501 4864 enim

1919 4903 2001 4950 est
2017 4901 2074 4948 ut
2087 4900 2298 4963 oportet
2319 4890 2468 4960 sequi
2499 4907 2512 4944 :
2536 4898 2588 4945 et
2603 4891 2736 4945 alias
2749 4905 2938 4946 curare
2955 4893 3198 4956 virtutes,
3217 4904 3270 4950 et
3283 4907 3502 4967 propter

1919 4988 2092 5055 ipsiim
2111 4982 2285 5038 omnia
2314 4982 2442 5051 pati.
2465 4980 2601 5034 Sunt
2628 4981 2767 5036 enim
2785 4981 2871 5051 qui
2896 4981 3162 5037 diabolum
3184 4997 3499 5059 sequuntur.

1919 5088 1970 5133 et
2000 5077 2114 5132 hzec
2145 5076 2412 5145 patiuntur
2437 5116 2451 5139 ,
2480 5081 2535 5126 et
2561 5083 2777 5142 propter
2819 5073 2964 5126 illum
2991 5074 3196 5128 animas
3221 5090 3346 5131 suas
3375 5093 3502 5147 pro.

1921 5170 2090 5234 dunt;
2123 5167 2216 5222 sed
2257 5180 2354 5220 nos
2387 5171 2603 5234 prepter
2648 5161 2918 5218 Christum
2943 5204 2958 5228 ,
2991 5165 3097 5219 imo
3129 5175 3346 5236 propter
3399 5185 3497 5228 nos

1921 5262 2084 5330 ipsos.
2115 5258 2213 5323 Illi,
2243 5266 2300 5312 ut
2325 5257 2422 5312 sibi
2447 5256 2575 5325 ipsis
2601 5263 2656 5309 et
2684 5253 2769 5308 hic
2797 5263 2852 5309 et
2875 5255 2982 5310 illic
3006 5268 3266 5324 noceant;
3295 5277 3414 5324 nos.
3443 5274 3498 5319 ut

1921 5365 2201 5423 utramque
2220 5351 2380 5405 vitam
2401 5349 2690 5404 lucremur.
2715 5347 2994 5416 Quomodo
3011 5365 3138 5420 ergo
3155 5367 3260 5407 non
3274 5371 3498 5412 summai

1921 5443 2082 5500 fuerit
2139 5443 2357 5513 ignavia:
2402 5456 2508 5496 non
2559 5448 2756 5494 tantam
2799 5439 3162 5498 fortitudinem
3212 5445 3496 5515 exhibere,

1919 5549 2168 5610 quantam
2197 5539 2230 5592 ii
2263 5539 2350 5604 qui
2378 5545 2599 5605 pereunt
2623 5535 2897 5601 exhibent,
2919 5545 2975 5590 et
2998 5535 3136 5603 lucc,
3163 5553 3284 5593 cum
3309 5551 3385 5596 tot
3403 5557 3498 5596 Ï‰Ï‚

1921 5633 2069 5686 renis
2111 5630 2300 5684 donari
2330 5628 2668 5684 debeamus?
2696 5625 2858 5698 Atqui
2905 5628 3058 5684 nobis
3085 5630 3234 5686 adest
3257 5629 3503 5689 Christus

1921 5723 2228 5789 auxiliator,
2272 5721 2376 5776 illis
2419 5734 2597 5776 nemo.
2645 5719 2758 5775 [loc
2798 5733 2957 5790 porro
2996 5727 3317 5790 praeceptum
3357 5738 3507 5779 man.
