3908 6198
406 326 511 382 διδ

405 443 551 516 davit
574 482 592 508 ,
634 458 755 499 cum
803 442 947 499 misit
984 457 1081 499 eos
1110 443 1295 499 dicens
1332 462 1347 499 :
1396 443 1463 499 In
1492 445 1622 499 uiam
1667 444 1888 516 gentium
1926 458 1989 497 ne

409 533 652 590 'abieritis.
687 533 838 589 Mitto
876 534 1020 589 enim
1051 552 1136 589 vos
1159 537 1287 590 sicut
1312 551 1427 590 oves
1471 537 1601 590 inter
1629 535 1796 605 lupos.
1834 534 1897 588 Et
1921 534 1991 587 ad

407 624 647 696 prasides
689 636 739 679 et
780 642 920 696 rcges
962 626 1217 680 ducemiui
1242 626 1453 699 (Matth.
1497 626 1584 682 10.
1624 628 1679 683 5.
1712 626 1801 681 16.
1850 626 1989 693 17);

407 733 549 773 nunc
592 727 771 772 autem
808 717 939 772 illud
978 718 1197 788 gravius
1222 728 1277 774 et
1324 719 1500 774 acrius
1528 720 1810 789 expressit.
1839 719 1995 775 'l'unc

406 811 549 864 enim
584 819 810 865 mortem
840 819 1042 865 tantum
1081 809 1295 865 dicebat
1322 828 1337 869 :
1366 810 1454 867 hic
1479 827 1607 868 vero
1628 812 1789 867 etiam
1818 812 1994 868 crucis

409 901 735 955 mentionem
767 901 908 965 fecit,
936 910 992 955 et
1019 902 1193 956 crucis
1214 912 1481 971 perpetua;
1507 920 1521 957 :
1550 918 1672 958 nam
1695 903 1791 970 ait,
1822 902 1993 958 Tollat

406 1008 607 1045 crucem
632 1008 775 1046 suam
799 1009 823 1057 ;
848 992 900 1047 id
936 1000 1037 1057 est,
1080 992 1238 1047 Ferat
1275 1007 1507 1063 semper,
1548 1003 1603 1048 et
1633 1002 1828 1064 portet.
1860 993 1994 1050 Illud

408 1098 569 1152 porro
595 1081 773 1138 facere
796 1082 1003 1139 solebat
1022 1082 1237 1153 ubique,
1263 1098 1369 1138 non
1399 1084 1468 1136 ab
1497 1083 1649 1138 initio
1672 1094 1726 1139 et
1749 1084 1990 1151 exordio,

407 1175 502 1231 sed
542 1176 741 1230 sensim
787 1185 842 1230 et
873 1176 1126 1245 paulatim
1172 1176 1370 1246 majora
1404 1186 1667 1246 praecepta
1713 1176 1989 1241 inducens,

408 1282 475 1320 ne
498 1266 768 1321 auditores
798 1266 874 1321 rei
901 1267 1160 1337 gravitate
1206 1268 1569 1322 turbarentur.
1603 1268 1806 1324 Deinde
1826 1310 1841 1335 ,
1870 1269 1992 1339 quia

408 1359 460 1411 id
496 1357 635 1428 quod
664 1357 865 1413 dictum
904 1356 1079 1413 fuerat
1105 1401 1120 1426 ,
1149 1359 1339 1413 durum
1368 1374 1488 1414 esse
1529 1359 1842 1424 videbatur,
1873 1359 1994 1415 vide

406 1447 679 1515 quomodo
711 1448 763 1502 in
803 1449 1152 1518 sequentibus
1187 1449 1348 1504 leniat
1378 1450 1529 1512 illud,
1562 1459 1831 1519 ponatque
1856 1466 1994 1520 pne-

412 1540 514 1592 mia
550 1539 777 1594 sudores
807 1540 1111 1607 superantia
1138 1557 1153 1606 ;
1179 1556 1350 1611 neque
1387 1542 1605 1611 praemia
1633 1552 1861 1607 tantum,
1896 1542 1989 1597 sed

407 1632 657 1702 nequitiae
684 1632 945 1702 supplicia
980 1651 991 1684 :
1023 1633 1075 1686 in
1104 1633 1297 1702 quibus
1325 1635 1493 1704 magis
1528 1644 1796 1701 versatur,
1824 1650 1985 1705 quam

409 1726 461 1778 in
485 1724 624 1790 aliis,
664 1725 916 1794 quoniam
958 1740 1065 1779 non
1098 1725 1167 1778 ita
1212 1724 1472 1779 bonorum
1504 1725 1643 1780 dona
1664 1767 1678 1791 ,
1712 1736 1771 1779 ut
1804 1741 1995 1795 pinna-

408 1834 527 1872 rum
550 1816 1016 1883 comminationes,
1040 1819 1236 1873 multos
1264 1818 1331 1873 ad
1358 1835 1541 1873 sanam
1569 1831 1802 1875 mentem
1834 1820 1993 1875 redu-

408 1924 532 1963 cere
553 1908 750 1963 solent.
780 1908 1163 1964 Animadverte
1195 1924 1358 1980 porro
1394 1910 1664 1979 quomodo
1706 1911 1829 1965 hinc
1861 1912 1995 1965 inci-

410 2000 519 2069 piat
542 2009 599 2055 et
628 1999 680 2054 in
717 1998 948 2069 idipsutn
979 2000 1210 2055 desinat.
1257 2002 1350 2057 25.
1386 2001 1704 2070 Quicumque
1729 2004 1865 2057 enim
1912 2019 1997 2057 ro-

411 2093 559 2147 luerit
583 2094 811 2146 animum
848 2110 995 2147 suam
1017 2094 1211 2147 salvam
1254 2094 1440 2163 facere,
1484 2094 1655 2165 perdet
1684 2111 1793 2149 eam
1828 2112 1849 2150 :
1875 2096 1992 2166 qui-

409 2200 620 2254 cumque
645 2184 918 2253 perdiderit
944 2185 1168 2237 animant
1213 2201 1358 2239 suam
1402 2196 1609 2255 prapter
1643 2202 1741 2251 me,
1779 2186 1999 2239 inveniet

412 2294 541 2331 tam.
571 2276 663 2331 26.
701 2276 837 2343 Quid
857 2278 990 2329 enim
1018 2277 1218 2346 prodest
1244 2279 1437 2331 homini
1458 2279 1502 2331 si
1533 2277 1777 2332 mundum
1798 2279 2001 2332 univer-

412 2386 523 2421 sum
550 2368 774 2421 lucretur
800 2409 815 2432 ,
844 2368 1030 2422 animt:
1053 2384 1168 2422 vero
1192 2384 1299 2421 sua:
1338 2370 1688 2422 detrimentum
1732 2370 1956 2438 patiatur
1974 2370 2001 2423 ?

413 2471 499 2513 aut
519 2477 669 2529 quam
698 2461 835 2513 dabit
862 2461 1011 2514 homo
1059 2462 1501 2515 commutationem
1540 2478 1633 2532 pro
1654 2463 1826 2516 anima
1867 2463 2001 2516 sua?

415 2552 467 2605 Id
492 2562 573 2605 est
620 2569 632 2604 :
674 2550 793 2605 Non
830 2550 970 2620 quod
1012 2551 1163 2605 vobis
1201 2568 1305 2605 non
1343 2567 1579 2622 parcam,
1634 2553 1742 2607 imo
1772 2558 2003 2608 maxime

415 2655 641 2711 parcens
668 2640 783 2695 luee
811 2642 1085 2712 praecipio.
1121 2641 1252 2696 Nam
1282 2645 1369 2711 qui
1402 2646 1571 2713 parcit
1593 2645 1701 2699 lilio
1730 2660 1848 2710 suo,
1883 2660 2003 2713 per-

412 2734 491 2788 dit
520 2735 703 2799 illum;
732 2735 821 2803 qui
870 2751 975 2788 non
1006 2736 1194 2803 parcit,
1233 2746 1412 2790 servat
1435 2752 1582 2791 eum.
1638 2738 1791 2805 Quod
1836 2739 1998 2792 etiam

414 2825 628 2895 sapiens
673 2824 889 2893 quidam
930 2825 1138 2879 dioebat
1188 2826 1291 2879 :Si
1315 2828 1618 2894 percusseris
1654 2828 1819 2894 filium
1861 2838 2004 2881 tuum

416 2918 573 2986 virga,
592 2932 693 2969 non
716 2916 955 2968 morietur
985 2931 1004 2969 :
1042 2919 1247 2969 nimam
1273 2927 1439 2970 autem
1457 2919 1567 2987 ejus
1595 2936 1626 2971 a
1644 2930 1802 2972 morte
1823 2920 2005 2986 eripies

417 3004 599 3073 (Prov.
650 3007 740 3061 25.
794 3008 922 3073 il);
979 3021 1042 3060 ac
1095 3023 1328 3073 rursum,
1383 3010 1484 3076 Qui
1529 3010 1797 3080 refrigerat
1837 3012 2004 3080 [ilium

416 3114 587 3163 suum,
617 3098 791 3166 ligabit
828 3099 1037 3153 vulnera
1084 3102 1193 3169 ejus
1233 3100 1420 3171 (Eccli.
1468 3102 1553 3157 50.
1586 3105 1638 3170 l)
1676 3122 1689 3155 :
1724 3103 1819 3157 hoc
1843 3106 2002 3158 etiam

418 3189 471 3242 itt
518 3189 754 3243 exercitu
786 3188 863 3242 ﬁt.
894 3189 1023 3243 Nam
1048 3192 1092 3245 si
1138 3191 1244 3245 dux
1306 3209 1526 3262 parcens
1557 3196 1831 3259 militibus,
1862 3198 2005 3252 intus

416 3280 597 3348 iubeat
642 3296 857 3351 semper
884 3297 1136 3345 manere,
1171 3295 1275 3337 tam
1318 3286 1511 3341 milites
1552 3303 1710 3357 quam
1757 3290 1890 3344 alios
1932 3292 2007 3345 si-

417 3372 527 3426 innl
570 3373 886 3442 corrumpit.
927 3372 1005 3427 Ne
1048 3374 1208 3444 igitur
1250 3376 1408 3430 etiam
1455 3378 1604 3431 vobis
1635 3379 1761 3433 illud
1798 3384 2012 3437 contin-

417 3473 539 3532 gat,
585 3462 785 3531 inquit,
831 3474 1044 3534 oportet
1069 3481 1164 3520 vos
1193 3477 1499 3536 perpetuam
1529 3470 1596 3524 ad
1628 3482 1854 3527 mortem
1886 3489 2007 3530 esse

422 3563 656 3622 pantos.
693 3553 825 3609 Nam
855 3565 910 3611 et
933 3571 1095 3626 grave
1141 3557 1337 3613 bellum
1389 3576 1510 3615 mox
1556 3565 1909 3620 escimbitur:
1940 3582 2007 3620 ne

418 3662 545 3717 ergo
574 3648 716 3702 intus
740 3648 1059 3714 sedeas,sed
1081 3651 1166 3704 exi
1191 3663 1245 3705 et
1270 3665 1539 3723 pugnato;
1567 3657 1610 3709 si
1639 3656 1690 3709 in
1720 3660 1835 3712 acie
1862 3660 2007 3714 ceci-

419 3739 581 3805 deris,
637 3750 764 3795 tunc
789 3743 952 3795 vitam
982 3743 1249 3798 invenisti.
1293 3745 1423 3800 Nam
1472 3748 1516 3801 si
1559 3748 1612 3802 in
1658 3750 1806 3805 hisce
1854 3752 2007 3808 bellis

418 3830 728 3895 sensilibus,
760 3833 852 3902 qui
903 3843 1181 3904 promptus
1204 3846 1258 3890 et
1301 3848 1513 3905 punitus
1538 3841 1605 3894 ad
1652 3842 1853 3897 aedem
1900 3857 2004 3910 est,

420 3922 509 3977 hic
533 3924 825 3992 praeclarus
850 3926 989 3979 inter
1010 3936 1238 4003 caeteros
1263 3938 1317 3981 et
1348 3930 1574 3985 invictus
1598 3932 1826 3988 habetur
1854 3977 1869 3998 ,
1901 3937 2007 3990 ini-

421 4013 574 4066 micis
615 4013 994 4069 lormidolosus
1019 4024 1103 4070 est
1124 4058 1138 4081 ,
1169 4033 1491 4088 quamquam
1518 4021 1561 4074 si
1592 4024 1869 4089 moriatur,
1899 4042 2006 4081 non

422 4105 588 4174 possit
612 4120 733 4160 eum
760 4106 1055 4176 Imperator
1081 4110 1359 4175 suscitare,
1386 4129 1482 4183 pro
1509 4130 1617 4185 quo
1642 4132 1788 4172 arma
1819 4122 1961 4192 cepit
1988 4140 2002 4176 :

421 4198 590 4253 multo
610 4199 779 4270 magis
809 4201 862 4254 in
901 4202 1048 4256 hisce
1076 4203 1261 4270 bellis,
1312 4207 1404 4261 ubi
1447 4223 1571 4278 spes
1595 4215 2008 4271 resurrectionis

422 4290 687 4356 habetur,
740 4292 831 4361 qui
883 4293 1116 4349 animam
1159 4309 1309 4350 suam
1350 4298 1417 4353 ad
1470 4311 1699 4358 mortem
1750 4307 2005 4375 exponit,

420 4382 652 4437 inveniet
705 4397 864 4438 eam:
895 4385 1088 4454 primo,
1133 4387 1257 4456 quia
1292 4404 1397 4443 non
1438 4392 1547 4445 cito
1592 4394 1871 4462 vincetur;
1914 4412 2004 4453 se-

417 4472 614 4536 cundo,
642 4475 764 4544 quia
788 4475 891 4531 etsi
914 4476 1190 4544 ceciderit,
1218 4480 1285 4535 ad
1315 4482 1595 4539 meliorem
1620 4487 1780 4542 vitam
1810 4489 2007 4558 perdu-

426 4565 499 4619 cit
514 4579 654 4618 eam.

486 4657 543 4712 3.
571 4656 772 4713 Deinde
793 4659 915 4727 quia
944 4659 1077 4714 dixit
1104 4678 1119 4716 :
1140 4661 1242 4728 Qui
1260 4664 1367 4717 vult
1386 4666 1609 4721 animam
1630 4686 1777 4723 suam
1809 4673 2005 4728 salvam

418 4753 607 4819 facere,
664 4750 837 4819 perdet
882 4767 993 4805 eam
1018 4794 1033 4817 ,
1071 4763 1117 4807 et
1154 4757 1451 4823 quicumque
1481 4762 1653 4828 perdet
1675 4805 1690 4828 ,
1746 4765 1959 4821 salt'abit
1986 4786 2007 4823 :

419 4842 505 4895 hic
531 4851 587 4897 et
615 4841 722 4896 illic
748 4843 976 4899 salutem
1005 4854 1061 4899 et
1111 4847 1463 4916 perditionem
1513 4856 1729 4923 posuit,
1776 4873 1845 4911 ne
1886 4862 2006 4930 quis

418 4943 697 5004 utramque
729 4934 813 4989 vel
841 4934 1194 5005 perditionem
1225 4940 1307 4993 vel
1345 4942 1571 4998 salutem
1598 4948 1858 5017 a‘qualem
1884 4966 2007 5008 esse

417 5034 585 5093 putet.
612 5024 709 5079 sed
758 5025 908 5080 clare
946 5026 1154 5095 discat,
1186 5038 1390 5085 tantum
1430 5048 1552 5089 esse
1595 5036 1742 5091 illam
1787 5041 1925 5096 inter
1952 5052 2007 5098 et

417 5115 555 5172 hanc
570 5116 797 5171 salutem
823 5118 1136 5185 discrimen,
1154 5130 1411 5191 quantum
1424 5123 1566 5180 inter
1579 5130 1929 5197 perditionem
1950 5144 2006 5189 et

415 5207 644 5263 salutem
673 5224 689 5271 ;
715 5217 774 5263 et
816 5224 882 5264 ex
911 5213 1199 5266 contrariis
1233 5214 1349 5269 haec
1378 5216 1447 5271 ita
1473 5221 1788 5289 comprobat
1818 5242 1831 5275 :
1867 5226 2005 5292 Quid

414 5301 548 5352 enim
588 5300 791 5370 prodest
819 5302 1010 5357 nam
1036 5304 1080 5357 si
1123 5305 1369 5361 mundum
1398 5311 1687 5365 universum
1736 5315 1958 5370 lucretur
1982 5359 1999 5383 ,

412 5391 601 5444 animo
641 5406 759 5444 rem
798 5407 907 5445 sua
956 5394 1307 5450 detrimentum
1337 5401 1608 5466 patiatur?
1652 5403 1837 5460 Viden'
1864 5422 2002 5476 qu0«

415 5480 579 5536 ntodo
613 5481 763 5537 salus
790 5494 977 5539 contra
1000 5486 1090 5555 jus
1117 5486 1303 5558 fasque
1331 5505 1661 5563 comparata,
1686 5508 1742 5552 et
1770 5499 2001 5567 perditio

411 5582 515 5639 est,
537 5582 593 5627 et
614 5575 760 5629 omni
786 5575 1086 5644 perditione
1106 5579 1363 5648 deterior,
1393 5594 1576 5655 utpote
1611 5604 1732 5657 quae
1758 5592 1828 5644 sit
1856 5591 2000 5645 insa-

415 5663 637 5729 nubilis,
666 5666 806 5734 quod
859 5666 989 5721 nihil
1035 5669 1107 5723 sit
1132 5671 1269 5725 ultra
1293 5713 1309 5736 ,
1350 5690 1458 5744 quo
1486 5692 1547 5731 ea
1578 5681 1746 5747 possit
1774 5681 2002 5738 redimi?

411 5751 523 5810 Nec
545 5754 715 5824 dicas,
743 5756 949 5827 inquit,
978 5758 1211 5815 animam
1257 5778 1408 5820 suam
1456 5783 1703 5828 setvasse
1753 5774 1845 5844 qui
1875 5777 1996 5831 talia

1113 327 1171 384 S.
1208 324 1488 385 JOANNIS
1506 325 1978 385 CHRYSOSTOMI
2016 321 2333 381 ARCHIEP.
2371 324 2900 387 CONSTANTINOP.

3581 338 3682 396 5η

2105 440 2343 510 pericula
2368 444 2640 510 evaserit;
2672 444 2767 501 sed
2807 462 2929 501 cum
2978 449 3155 505 anima
3196 451 3312 522 ejus
3353 468 3493 523 pone
3524 456 3681 511 etiam

2099 541 2271 588 totum
2309 533 2519 589 orbem.
2545 535 2682 604 Quid
2727 537 2851 594 hinc
2892 539 3010 609 plus
3058 542 3272 598 habebit
3316 544 3409 599 illa
3440 546 3684 615 perdita?

2100 623 2197 679 Dic
2226 625 2369 679 enim
2417 625 2548 680 mihi
2570 668 2585 694 ,
2620 628 2663 682 si
2702 627 2930 684 famulos
2960 639 3078 686 tuos
3108 632 3317 689 videres
3368 635 3420 690 in
3476 636 3685 692 deliciis

2099 729 2242 782 esse,
2292 725 2455 787 teque
2484 717 2537 773 in
2569 720 2825 775 extremis
2865 722 3021 777 malis
3041 765 3057 790 ,
3088 738 3155 778 an
3182 726 3304 795 quia
3331 727 3584 782 dominus
3607 744 3684 794 es,

2099 808 2224 863 hinc
2247 808 2517 879 quidpiam
2570 820 2624 866 te
2653 812 2849 867 lucrari
2879 815 3145 883 putares?
3173 816 3543 889 Nequaquam.
3574 819 3686 875 lloc

2098 900 2274 970 ipsum
2301 901 2369 958 de
2398 904 2579 959 anima
2605 906 2803 977 cogita,
2831 923 2953 963 cum
2982 924 3149 965 carne
3177 912 3228 966 in
3259 913 3468 968 deliciis
3503 924 3561 969 et
3602 916 3689 969 dio

2097 991 2243 1047 vitiis
2269 1003 2477 1063 agente,
2504 995 2592 1050 illa
2623 995 2852 1052 futuram
2880 1001 3165 1069 perniciem
3194 1014 3489 1073 eXSpectat.
3524 1006 3688 1073 Quam

2098 1092 2266 1136 autem
2291 1083 2429 1138 dabit
2449 1086 2599 1141 homo
2618 1091 3057 1145 commutationem
3077 1109 3169 1162 pro
3195 1096 3366 1148 anitna
3384 1114 3478 1151 sua
3498 1098 3525 1151 2
3552 1097 3693 1152 Rur-

2099 1188 2191 1228 sus
2218 1175 2411 1231 eadem
2443 1178 2495 1231 in
2519 1193 2584 1234 re
2604 1178 2822 1235 insistit.
2852 1181 2985 1237 Num
3018 1183 3199 1250 aliam,
3230 1186 3416 1256 inquit,
3442 1190 3679 1244 animam

2100 1265 2267 1321 habes
2294 1309 2308 1331 ,
2353 1283 2513 1338 quam
2554 1270 2650 1325 des
2693 1285 2793 1341 pro
2821 1274 2997 1329 anima
3025 1276 3151 1328 tua?
3194 1275 3450 1332 Pecunias
3474 1280 3615 1334 enim
3643 1280 3687 1334 si

2102 1356 2425 1427 perdideris,
2440 1360 2571 1414 alias
2588 1375 2683 1431 pro
2699 1362 2911 1417 amissis
2926 1374 3077 1433 potes
3094 1366 3341 1436 supplere
3358 1383 3373 1432 ;
3390 1369 3624 1440 itemque
3644 1371 3695 1424 si

2100 1448 2336 1513 domum,
2362 1452 2407 1505 si
2425 1468 2630 1520 servos,
2646 1455 2690 1508 si
2703 1456 3116 1524 quamvisbliam
3132 1460 3522 1528 possessionem
3542 1481 3555 1515 :
3575 1461 3690 1516 ani-

2101 1558 2244 1598 mam
2276 1560 2403 1599 vero
2428 1546 2473 1599 si
2502 1548 2816 1615 perdideris,
2844 1549 3002 1603 aliam
3029 1565 3133 1605 non
3178 1552 3377 1621 poteris
3407 1553 3539 1609 dare
3576 1555 3685 1609 ani-

2102 1649 2280 1688 mam:
2310 1636 2404 1690 sed
2429 1638 2634 1693 etiamsi
2654 1640 2909 1694 mundum
2938 1640 3161 1712 habeas,
3186 1645 3395 1700 etiamsi
3422 1663 3515 1701 rex
3547 1647 3691 1702 orbis

2100 1726 2198 1792 sis,
2222 1741 2321 1782 nec
2346 1728 2390 1781 si
2417 1731 2595 1783 omnia
2621 1746 2739 1799 qua:
2768 1731 2821 1785 in
2844 1734 2972 1787 urbe
3001 1743 3145 1800 sunt,
3179 1735 3287 1790 imo
3310 1751 3408 1792 nee
3432 1737 3478 1791 si
3516 1738 3695 1809 ipsum

2102 1819 2289 1874 orbem
2321 1835 2571 1890 poneres,
2612 1837 2797 1892 posses
2820 1825 2903 1880 vel
2945 1826 3176 1881 animam
3208 1845 3366 1884 unam
3406 1829 3688 1888 redimere.

2104 1909 2307 1979 Ecquid
2336 1912 2529 1966 mirum
2576 1914 2621 1967 si
2646 1914 2697 1967 in
2725 1915 2902 1969 anima
2932 1917 3004 1971 ita
3032 1919 3121 1986 sit,
3156 1934 3278 1974 cum
3304 1931 3360 1976 et
3384 1922 3436 1977 in
3466 1906 3695 1995 corpore

2104 1999 2333 2070 ldipsum
2366 2005 2673 2073 perspicere
2720 2005 2920 2061 liceat?
2946 2009 3164 2064 Etiamsi
3205 2011 3350 2068 mille
3390 2014 3695 2071 diademati-

2105 2092 2208 2147 bus
2256 2096 2536 2165 insignitus
2568 2113 2739 2165 esses,
2784 2101 2827 2153 si
2877 2116 3071 2171 corpus
3116 2102 3347 2161 haberes
3390 2110 3692 2165 morbidum

2104 2194 2162 2240 et
2205 2186 2500 2243 incurabile
2521 2232 2535 2252 ,
2567 2206 2670 2243 non
2699 2206 2886 2260 posses
2910 2235 2924 2257 ,
2958 2203 3070 2249 toto
3096 2210 3263 2266 regno
3306 2198 3363 2252 in
3387 2201 3692 2256 mercedem

2104 2277 2273 2345 dato,
2330 2282 2611 2335 sanitatem
2662 2287 2900 2353 corporis
2948 2288 3251 2355 restituere,
3301 2292 3509 2348 etiamsi
3549 2295 3694 2352 mille

2104 2385 2327 2441 corpora
2369 2373 2649 2443 adjiceres,
2683 2379 2841 2432 urbes
2895 2390 3053 2449 atque
3101 2386 3374 2451 pecunias.
3414 2386 3503 2442 Sic
3531 2388 3695 2445 etiam

2106 2464 2174 2517 de
2203 2466 2377 2517 anima
2429 2467 2639 2537 cogita;
2687 2468 2796 2522 imo
2835 2471 3001 2526 multo
3028 2476 3196 2543 magis
3224 2474 3294 2530 de
3335 2478 3533 2542 anima,
3575 2494 3695 2535 om-

2108 2557 2370 2628 nibusque
2411 2559 2529 2615 aliis
2577 2560 2810 2629 relictis,
2842 2579 3059 2633 operam
3090 2575 3256 2623 totam
3294 2573 3345 2624 in
3376 2572 3519 2626 illam
3565 2588 3695 2628 eon-

2108 2648 2268 2703 feras.

2178 2742 2232 2796 4.
2258 2741 2339 2794 Ad
2353 2760 2437 2797 eos
2458 2745 2545 2813 qui
2572 2744 2787 2799 salutem
2808 2750 2997 2803 anima:
3015 2753 3290 2824 negliguut.
3320 2754 3497 2811 Gloria
3515 2768 3567 2813 et
3588 2761 3705 2814 sub-

2107 2834 2294 2884 stantia
2331 2850 2432 2887 una
2462 2833 2639 2890 Patris
2683 2848 2729 2891 et
2776 2838 2921 2894 Filii.
2955 2872 3021 2881 —
3045 2842 3122 2898 Ne
3168 2845 3347 2917 itaque
3387 2847 3456 2903 de
3502 2850 3697 2907 alienis

2109 2924 2403 2991 sollicitus,
2455 2930 2681 2997 teipsum
2720 2941 2775 2987 et
2821 2943 2908 2988 tua
2960 2937 3314 3007 negligas:id
3362 2942 3502 3011 quod
3557 2958 3698 3000 nunc

2108 3030 2298 3070 omnes
2336 3016 2583 3087 faciunt,
2621 3023 2826 3077 similes
2856 3025 2921 3080 iis
2950 3028 3040 3095 qui
3074 3029 3125 3082 in
3158 3032 3389 3087 metallis
3415 3034 3700 3104 laborant,

2109 3108 2198 3177 qui
2231 3108 2360 3162 nihil
2390 3110 2631 3166 utilitatis
2657 3114 2741 3168 vel
2770 3114 3071 3172 divitiarum
3110 3134 3176 3174 ex
3216 3120 3317 3177 hoc
3355 3123 3538 3181 labore
3576 3141 3699 3182 ear—

2110 3210 2239 3267 punt
2272 3216 2286 3264 ;
2320 3200 2412 3255 sed
2441 3202 2665 3257 multum
2694 3204 3021 3275 detrimenti,
3052 3213 3301 3279 quoniam
3329 3213 3521 3270 frustra
3555 3219 3698 3287 peri-

2109 3290 2361 3346 clitantur
2387 3305 2437 3347 et
2470 3309 2567 3363 pro
2599 3298 2720 3351 aliis
2749 3293 3134 3369 periclitantur,
3163 3304 3295 3359 nihil
3324 3322 3390 3361 ex
3415 3308 3701 3366 sudoribus

2110 3394 2165 3438 et
2188 3401 2255 3439 ex
2286 3398 2493 3454 morte,
2533 3405 2692 3459 quam
2722 3393 3035 3463 plerumque
3058 3396 3289 3459 obeunt,
3324 3398 3527 3455 fructus
3557 3403 3702 3458 refe-

2111 3489 2311 3532 rentes.
2359 3479 2467 3535 llos
2512 3482 2663 3535 multi
2710 3500 2853 3539 nunc
2898 3485 3189 3550 imitantur,
3223 3492 3310 3560 qui
3340 3491 3459 3546 aliis
3486 3494 3704 3551 divitias

2110 3578 2381 3638 qna-runt;
2432 3572 2543 3627 imo
2582 3572 2667 3627 liis
2694 3575 3003 3632 miseriores
3023 3589 3168 3646 sunt,
3199 3583 3349 3652 quod
3368 3594 3489 3653 post
3514 3594 3593 3641 tot
3616 3587 3701 3641 la-

2112 3658 2271 3714 bores
2313 3663 2563 3731 gehenna
2611 3679 2709 3719 nos
2746 3678 3042 3738 exspectet.
3096 3668 3203 3727 lllis
3251 3675 3392 3729 enim
3441 3676 3702 3734 sudorum

2114 3751 2273 3805 linem
2298 3767 2447 3807 mors
2476 3753 2667 3809 all'ert:
2699 3758 2850 3812 nobis
2883 3769 3058 3815 autem
3102 3763 3305 3818 initium
3350 3766 3497 3823 mille
3528 3770 3703 3825 malo-

2112 3858 2229 3896 rum
2258 3858 2405 3899 mors
2430 3856 2534 3899 est.
2566 3845 2719 3913 Quod
2747 3849 2791 3903 si
2825 3849 2998 3917 dicas,
3033 3861 3086 3908 te
3112 3855 3327 3910 divitem
3358 3859 3460 3912 tuis
3488 3858 3593 3914 frui
3620 3862 3698 3915 la-

2110 3932 2331 3988 boribus
2351 3975 2368 4001 ,
2396 3937 2623 3992 ostende
2651 3940 2887 3995 animant
2924 3943 3097 3998 laetam
3125 3954 3179 4000 et
3207 3947 3425 4003 hilarem
3447 3992 3461 4013 ,
3495 3962 3551 4005 et
3579 3962 3704 4009 tune

2112 4027 2165 4082 id
2188 4029 2428 4084 credam.
2456 4030 2707 4088 Omnium
2746 4036 2942 4105 quippe
2980 4054 3097 4108 qua:
3132 4040 3184 4093 in
3228 4041 3382 4095 nobis
3407 4055 3532 4098 sunt
3556 4046 3705 4115 prin-

2110 4134 2240 4191 ceps
2268 4132 2348 4177 est
2386 4125 2563 4178 anima
2591 4144 2604 4179 :
2633 4126 2775 4195 quod
2814 4129 2859 4181 si
2886 4143 3083 4198 corpus
3124 4132 3211 4186 illa
3241 4136 3490 4190 tabescen
3503 4147 3556 4192 te
3587 4139 3704 4206 pin-

2111 4216 2351 4285 guescit,
2382 4217 2510 4271 nihil
2544 4218 2635 4273 tibi
2669 4220 2915 4275 utilitatis
2955 4222 3113 4275 alTert
3169 4224 3254 4277 illa
3308 4226 3643 4285 abundantia
3688 4276 3702 4287 .

2111 4308 2250 4362 sicut
2272 4310 2416 4362 enim
2446 4311 2640 4365 ancilla
2671 4312 2905 4379 laetante,
2934 4314 3065 4367 nihil
3090 4316 3155 4368 ad
3181 4315 3363 4372 heram
3390 4332 3705 4389 pereuntem

2111 4399 2324 4453 ancilla:
2367 4402 2697 4470 proSperitas
2738 4402 2892 4458 alfert
2911 4444 2927 4469 ,
2959 4420 3058 4460 nec
3084 4405 3211 4475 quid
3239 4409 3449 4464 confert
3476 4414 3705 4468 vestium

2111 4502 2332 4546 ornatus
2358 4492 2427 4546 ad
2454 4495 2632 4547 carnis
2660 4496 3059 4562 inﬁrmitatem;
3091 4497 3187 4553 sed
3212 4514 3422 4554 rursum
3444 4502 3594 4557 dicet
3612 4506 3705 4561 tibi

2111 4582 2354 4638 Christ
2379 4603 2393 4639 :
2423 4584 2588 4649 Quam
2609 4586 2749 4639 dabit
2770 4587 2920 4641 homo
2938 4591 3377 4645 commutationem
3405 4611 3501 4661 pro
3531 4598 3706 4650 animo

2110 4675 2247 4728 sua!
2276 4676 2615 4745 praecipitqne
2642 4678 2732 4731 tibi
2759 4692 2992 4747 semper,
3019 4688 3077 4733 ut
3103 4680 3168 4734 ad
3197 4681 3339 4735 illam
3384 4687 3703 4742 servandam

2111 4766 2374 4829 vet-seris,
2406 4767 2656 4834 illamque
2685 4782 2839 4822 cures
2864 4769 3057 4823 solam.
3092 4770 3378 4841 Postquam
3426 4776 3591 4845 igitur
3622 4777 3705 4833 bis

2110 4857 2295 4910 verbis
2321 4865 2587 4912 terrorem
2613 4859 2835 4914 incussit
2852 4900 2868 4925 ,
2902 4860 3162 4916 bonorum
3193 4867 3552 4933 promissione
3578 4887 3708 4925 ροη-

2112 4949 2339 5015 solatnr,
2371 4950 2453 5004 his
2479 4952 2658 5005 verbis
2682 4971 2695 5005 :
2717 4953 2805 5007 27.
2852 4952 3020 5008 Filius
3048 4958 3180 5009 enim
3211 4957 3427 5012 hominis
3464 4972 3706 5018 rentum

2110 5052 2188 5094 est
2210 5042 2263 5094 in
2294 5041 2462 5112 gloria
2506 5042 2679 5098 Patris
2722 5062 2837 5097 cum
2876 5048 3065 5100 sanctis
3103 5050 3295 5118 angelis
3330 5052 3463 5118 suis,
3507 5065 3558 5107 et
3588 5065 3707 5108 tunc

2109 5136 2285 5189 reddet
2311 5138 2580 5206 unicuique
2600 5139 2874 5191 secundum
2895 5156 3051 5210 opera
3069 5142 3200 5210 ejus.
3226 5141 3413 5198 \‘iden'
3430 5149 3707 5216 quomodo

2108 5228 2277 5297 gloria
2326 5229 2397 5282 sit
2436 5244 2540 5282 una
2573 5229 2744 5283 Patris
2784 5239 2838 5284 et
2883 5230 3045 5285 Filii?
3088 5232 3240 5298 Quod
3271 5235 3315 5288 si
3352 5236 3522 5306 gloria
3557 5256 3700 5302 una.

2110 5316 2451 5373 manifestum
2483 5330 2564 5373 est
2591 5322 2945 5376 substantiam
2966 5339 3178 5393 quoque
3198 5340 3356 5379 unam
3387 5342 3529 5382 esse.
3567 5329 3702 5384 Nam

2108 5410 2154 5464 si
2197 5410 2249 5463 in
2278 5408 2578 5464 substantia
2623 5427 2765 5475 una,
2824 5412 3128 5469 iliﬂerentia
3182 5424 3267 5470 est
3317 5417 3508 5486 gloriae
3563 5423 3705 5489 (Alia

2106 5502 2305 5572 quippe
2332 5511 2407 5555 est
2446 5504 2611 5573 gloria
2651 5505 2809 5569 solis,
2849 5506 2953 5558 alia
2980 5506 3144 5575 gloria
3178 5508 3340 5573 (unc,
3388 5512 3496 5564 alia
3536 5515 3704 5582 gloria

2106 5594 2405 5649 stellarum:
2434 5596 2582 5649 stella
2622 5598 2757 5649 enim
2790 5615 2823 5649 a
2855 5599 3003 5651 stella
3026 5598 3199 5665 diﬁ‘ert
3218 5602 3271 5654 in
3297 5602 3465 5673 gloria
3494 5604 3543 5677 [ί
3576 5605 3699 5659 Cor.

2111 5687 2205 5742 15.
2236 5684 2349 5759 ll].
2380 5696 2436 5741 et
2465 5697 2642 5741 tamen
2672 5704 2777 5742 una
2811 5699 2891 5742 est
2927 5690 3269 5761 substantia),
3300 5697 3575 5762 quomodo
3608 5714 3699 5752 eo.

2109 5794 2227 5835 rum
2248 5822 2261 5843 ,
2294 5794 2524 5849 quorum
2553 5779 2721 5850 gloria
2750 5797 2852 5835 una
2884 5792 2987 5849 est,
3010 5781 3307 5839 substantia
3333 5786 3543 5843 diverszi
3572 5804 3697 5843 esse
