3850 6222
276 306 3492 382 Ἠ

588 608 595 625 ο
1415 475 1769 688 AN
1782 479 2243 689 IAN
2261 489 2351 687 Ι

258 768 388 983 ΙΝ
484 769 1427 993 EXPOSITIONEM
1554 781 1815 998 DIVI
1940 786 2479 1004 MANle
2601 790 3497 1010 CHRYSOS’I‘OMI

1159 1078 1517 1143 EPISCOPI
1578 1083 2566 1160 CONSTANTINOPOLITANI,

512 1217 954 1332 SUPER
1032 1220 1956 1345 EVANGELIUM
2036 1229 2461 1344 BEATI
2536 1231 3239 1350 ΜΑΤΤΗιίΕΙ

1535 1430 2202 1523 PROLOGUS.

1323 1596 2393 1638 ψ

713 1696 959 1741 ΒΟΜῙΝΟ
1002 1700 1167 1743 VERE
1210 1703 1451 1746 SANCTO
1496 1704 1577 1747 ΕΤ
1618 1706 1991 1751 BEATISSIMO
2033 1710 2317 1754 ORONTIO
2363 1710 2666 1757 EPISCOPO
2704 1714 3007 1762 ANIANUS.

299 1808 572 1870 Piissimi
602 1810 802 1892 patris
819 1809 1128 1892 affectum
1158 1814 1223 1871 et
1256 1809 1708 1888 sapientissimi
1738 1815 1942 1892 artem
1973 1810 2259 1892 magistri
2289 1812 2355 1870 in
2386 1830 2487 1872 me
2518 1813 2759 1889 pariter
2787 1832 3074 1886 exerces,
3108 1833 3297 1892 quem
3331 1817 3497 1878 inter

218 1889 363 1961 has,
396 1906 557 1966 quas
588 1906 704 1967 pro
755 1889 897 1950 fidei
926 1890 1256 1950 vobiscum
1287 1906 1508 1951 amore
1538 1890 1935 1967 perpetimur
1974 1890 2403 1949 tentationum
2451 1892 2793 1968 procellas,
2827 1898 2891 1953 et
2937 1910 2976 1953 a
3005 1889 3276 1955 mterore
3306 1897 3498 1957 simul

216 1976 282 2027 et
308 1986 343 2030 ει
390 1974 650 2045 torpore
684 1968 1012 2039 subducis,
1044 1968 1458 2048 animumque
1494 1968 1822 2029 anxietate
1855 1973 2244 2031 marcentem
2267 1969 2345 2031 ad
2368 1971 2649 2030 studium
2699 1970 3172 2048 Scripturarum
3202 1975 3493 2036 remittis.

212 2049 412 2108 Jubes
452 2048 660 2132 enim,
705 2047 1231 2132 beatissime,__ut
1279 2047 1824 2132 Commentarium
1873 2048 2079 2132 sancti
2126 2048 2414 2132 Joannis
2442 2047 3136 2132 Constantinopolitani
3186 2054 3493 2132 episc0pi,

214 2146 410 2211 quem
448 2127 513 2187 in
544 2128 842 2189 Matth:eo
872 2127 1267 2211 evangelista
1298 2127 1654 2211 nonaginta
1684 2132 1750 2188 et
1776 2144 1909 2187 uno
1934 2127 2101 2188 libro
2137 2128 2470 2211 explicuit,
2528 2130 2595 2211 in
2647 2123 2970 2211 Latina-nr
3002 2123 3316 2210 linguam,
3363 2123 3494 2211 quo

215 2207 459 2283 possim
493 2205 1313 2288 sermone,transfundam.
1348 2206 1536 2288 Quod
1562 2207 1809 2288 utinam
1835 2212 2031 2288 tama
2062 2207 2246 2288 nobis
2283 2208 2613 2269 commode
2643 2208 2779 2269 fieri
2802 2210 3026 2286 possit,
3058 2205 3253 2288 quam
3282 2228 3320 2273 a
3352 2205 3411 2272 te
3431 2219 3495 2273 et

213 2296 579 2364 Opportune
604 2291 667 2346 et
694 2286 935 2346 utiliter
965 2287 1345 2362 imperatur!
1377 2285 1541 2359 Quid
1571 2287 1742 2346 enim
1774 2286 1878 2345 vel
1904 2286 1983 2346 ad
2014 2285 2419 2364 prudentiam
2450 2285 2926 2359 eruditiusﬂrel
2948 2290 3025 2349 ad
3062 2285 3488 2352 exercitatio-

213 2384 363 2425 nem
394 2366 682 2444 ignitius,
713 2366 815 2425 vel
842 2365 921 2426 ad
983 2364 1211 2445 dogma
1270 2366 1607 2444 purgatius
1636 2369 2004 2425 nostrorum
2034 2366 2301 2426 auribus
2356 2365 2686 2440 offeratur,
2737 2383 2934 2444 quam
2981 2370 3289 2445 praeclara
3344 2372 3480 2433 hinc

210 2450 346 2507 tam
377 2445 648 2523 insignis
680 2445 877 2505 animi
910 2444 1280 2524 ingeniique
1305 2446 1761 2505 monumenta?
1794 2445 1871 2503 Et
1906 2445 2028 2524 hoc
2060 2445 2341 2505 maxime
2381 2450 2690 2524 tempore,
2724 2464 2855 2524 quo
2907 2444 3023 2524 per
3077 2450 3482 2510 occasionem

210 2525 643 2600 quarumdam
674 2524 864 2584 nimis
896 2523 1249 2584 difficilium
1302 2525 1758 2601 quaestionum,
1790 2523 2195 2584 zediticationi
2250 2523 2754 2602 morum’atque’
2789 2523 3235 2589 ecclesiasticae
3289 2529 3487 2590 disci-

208 2605 408 2684 plinae
467 2604 623 2665 satis
679 2603 1033 2684 insolenter
1087 2604 1501 2684 obstrepitur.
1531 2605 1651 2663 Pro
1682 2619 1812 2684 qua
1837 2608 2009 2664 certe
2037 2604 2261 2664 beatus
2288 2604 2569 2665 Joannes
2600 2604 2828 2665 cumin
2846 2606 2988 2667 aliis
3008 2608 3332 2684 Operibus.
3355 2614 3489 2668 tum

208 2682 280 2765 i_n
307 2683 430 2744 hoc
459 2686 968 2765 quoquetantus
996 2681 1420 2765 fereubique,
1444 2688 1713 2765 tamque
1737 2683 1954 2743 alacer
1981 2684 2289 2765 assurgit,
2325 2688 2395 2765 ut
2412 2686 2822 2765 evangelistze
2851 2685 3017 2747 dicta
3048 2681 3493 2765 interpretan-

208 2763 317 2831 do,
341 2779 460 2840 pro
481 2762 857 2841 evangeliea
887 2761 1278 2839 perfectione
1308 2762 1643 2823 nobiscum
1675 2778 1966 2841 pugnare
1996 2761 2309 2823 videatur.
2339 2763 2503 2835 Quid
2539 2761 2710 2823 enim
2735 2763 2842 2823 ille
2878 2766 3086 2841 magis
3117 2761 3487 2828 hominibus

208 2842 516 2913 inculcat,
548 2840 743 2919 quam
791 2846 1129 2902 venturam
1157 2858 1342 2901 suam
1373 2840 1812 2911 nobilitatem,
1843 2858 1988 2917 quae
2018 2840 2326 2902 adversus
2352 2842 2689 2902 Manichzei
2719 2843 2962 2904 rabiem
2992 2840 3278 2904 Omnium
3310 2852 3486 2908 recta

207 2921 598 3002 sapientium
627 2938 950 3002 consensu
978 2928 1423 3002 concentuque
1445 2921 1746 3002 laudatur
1763 2920 2134 3002 iLaudatur
2150 2922 2488 3002 autemvel
2515 2921 2580 2980 in
2600 2920 2989 3002 admirabilis
3019 2924 3291 3002 gloriam
3316 2924 3484 2985 Con-

204 3001 680 3081 ditoris,veliob
715 2999 1096 3081 concitanda
1120 3000 1330 3062 studia
1365 3000 1645 3071 virtutis,
1683 3000 1785 3081 vel
1806 2998 1893 3081 ad
1925 2999 2297 3081 castiganda
2321 3000 2484 3081 vitia
2522 3000 2892 3081 voluptatis.
2942 2998 3129 3076 Quid,
3186 3004 3479 3081 inquam,

203 3080 493 3157 pressius
526 3080 633 3140 ille
658 3078 1084 3160 commendat,
1117 3096 1315 3160 quam
1343 3081 1641 3159 ingenitas
1670 3078 1929 3160 nobisa
1950 3079 2083 3160 Deo
2112 3080 2423 3160 libertatis
2451 3078 2668 3160 decus,
2700 3080 2883 3160 cujus
2909 3082 3226 3142 confessio
3254 3078 3486 3160 praeci-

203 3178 410 3237 puum
443 3160 610 3220 inter
646 3177 761 3220 nos
789 3159 1190 3237 gentilesque
1219 3158 1563 3220 discrimen
1593 3160 1734 3219 est?
1759 3158 1881 3232 Qui
1913 3158 2238 3218 hominem
2268 3158 2348 3219 ad
2405 3158 2751 3237 imaginem
2795 3159 2910 3219 Dei
2948 3158 3298 3231 conditum,
3358 3168 3488 3223 tam

204 3237 551 3331 infeliciter
580 3238 690 3331 fati
726 3238 1055 3331 violentia,
1082 3242 1146 3298 et
1162 3238 1479 3331 ‘peccandi
1507 3243 1735 3331 potant
1767 3238 2149 3331 necessitate
2170 3238 2561 3331 devinctom,
2586 3243 2654 3331 ut
2683 3239 2735 3299 is
2766 3240 2957 3331 etiam
2986 3242 3324 3331 pecoribus
3369 3242 3487 3331 in—

206 3317 427 3378 videre
457 3324 746 3397 cogatur.
766 3317 932 3391 Quid
960 3318 1070 3376 ille
1102 3316 1411 3377 adversus
1444 3318 1699 3397 eosdem
1726 3317 2067 3397 magistros
2095 3317 2309 3394 potius
2341 3317 2650 3389 insinuat,
2671 3334 2865 3395 quam
2893 3316 3006 3379 Dei
3039 3336 3179 3380 esse
3210 3320 3486 3397 possibi-

199 3396 295 3459 lia
330 3396 655 3468 mandata,
692 3401 753 3456 et
781 3397 1105 3457 hominem
1136 3397 1332 3456 totius
1360 3396 1461 3456 vel
1491 3413 1634 3473 qua:
1650 3396 1916 3473 jubetur
1944 3396 2045 3456 vel
2078 3397 2387 3458 suadetur
2411 3414 2449 3458 a
2489 3397 2623 3457 Deo
2657 3413 2958 3473 capacem
2994 3416 3135 3460 esse
3178 3396 3431 3460 virtutis
3455 3401 3485 3459 ?

198 3477 348 3550 Quo
383 3476 646 3553 quidem
676 3475 839 3548 solo,
873 3482 936 3536 et
965 3475 1272 3555 iniquitas
1296 3476 1377 3536 ab
1395 3474 1751 3555 imperante
1778 3475 2185 3555 propellitur,
2206 3479 2269 3536 et
2290 3475 2740 3555 przevaricanti
2761 3480 2976 3537 reatus
3008 3476 3311 3555 affigitur.
3339 3480 3482 3539 Jam

202 3573 361 3617 vero
385 3556 505 3616 iste
539 3556 935 3616 eruditorum
962 3554 1179 3625 decus,
1210 3572 1357 3615 cum
1389 3554 1465 3614 de
1492 3555 1605 3615 Dei
1627 3554 1833 3633 gratia
1868 3554 2145 3624 disserit,
2177 3560 2421 3631 quanta
2449 3554 2625 3615 illam
2655 3556 2971 3628 ubertate,
3003 3554 3249 3633 quanta
3279 3558 3473 3618 etiam

200 3638 505 3697 cautione
532 3636 941 3696 concelebrat
978 3634 992 3693 l
1024 3633 1165 3693 Non
1210 3634 1382 3713 enim
1412 3635 1591 3695 estin
1626 3634 1942 3713 alterutro
1973 3638 2086 3693 aut
2113 3633 2439 3703 incautus,
2477 3638 2587 3694 aut
2619 3633 2893 3713 nimius,
2932 3633 3053 3713 sed
3083 3635 3148 3695 in
3202 3641 3480 3713 utroque

201 3714 597 3775 moderatus.
633 3714 735 3774 Sic
763 3715 998 3774 liberas
1026 3712 1304 3773 ostendit
1328 3713 1663 3773 hominum
1691 3712 2080 3786 voluntates,
2114 3717 2185 3771 ut
2212 3713 2290 3773 ad
2317 3713 2433 3773 Dei
2463 3718 2675 3773 tamen
2707 3712 3009 3775 mandata
3035 3712 3321 3775 facienda
3374 3712 3481 3774 di-

200 3796 370 3855 vinae
400 3795 623 3872 gratim
650 3793 1087 3853 necessarium
1117 3793 1359 3870 ubique
1390 3791 2011 3872 fateaturiauxilium
2038 3811 2052 3850 :
2087 3792 2179 3851 sic
2210 3792 2602 3872 continuum,
2626 3791 2854 3872 divinze
2885 3792 3120 3872 Gratiae
3157 3793 3475 3854 auxilium

200 3869 631 3944 commendat,
656 3878 868 3933 utnec
889 3872 1099 3933 studia
1122 3869 1471 3932 voluntatis
1500 3870 1847 3932 interimat.
1867 3870 2026 3931 Cum
2052 3876 2269 3931 autem
2300 3871 2363 3931 in
2396 3871 2642 3931 cunctis
2670 3869 2798 3931 fere
2822 3871 3126 3932 doctrinae
3154 3873 3474 3950 partibus,

200 3958 337 4012 tum
359 3952 759 4029 prmcipuein
778 3951 1227 4012 exhortatione
1244 3950 1497 4022 morali,
1522 3956 1716 4027 atque
1742 3950 1807 4009 in
1827 3950 2123 4010 omnibus
2140 3950 2585 4011 ecclesiasticze
2598 3950 2838 4027 regulis
2862 3950 3235 4027 disciplinas,
3258 3950 3346 4011 ita
3376 3969 3479 4010 no-

198 4028 485 4091 strorum
509 4028 791 4092 concinit
812 4049 928 4109 per
942 4031 1247 4109 universa
1270 4029 1627 4109 sententiis,
1651 4034 1722 4088 ut
1749 4046 1860 4109 eos
1888 4046 2051 4109 pene
2072 4046 2235 4105 quos
2255 4044 2609 4109 numquam
2640 4028 2823 4109 vidit,
2843 4029 3107 4109 omnino
3126 4029 3203 4089 ad
3222 4046 3478 4109 omnem

195 4109 673 4187 Scripturarum
695 4106 1183 4186 intelligentiam
1212 4107 1593 4178 informasse
1620 4106 1941 4187 credatur.
1965 4107 2221 4187 Quanto
2248 4108 2419 4167 enim
2446 4107 2927 4187 exhortandi,id
2947 4107 3479 4177 est,emendandi.

198 4194 300 4253 vel
317 4185 513 4253 etiam
539 4185 1210 4251 exornandi’homines
1236 4203 1455 4247 amore
1478 4190 1797 4254 teneatur,
1824 4185 1944 4246 hoc
1961 4186 2280 4261 praecipue
2297 4202 2491 4262 opere
2515 4185 2817 4246 declarat.
2844 4187 2913 4246 In
2931 4203 3062 4263 quo
3080 4203 3223 4246 cum
3249 4203 3460 4248 susce-

196 4272 366 4350 perit
382 4268 901 4350 commentatoris
916 4266 1217 4350 ofﬁcium,
1233 4270 1475 4350 certam
1484 4263 1999 4350 uniuscujusque
2013 4263 2154 4322 libri
2176 4268 2421 4350 partem
2436 4264 2837 4350 expositione
2848 4264 3461 4350 complens,_r_eliqua

196 4341 409 4411 amica
434 4348 577 4418 sibi,
593 4353 656 4408 et
678 4362 874 4423 quam
900 4343 1361 4422 perfectissima
1375 4347 1581 4423 potest
1601 4342 2073 4423 exhortatione,
2098 4341 2423 4423 producit;
2448 4342 2513 4401 in
2532 4341 2687 4423 ipsis
2702 4358 2965 4423 quoque
2986 4341 3462 4423 expositionum

197 4428 382 4499 locis,
415 4443 559 4503 quae
587 4419 842 4502 quidem
872 4419 1064 4503 plena
1091 4427 1243 4483 sunt
1276 4421 1593 4503 acuminis
1620 4464 1635 4492 ,
1659 4419 1984 4503 ponderis,
2011 4420 2507 4495 consequentiae,
2537 4420 2933 4503 eruditionis,
2958 4419 3273 4503 medulla,
3303 4423 3465 4482 nihil

200 4442 382 4499 IOCIS,
415 4443 559 4503 quae
587 4442 842 4502 qumem
920 4442 1064 4483 lena
1091 4442 1243 4483 sunt
1276 4442 1593 4482 aCUIDlnlS
1620 4464 1635 4492 ,
1659 4442 1984 4497 ponuerls,
2011 4442 2507 4495 consequentiae,
2537 4442 2933 4491 BI'UGIUOIHS,
2958 4442 3273 4489 meuuua,
3303 4442 3463 4482 nlnll

200 4506 404 4584 magis
432 4442 923 4584 intenditaliuJ:
945 4518 1139 4584 quain
1157 4519 1236 4584 ne
1251 4500 1354 4584 vel
1380 4498 2021 4584 exiguamoralitatis
2048 4505 2283 4584 puncta
2300 4504 2635 4584 praetereat
2656 4519 2671 4569 ;
2696 4499 2880 4584 quasi
2897 4498 3006 4575 qui
3022 4499 3284 4584 omnino
3302 4518 3463 4577 pene

204 4577 383 4646 solus
410 4583 750 4646 consilium
801 4577 1033 4642 divin—ae
1077 4580 1237 4660 legis
1287 4579 1666 4660 inspexerit.
1712 4579 1867 4660 Quae
1922 4596 2067 4660 cuni
2097 4578 2452 4660 innumeris
2486 4578 2567 4660 sit
2601 4578 2845 4638 intexta
2877 4578 3114 4660 causis,
3151 4577 3231 4660 ad
3258 4595 3463 4638 unum

200 4672 415 4726 tamen
446 4665 640 4724 ﬁnem
666 4662 883 4722 omnia
913 4656 1181 4731 reducit,
1214 4662 1286 4719 ut
1320 4659 1563 4720 scilicet
1587 4658 1879 4718 homines
1910 4657 2145 4734 quibus
2173 4656 2319 4718 data
2347 4661 2464 4725 est,
2488 4657 2567 4717 ad
2610 4673 2895 4717 amorem
2918 4658 3029 4715 Dei
3054 4656 3462 4734 studiumque

202 4745 454 4805 virtutis
486 4742 811 4805 accendat.
858 4740 1040 4815 Quod
1072 4756 1222 4800 vero
1251 4738 1417 4799 istud
1447 4756 1579 4798 non
1622 4738 1699 4799 ad
1728 4737 2219 4798 ostentationem
2244 4735 2586 4813 quamdam
2610 4735 2818 4805 faciat,
2855 4740 2917 4795 et
2945 4734 3264 4815 faetentem
3287 4736 3460 4796 illam

200 4824 423 4903 gloriae
462 4823 809 4903 vanitatem
836 4814 981 4903 cum
1013 4824 1145 4903 tota
1172 4824 1247 4903 et_
1260 4818 1561 4903 docti-inte
1579 4818 1788 4903 illius,
1832 4821 1896 4876 et
1936 4832 2211 4887 morum,
2241 4816 2351 4903 qui
2379 4816 2569 4903 etiam
2592 4816 2655 4874 in
2687 4815 2937 4892 scriptis
2974 4814 3112 4893 ejus
3138 4815 3457 4903 relucent,

199 4893 622 4973 continentia,
656 4906 789 4961 tum
819 4901 1011 4962 etiam
1041 4898 1185 4960 vitae
1213 4898 1357 4958 finis
1404 4897 1539 4975 ipse
1570 4901 1841 4958 testatur
1874 4915 1889 4954 :
1920 4913 2148 4973 nempe
2179 4895 2353 4975 omni
2381 4895 2487 4955 ille
2517 4911 2811 4975 sermone
2872 4910 3001 4975 non
3060 4893 3461 4975 solummodo

200 4982 521 5054 emendat,
552 4972 659 5042 sed
685 4980 879 5042 etiam
906 4982 1114 5040 armat
1135 4972 1448 5039 auditoris
1475 4977 1784 5037 animum.
1812 4975 2050 5053 Nempe
2072 4972 2212 5035 tota
2233 4974 2371 5053 ejus
2397 4973 2849 5054 etprincipalis
2879 4972 3151 5033 intentio
3178 4976 3462 5054 esthon

200 5069 333 5124 tam
365 5052 681 5139 privatam
713 5061 925 5129 istam,
952 5062 1015 5120 et
1039 5058 1206 5139 inter
1232 5073 1692 5139 prosperorum
1726 5052 2312 5139 opaeaiatitantem
2350 5054 2744 5139 honestatem
2767 5052 3017 5139 docere,
3049 5068 3245 5139 quam
3284 5052 3461 5139 illam

200 5131 488 5219 quotidie
518 5146 846 5218 tamquam
876 5139 942 5198 in
978 5139 1114 5199 acie
1136 5131 1582 5219 dimicantem,
1619 5141 1681 5196 et
1700 5152 1853 5219 qua:
1903 5136 2149 5219 absque
2192 5133 2330 5219 ull_o
2386 5132 2851 5219 dispendioisu-i
2860 5131 3385 5219 _tribu.lati.on_nm_
3404 5136 3466 5191 et

201 5209 483 5283 etedatur
507 5209 919 5291 imbribus,et
944 5224 1172 5279 uratur
1200 5212 1535 5279 ardoribus
1567 5209 1899 5274 instituere
1926 5209 2245 5273 virtutem.
2273 5212 2455 5271 Hane
2475 5212 2678 5289 ipsam
2704 5212 2788 5291 ita
2812 5211 2917 5271 ille
2948 5209 3217 5291 insignis
3242 5210 3466 5291 Eccle—

202 5301 316 5362 siae
348 5301 653 5380 magister
678 5304 742 5380 et
774 5288 966 5380 verus
988 5296 1223 5380 Christi
1253 5293 1946 5380 discipulusimplevit,
2001 5300 2083 5380 ut
2099 5292 2209 5380 illa
2255 5288 2697 5380 or_nnia,7_quze
2746 5290 2821 5380 de
2869 5288 3216 5380 asserenda
3272 5289 3463 5380 etiam

202 5398 321 5458 per
348 5367 616 5441 mortem
646 5379 881 5438 virtute
910 5376 1394 5458 disseruit,_n_on
1416 5367 1749 5458 tam_aliis,
1781 5390 1979 5458 quam
2008 5371 2126 5458 sibi
2159 5370 2422 5458 omnino
2446 5367 2587 5458 soli
2606 5370 2965 5458 inculcasse
2996 5367 3310 5458 videatur.
3342 5368 3461 5458 De-

205 5447 401 5542 nique
429 5460 627 5542 vitam
656 5459 835 5542 illam
864 5457 1039 5517 omni
1069 5457 1151 5518 ab
1181 5447 1610 5542 adolescentia
1628 5447 1980 5542 sanctitate
2009 5450 2381 5542 fulgentem,
2401 5454 2462 5511 et
2492 5450 2555 5542 in
2578 5449 2934 5542 sacerdotio
2965 5447 3136 5542 mille
3163 5447 3461 5542 insigni:

206 5526 325 5600 bus
348 5538 752 5617 perfectionis
778 5545 1097 5617 ornatam,
1127 5536 1320 5597 etiam
1356 5532 1765 5617 passionibus
1796 5549 1910 5617 pro
1928 5526 2190 5617 justitize
2224 5545 2443 5617 amore
2473 5526 3221 5617 decoravit._Quod_certe
3264 5526 3459 5617 alicui

205 5606 505 5680 Ecclesiis
533 5620 597 5677 in
629 5635 785 5695 pace
815 5616 1192 5695 degentibus
1223 5606 1590 5695 provenire,
1616 5606 1889 5695 ingentis
1916 5606 2150 5695 animi,
2166 5608 2538 5695 proculque
2563 5609 2645 5668 ab
2672 5608 2845 5695 omni
2877 5606 3207 5695 hominum
3248 5606 3461 5695 gloria

206 5702 465 5759 remota:
486 5684 740 5770 mentis,
768 5684 1063 5774 rarzeque
1090 5684 1355 5757 omnino
1377 5692 1628 5757 virtutis
1673 5684 1789 5753 6st.
1841 5688 2023 5765 Quod
2049 5684 2263 5751 autem
2294 5687 2359 5747 in
2381 5684 2650 5766 septimo
2678 5688 2862 5750 istius
2895 5686 3059 5747 libro
3087 5685 3298 5764 operis
3350 5684 3464 5743 in-
