3850 6222
190 331 298 388 979
1374 344 1601 402 ANIANI
1657 348 1710 403 ID

1933 344 2234 404 IETATIO.
3348 343 3453 397 980

182 457 385 538 literis
415 458 850 521 admonitione
883 459 1003 521 fuit
1030 476 1218 536 opus.
1247 455 1388 520 Jam
1421 476 1576 538 ergo
1604 459 1943 519 considera
1971 474 2166 538 quam
2198 456 2282 516 sit
2326 461 2629 538 extremae
2661 457 2926 517 omnino
2979 456 3338 526 dementiae,
3376 469 3447 519 ut

181 537 294 614 qui
321 541 498 598 tanta
527 539 900 600 deberemus
934 541 1072 600 vita:
1100 536 1763 616 perfectione—pollere
1789 583 1804 610 ,
1837 545 1909 598 ut
1962 537 2119 596 nihil
2151 553 2415 616 prorsus
2445 536 2647 596 literis
2678 553 3015 614 egeremus
3041 585 3054 604 ,
3117 538 3225 597 sed
3289 541 3448 599 scri-

185 616 391 697 benda
440 618 701 696 Spiritui
734 625 956 680 sancto
983 615 1172 680 corda
1205 636 1324 696 pro
1355 615 1624 697 'pagi’nis
1674 620 2106 697 przeberemus
2130 637 2146 686 ;
2174 615 2390 692 quale,
2419 615 2709 697 inquam,
2737 621 2858 697 est,
2890 616 2968 697 si,
3023 623 3446 695 posteaquam

183 696 456 777 p‘rimam
483 694 658 758 illam
689 699 1074 776 perdidimus
1105 694 1502 777 dignitatem,
1533 694 1729 775 atque
1759 715 1836 756 eo
1864 696 2102 757 redacti
2141 713 2390 777 sumus,
2422 699 2494 777 ut
2532 694 2785 777 scriptis
2841 695 3250 772 indigeamus
3275 694 3300 766 ί,
3362 717 3442 757 ne

184 776 471 836 secundo
500 774 755 854 quidem
785 778 1064 838 remedio
1091 774 1489 838 ad'nostram
1539 774 1802 838 utamur
1829 777 2125 837 salutem.
2157 774 2218 834 Si
2252 774 2422 854 enim
2451 774 2654 834 literis
2686 792 2900 854 egere,
2939 781 3000 833 et
3049 793 3180 836 non
3238 779 3444 851 gratia

183 854 455 932 Spiritus
497 853 697 917 sancti
728 857 1062 934 splendere
1094 857 1414 934 culpabile
1449 861 1567 929 est,
1596 857 1738 916 vide
1765 856 1992 933 quanti
2019 855 2102 914 sit
2130 853 2417 934 criminis
2445 871 2563 913 nec
2590 871 2704 930 per
2741 853 2907 934 istud
2937 855 3256 914 auxilium
3285 858 3447 918 velle

183 933 518 1011 proﬁcere,
555 937 663 996 sed
698 933 884 1012 quasi
915 936 1151 998 frustra
1190 933 1265 997 ac
1289 953 1454 996 vane
1482 936 1688 1013 posita
1715 936 1992 995 etelestia
2021 933 2258 1010 scripta
2289 933 2638 1013 despicere,
2666 936 2728 992 et
2759 933 2965 1011 majus
2988 935 3231 1010 absque
3249 936 3446 995 dubio

182 1015 402 1074 subire
455 1016 862 1092 supplicium.
903 1016 1085 1090 Quod
1117 1034 1197 1076 ne
1233 1012 1501 1083 accidat,
1532 1015 1875 1092 diligenter
1905 1015 2061 1085 haec,
2096 1030 2242 1090 qum
2271 1012 2509 1089 scripta
2537 1017 2711 1092 sunt,
2745 1013 3215 1089 ponderemus;
3250 1022 3311 1074 et
3336 1015 3436 1074 di—

183 1110 440 1154 scamus
470 1091 1007 1171 quemadmodum
1047 1101 1228 1156 vetus
1256 1095 1363 1155 lex
1398 1091 1801 1172 promulgata
1834 1096 1938 1165 sit,
1972 1092 2511 1172 quemadmodum
2561 1091 2754 1172 etiam
2811 1093 3059 1152 Novum
3117 1093 3446 1154 conditum

183 1172 268 1252 sit
301 1173 802 1234 Testamentum.
835 1176 1130 1249 Quonam
1163 1175 1360 1252 igitur
1414 1181 1566 1234 tunc
1604 1171 1794 1233 modo
1827 1174 1939 1235 illa
1973 1175 2080 1232 lex
2116 1171 2266 1252 data
2307 1176 2450 1252 est,
2509 1175 2572 1231 et
2619 1171 2729 1230 ubi
2751 1214 2774 1252 ί,
2830 1181 2894 1231 et
2944 1172 3251 1247 quando?
3303 1175 3444 1234 Post

184 1250 630 1330 [Egyptiorum
655 1254 938 1330 profecto
969 1249 1340 1332 perniciem,
1373 1254 1438 1312 in
1467 1271 1707 1322 eremo,
1741 1254 1806 1311 in
1840 1259 2056 1313 monte
2105 1251 2279 1321 Sina,
2313 1255 2376 1311 et
2421 1249 2597 1332 fumo
2654 1255 2716 1310 et
2746 1251 2892 1328 igne
2923 1252 3308 1313 ascendente
3369 1254 3447 1312 de

184 1338 424 1404 monte,
455 1335 518 1392 et
548 1335 700 1394 tuba
729 1330 1101 1396 terribiliter
1135 1334 1500 1404 insonante,
1555 1340 1616 1393 et
1671 1333 1956 1392 tonitruo
1988 1332 2276 1392 crebrius
2305 1330 2762 1398 comminante,
2795 1334 2857 1389 et
2886 1337 3270 1392 coruscante
3306 1333 3446 1392 ful-

186 1428 369 1491 gure,
399 1417 461 1470 et
492 1412 669 1472 Mose
717 1412 780 1471 in
829 1414 1036 1490 ipsam
1088 1412 1428 1491 caliginem
1479 1413 1669 1472 nubis
1698 1413 2000 1472 intrante.
2031 1411 2102 1470 In
2128 1409 2311 1469 Novo
2349 1426 2499 1470 vero
2530 1409 2804 1491 non‘ita.
2834 1410 2972 1468 Non
3022 1411 3192 1491 enim
3237 1429 3448 1489 neque

187 1489 253 1548 in
284 1508 500 1551 eremo
532 1535 547 1561 ,
581 1509 789 1568 neque
821 1488 886 1551 in
917 1497 1157 1565 monte,
1187 1488 1317 1551 non
1348 1508 1491 1552 cum
1525 1493 1700 1551 fumo
1728 1497 1791 1551 et
1824 1491 2122 1570 caligine,
2154 1505 2284 1549 non
2320 1505 2464 1550 cum
2511 1488 2893 1570 tenebriset
2947 1490 3247 1570 procellis
3289 1511 3304 1549 :
3337 1488 3446 1550 sed

187 1575 476 1629 sumente
504 1571 756 1629 initium
787 1571 909 1643 die,
942 1573 1005 1632 in
1037 1572 1224 1631 domo
1275 1571 1642 1632 sedentibus
1690 1568 1972 1641 cunctis,
1988 1570 2192 1630 multa
2239 1585 2386 1629 cum
2435 1568 2950 1637 mansuetudine,
2989 1569 3292 1630 universa
3323 1571 3448 1631 ﬁo-

187 1649 362 1709 bant.
397 1649 719 1726 Siquidem
754 1651 965 1712 adhuc
991 1652 1116 1711 illis
1147 1649 1565 1710 ferocioribus
1593 1655 1657 1710 et
1683 1649 2131 1711 effrenioribus
2164 1647 2450 1708 humano
2479 1647 2757 1722 quodam
2786 1653 3034 1707 terrore
3063 1665 3225 1725 Opus
3259 1657 3397 1710 erat
3430 1697 3445 1720 ,

185 1731 260 1787 ut
303 1725 672 1808 solitudine,
719 1734 958 1798 monte,
995 1729 1152 1808 igni,
1191 1729 1365 1790 fumo
1390 1773 1405 1799 ,
1465 1732 1766 1791 tubarum
1811 1746 1973 1789 sono
2002 1733 2065 1789 et
2115 1727 2358 1788 caeteris
2396 1725 2632 1808 talibus
2668 1746 2682 1783 ε
2713 1727 3124 1808 sublimiorcs
3162 1747 3312 1789 vero
3368 1732 3447 1790 ad

190 1807 571 1884 perfectiora
597 1809 809 1869 doceri
843 1805 1085 1882 faciles,
1119 1814 1182 1870 et
1214 1808 1324 1886 qui
1354 1808 1485 1887 jam
1517 1809 1953 1887 corporalium
1984 1808 2379 1868 intellectum
2411 1822 2540 1887 usu
2566 1805 2822 1867 virtutis
2853 1814 3290 1876 excesserant,
3327 1809 3446 1869 ho-

187 1883 334 1945 rum
363 1904 508 1963 quae
537 1888 817 1948 diximus
845 1933 860 1958 ,
920 1906 1049 1947 non
1095 1883 1388 1967 egebant.
1424 1887 1604 1961 Quod
1633 1883 1699 1948 ἐἰ
1735 1893 1796 1948 et
1825 1906 2022 1964 super
2065 1887 2393 1967 apostolos
2449 1883 2652 1946 factus
2710 1903 2851 1945 esse
2891 1904 3090 1946 sonus
3139 1887 3439 1958 refertur,

188 1982 320 2024 non
349 1971 612 2044 propter
647 1967 815 2045 ipsos
837 1972 1109 2038 tantum,
1139 1964 1248 2027 sed
1274 1969 1356 2028 ob
1382 1969 1788 2045 praasentiam
1810 1967 2013 2028 factus
2039 1971 2134 2026 est
2160 1964 2527 2045 Iudaeorum
2558 1983 2593 2045 :_
2621 1969 2882 2045 prepter
2915 1983 3079 2042 quos
3111 1971 3173 2026 et
3201 1967 3447 2028 divisus

191 2045 300 2105 ille
346 2045 418 2125 in
469 2043 689 2124 specie
736 2047 1107 2125 linguarum
1163 2047 1328 2125 ignis
1383 2043 1707 2124 apparuit.
1768 2047 1830 2106 Si
1889 2047 2060 2106 enim
2117 2054 2265 2122 post
2320 2044 2456 2125 hac
2497 2043 2709 2125 etiam
2766 2043 3086 2125 mirabilia
3144 2046 3449 2108 dixerunt

188 2123 361 2207 quod
392 2122 564 2207 pleni
591 2122 1068 2207 _essent'musto
1094 2122 1370 2207 apostoli
1408 2122 1603 2206 (Act.
1631 2126 1691 2186 2.
1727 2126 1804 2186 13
1835 2125 1854 2207 )
1884 2145 1899 2185 :
1933 2130 2179 2207 quanto
2236 2124 2442 2202 magis
2489 2122 2614 2207 ista
2650 2123 2965 2207 dixissent
3016 2126 3068 2183 si
3101 2125 3261 2207 nihil
3322 2127 3448 2187 tale

188 2201 540 2283 vidissent?
591 2205 669 2264 Et
721 2205 786 2264 in
844 2206 1056 2266 Veteri
1085 2201 1343 2283 quidem
1400 2201 1809 2266 Testamento
1835 2201 1986 2266 cum
2032 2204 2243 2264 Moses
2275 2201 2776 2283 achndisset_in
2808 2208 3114 2271 montem,
3168 2203 3450 2266 descen—

187 2282 280 2342 dit
312 2282 482 2343 Deus
524 2302 539 2341 :
571 2284 636 2343 in
665 2285 844 2345 Novo
874 2302 1028 2346 vero
1057 2281 1202 2345 cum
1233 2288 1451 2346 nostra
1481 2285 1547 2343 in
1579 2286 1828 2355 caelum,
1864 2284 1994 2355 imo
2022 2284 2086 2342 in
2118 2284 2327 2361 ipsum
2359 2281 2640 2359 regalem
2662 2281 2970 2341 thronum
3000 2289 3168 2344 esset
3199 2284 3448 2347 elevata

187 2371 448 2432 natura,
481 2363 754 2440 Spiritus
792 2369 1053 2426 sanctus
1096 2364 1422 2425 descendit
1452 2363 1529 2424 de
1556 2365 1732 2424 caelo.
1760 2363 1883 2438 Qui
1916 2363 1968 2424 si
2001 2368 2169 2423 esset
2205 2361 2415 2420 minor
2445 2361 2763 2442 (utetiam
2810 2362 3212 2439 blasphemat
3236 2364 3450 2442 impie-

189 2445 342 2518 tas),
367 2458 721 2520 numquam
752 2442 886 2518 illa,
919 2461 1064 2521 qua:
1093 2443 1372 2505 adventu
1428 2442 1566 2521 ejus
1605 2443 1771 2504 facta
1817 2447 1991 2512 sunt,
2024 2442 2270 2521 majora
2296 2445 2533 2521 essent,
2568 2441 2902 2521 magisque
2929 2442 3243 2503 miranda.
3287 2441 3448 2506 Nam

185 2526 252 2579 et
281 2522 517 2582 tabulae
545 2519 681 2582 istae
707 2528 858 2582 sunt
883 2519 1129 2599 absque
1157 2523 1352 2584 dubio
1376 2519 1709 2595 meliores,
1744 2526 1806 2582 et
1835 2519 2144 2582 virtutum
2175 2522 2398 2580 merita
2430 2519 2729 2599 clariora.
2762 2521 2902 2580 Non
2942 2522 3112 2580 enim
3165 2521 3446 2585 descen-

186 2599 424 2659 derunt
452 2602 728 2678 apostoli
757 2601 833 2662 de
862 2598 1104 2673 monte,
1133 2602 1385 2663 tabulas
1407 2601 1692 2679 lapideas
1719 2599 2059 2663 afferentes
2087 2602 2150 2660 in
2181 2599 2477 2679 manibus
2506 2598 2672 2658 sicut
2699 2599 2989 2678 Moyses;
3014 2600 3121 2659 sed
3152 2608 3448 2663 sanctum

189 2677 511 2754 Spiritum
526 2685 736 2741 mente
766 2686 1120 2759 portantes,
1145 2688 1206 2741 et
1235 2677 1612 2741 thesaurum
1638 2681 1982 2758 quemdam
2011 2679 2380 2759 dogmatum
2400 2677 2848 2759 donorumque
2871 2686 3229 2759 gestantes,
3287 2699 3410 2742 cun
3435 2718 3452 2728 ς

189 2749 574 2836 ('torumque
628 2749 865 2820 fontem
893 2779 975 2821 ex
1003 2778 1072 2820 se
1101 2749 1496 2821 effundentes
1525 2749 1866 2830 bonorum,
1900 2749 2129 2820 omnia
2143 2758 2522 2824 circuibant,
2557 2757 2685 2816 vivi
2732 2749 2992 2834 quidam
3035 2759 3179 2819 libri
3202 2749 3223 2828 ,⁷
3247 2762 3452 2821 γίνω-

188 2838 521 2919 q‘ueleges
555 2837 756 2899 effecti
790 2858 902 2918 per
927 2841 1146 2919 gratiae
1177 2841 1558 2917 largitatem.
1595 2838 1696 2901 Sic
1725 2840 1848 2901 tria
1883 2839 2106 2907 millia,
2137 2839 2230 2897 sic
2280 2837 2473 2919 etiam
2503 2837 2796 2919 quinque
2833 2837 3032 2919 millia
3062 2838 3394 2900 hominum
3425 2883 3443 2912 ,

190 2917 287 2976 sic
325 2916 822 2979 innumerabiles
853 2916 1124 2996 populos
1157 2916 1302 2979 toto
1320 2925 1637 2979 terrarum
1684 2920 1839 2978 orbe
1888 2920 2320 2986 attraxerunt,
2354 2916 2486 2996 Deo
2521 2933 2634 2996 per
2663 2916 2922 2976 illorum
2959 2916 3246 2994 linguam
3281 2938 3447 2979 cun-

190 2996 308 3055 etis
339 2997 788 3060 accedentibus
815 2995 1165 3058 disserente
1198 2999 1359 3075 (Act.
1384 2998 1447 3056 2.
1480 2997 1579 3057 Iri.
1614 3006 1671 3057 et
1710 2998 1769 3056 ιι.
1797 2995 1858 3075 ιι)
1880 3041 1896 3069 ,
1929 3013 1968 3058 a
1993 3014 2124 3072 quo
2155 2995 2708 3075 etiamMatthaaus
2735 2997 3019 3073 repletus
3051 2997 3293 3074 Spiritu
3323 2999 3446 3061 ista

191 3077 574 3153 conscripsit
592 3097 608 3135 ι
628 3077 961 3139 Μξιῐῑιιίειιε
978 3079 1084 3137 ille
1108 3073 1490 3154 publicanus
1516 3097 1533 3149 ;
1565 3094 1696 3137 non
1711 3073 1884 3137 enim
1902 3077 1984 3136 ab
1997 3081 2134 3135 arte
2155 3091 2275 3136 sua
2300 3073 2878 3154 illum_erubuerim
2906 3073 3308 3153 nuncupare,
3329 3096 3447 3138 nec

193 3154 376 3213 illum
405 3150 692 3226 omnino,
723 3175 841 3217 nec
868 3150 1175 3234 reliquos.
1211 3158 1347 3217 Hoc
1373 3162 1469 3217 est
1519 3156 1690 3217 enim
1733 3155 1908 3233 quod
1965 3154 2246 3215 maxime
2277 3150 2555 3213 ostendit
2582 3151 2854 3230 Spiritus
2885 3155 3088 3215 sancti
3121 3150 3393 3234 gratiam
3428 3201 3444 3226 ,

192 3250 550 3296 eorumque
575 3235 897 3296 virtutem.

279 3251 418 3293 rum
471 3252 550 3295 ue
575 3251 897 3296 Vll‘llllem.

275 3311 334 3370 2.
363 3251 782 3392 ligangelihm
806 3331 981 3385 vero,
1015 3331 1144 3373 non
1181 3315 1294 3374 abs
1325 3331 1396 3373 re
1423 3313 1704 3390 quidem,
1729 3311 2143 3389 scriptionem
2183 3327 2367 3371 suam
2405 3310 2678 3371 vocavit.
2730 3311 3056 3447 Siquidem
3103 3331 3443 3390 poenarum

281 3393 649 3447 blationem.
685 3394 937 3447 veniam
965 3398 1396 3447 neeeatnrum.
1435 3391 2006 3447 sanetiﬁcationem
2029 3434 2044 3447 .
2080 3394 2276 3447 atque
2336 3389 2642 3447 iustitiam
2679 3435 2690 3447 .
2729 3409 2796 3447 re
2843 3392 3227 3447 emptionem
3255 3439 3271 3447 -
3321 3395 3443 3447 ad.-

195 3389 649 3456 sublatione'm,
685 3394 937 3453 veniam
965 3398 1396 3465 peccatorum,
1435 3389 2006 3452 sanctiﬁcationem
2029 3434 2044 3454 .
2080 3394 2276 3466 atque
2336 3389 2642 3458 iustitiam
2679 3435 2690 3453 .
2729 3389 3227 3466 redemptionem
3255 3439 3271 3460 .
3321 3395 3445 3455 ad-

189 3475 524 3551 optionem
553 3469 746 3551 etiam
770 3468 1076 3551 ﬁliorum,
1103 3473 1173 3551 Aet
1210 3471 1513 3551 caelorum
1534 3471 1984 3544 hereditatem,
2026 3477 2089 3533 et
2116 3491 2261 3533 cum
2288 3473 2402 3532 Dei
2444 3473 2608 3532 Filio
2639 3472 3126 3543 fraternitatem,
3150 3474 3453 3539 omnibus

189 3548 325 3612 tum
351 3550 646 3619 inimicis,
681 3552 816 3608 tum
844 3548 1151 3630 improbis
1180 3549 1334 3630 etin
1355 3551 1638 3611 tenebris
1672 3551 2042 3613 sedentibus
2078 3553 2421 3630 nuntiavit.
2451 3553 2615 3612 Num
2641 3552 2794 3630 quid
2817 3552 3022 3630 possit
3049 3570 3192 3613 esse
3213 3553 3462 3629 aequale

191 3633 291 3692 his
318 3635 447 3690 tam
479 3630 664 3709 bonis
707 3628 1222 3709 nuntiis?_Deus
1248 3628 1312 3688 in
1349 3630 1536 3689 terris
1564 3674 1580 3702 ,
1636 3631 1829 3690 homo
1860 3631 1924 3691 in
1961 3631 2116 3693 crelo
2153 3651 2167 3689 :
2202 3629 2369 3694 facta
2421 3636 2520 3692 est
2552 3628 2841 3692 omnium
2883 3648 3015 3692 una
3061 3628 3404 3709 permixtio
3439 3677 3456 3704 ,

188 3709 402 3787 angeli
437 3707 982 3789 cumhominibus
1005 3707 1373 3789 jungebant
1389 3709 1647 3779 choros,
1679 3710 1970 3773 homines
2005 3710 2218 3771 choris
2247 3710 2648 3772 addebantur
2698 3710 3007 3789 angelicis
3037 3707 3079 3778 ,’
3105 3716 3298 3786 atque
3330 3729 3463 3772 caa—

190 3790 458 3848 lestibus
495 3788 664 3868 aliis,
703 3787 1133 3868 supernisque
1161 3786 1529 3848 virtutibus.
1565 3790 1713 3849 Erat
1739 3807 2004 3850 cernere
2031 3791 2373 3868 antiquum
2406 3795 2671 3868 repente
2707 3786 2996 3867 praelium
3027 3789 3411 3850 dissolutum
3441 3835 3458 3859 ,

191 3869 391 3928 Deum
426 3866 793 3927 hominibus
834 3867 1341 3938 reconciliatum,
1370 3868 1700 3928 diabolum
1737 3886 1888 3929 vero
1928 3866 2304 3931 confusum:
2336 3866 2657 3932 daemones
2695 3866 2840 3929 cum
2879 3874 3157 3929 tremore
3201 3868 3460 3946 fugien—

190 3953 308 4027 tes,
340 3951 606 4007 mortem
635 3951 1030 4027 peremptam
1070 3947 1179 4026 (a),
1205 3948 1574 4024 paradisum
1601 3954 1920 4026 apertum,
1949 3949 2464 4011 maledictionem
2493 3954 2831 4020 remotam,
2861 3955 3192 4027 peccatum
3224 3949 3299 4007 de
3324 3966 3461 4008 me—

187 4026 295 4086 di’o
329 4027 677 4095 sublatum,
712 4026 1108 4104 exagitatum
1135 4045 1445 4099 errorem,
1474 4029 1808 4089 veritatem
1830 4047 2182 4102 reversam,
2223 4030 2474 4106 pietatis
2507 4026 2876 4090 sermonem
2897 4029 3136 4106 ubique
3171 4029 3457 4088 semina-

189 4111 351 4176 tum,
385 4106 625 4188 ubique
657 4115 1047 4188 crescentem
1073 4150 1112 4188 ,Α
1135 4107 1452 4188 caelestem
1505 4110 2067 4169 conversationem
2111 4110 2177 4169 in
2228 4113 2413 4170 terrae
2445 4110 2711 4188 regione
2740 4109 3121 4185 plantatam,
3182 4107 3454 4188 virtutes

188 4197 506 4266 supernas
531 4185 936 4266 familiariter
966 4184 1302 4266 nobiscum
1333 4187 1696 4262 loquentes,
1742 4192 1806 4247 et
1839 4189 1916 4249 ad
1945 4194 2152 4248 terras
2191 4206 2358 4266 saepe
2385 4184 2650 4266 angelos
2677 4184 3089 4257 ventitantes,
3116 4204 3328 4264 exque
3355 4187 3454 4248 bis

183 4262 369 4344 spem
403 4263 649 4344 ﬁrmam
683 4262 1072 4344 futurorum.
1108 4265 1451 4344 Propterea
1482 4266 1678 4343 igitur
1703 4266 2126 4344 Evangelium
2167 4262 2302 4327 ista'
2324 4262 2591 4328 vocatur
2621 4266 2888 4327 historia
2913 4311 2930 4338 ,
2977 4267 3164 4343 quasi
3217 4262 3463 4327 scilicet

186 4341 411 4424 omnia
440 4343 570 4424 alia
614 4344 810 4402 verba
842 4341 1453 4424 inaniagdoceantur
1478 4341 1555 4424 ac
1583 4361 1810 4414 vacua,
1836 4341 2073 4422 quibus
2106 4347 2316 4406 solent
2346 4347 2690 4424 praesentia
2739 4347 2861 4407 ista
2890 4341 3176 4423 promitti
3211 4365 3224 4401 :
3260 4349 3331 4404 ut
3352 4363 3460 4405 co-

188 4424 296 4501 pia
327 4421 717 4504 di_vitiarum,
747 4427 819 4480 ut
847 4421 1144 4504 potentia:
1175 4423 1572 4504 magnitudo,
1601 4429 1672 4484 ut
1692 4421 2105 4504 principatus
2141 4431 2203 4486 et
2234 4421 2478 4504 gloriae,
2525 4426 2627 4486 vel
2679 4421 2960 4485 honores
2981 4470 2996 4495 ,
3034 4429 3095 4484 et
3120 4441 3455 4500 quaecum-

188 4500 317 4582 que
344 4500 472 4561 alia
514 4502 681 4560 bona
727 4518 866 4561 esse
885 4500 1184 4582 homines
1215 4500 1637 4564 arbitrantur.
1670 4500 1826 4577 Quze
1856 4500 2007 4564 vero
2033 4500 2426 4582 piscatorum
2456 4511 2608 4566 sunt
2636 4505 3021 4566 annuntiata
3043 4504 3278 4575 verbis;
3309 4521 3459 4581 pro-

188 4580 328 4658 prie
354 4594 430 4641 ac
461 4597 606 4640 vere
635 4580 970 4661 evangelia
1016 4582 1460 4651 nominantur,
1495 4600 1626 4643 non
1662 4587 1912 4644 tantum
1941 4580 2097 4661 quia
2124 4583 2309 4644 ﬁrma
2342 4589 2515 4654 sunt,
2548 4601 2625 4645 ac
2657 4584 2914 4660 penitus
2944 4580 3320 4652 immobilia,
3350 4600 3460 4643 su-

189 4660 1155 4740 praqueinostramgeminentia
1184 4661 1556 4740 dignitatem
1584 4682 1599 4720 :
1627 4663 1735 4723 sed
1792 4660 2129 4740 quia’cum
2172 4664 2348 4723 omni
2399 4665 2592 4725 etiam
2644 4663 2949 4724 facilitate
2986 4662 3173 4722 nobis
3219 4662 3458 4724 donata

191 4746 367 4802 sunt.
417 4739 558 4799 Non
587 4740 760 4818 enim
789 4738 1121 4800 laboribus
1154 4738 1414 4809 nostris,
1447 4748 1642 4818 atque
1673 4738 2045 4813 sudoribus,
2093 4760 2223 4803 non
2279 4742 2611 4804 doloribus
2662 4749 2726 4803 et
2780 4744 3084 4803 arumnis
3120 4762 3137 4800 :
3178 4742 3286 4801 sed
3344 4760 3459 4818 per

185 4819 298 4880 Dei
319 4820 384 4901 in
401 4836 517 4880 nos
540 4818 1361 4901 tantummodocaritatem,
1379 4826 1508 4880 tam
1528 4823 1797 4899 grandia
1817 4822 1949 4882 haec
1970 4823 2289 4900 promissa
2307 4823 2735 4900 suscepimus.
2760 4822 2876 4883 Sed
2897 4821 3216 4901 principio
3237 4821 3456 4901 requi-

185 4898 456 4960 rendum
483 4895 600 4970 es't,
623 4915 919 4979 quaenam
936 4898 1047 4959 illa
1065 4916 1264 4960 causa
1277 4899 1380 4970 sit,
1405 4895 1575 4976 quod
1598 4919 1746 4962 cum
1765 4908 1896 4962 tam
1916 4895 2099 4962 multi
2123 4903 2252 4962 sint
2273 4895 2596 4979 discipuli,
2611 4903 2741 4962 duo
2771 4895 3019 4963 tantum
3034 4895 3128 4961 ei
3144 4895 3455 4977 apostolis

182 4979 495 5048 scribant,
519 4983 582 5038 et
614 4977 741 5037 duo
759 4995 985 5038 eorum
1010 4979 1122 5054 qui
1161 4979 1491 5056 apostolos
1519 4987 1670 5040 sunt
1701 4981 1958 5058 sequuti
1986 5000 2196 5042 :unus
2230 4983 2400 5043 enim
2424 4977 2590 5043 Petri
2617 5028 2630 5048 ,
2661 4983 2827 5044 alter
2850 4981 3030 5042 Pauli
3054 4979 3408 5058 discipulus
3438 5025 3454 5046 ,
3487 4999 3493 5006 ·

181 5059 456 5138 preeterJ
463 5074 587 5138 oan
599 5075 742 5117 nem
757 5063 861 5134 atq
873 5075 956 5138 ue_
971 5057 1342 5118 Matthaaum
1357 5059 1709 5138 Evangelia
1723 5057 2168 5120 condiderunt.
2186 5062 2349 5135 Quia
2370 5063 2612 5122 scilicet
2629 5062 2789 5121 nihil
2808 5060 3157 5122 ambitione
3176 5060 3330 5117 moti
3357 5057 3449 5118 fa-

181 5136 460 5206 ciebant,
483 5137 592 5196 sed
631 5138 844 5196 omnia
869 5136 965 5218 ad
979 5138 1334 5218 utilitatem
1373 5136 1947 5218 referebant.Quid
1991 5141 2233 5218 igitur?
2263 5143 2398 5200 Non
2446 5141 2804 5201 sufficiebat
2834 5157 3004 5199 unus
3055 5138 3459 5216 evangelista

178 5223 414 5279 cuncta
442 5233 727 5276 memora
738 5215 1216 5298 re‘IHSufﬁciebat
1233 5217 1515 5298 quidem,
1537 5219 1642 5278 sed
1659 5237 1804 5279 cum
1822 5215 2239 5296 quatuorsint
2261 5221 2370 5296 qui
2384 5221 2734 5298 Evangelia
2749 5215 3318 5298 conscribant,nec
3335 5218 3460 5277 eis-

181 5298 326 5358 dem
357 5301 527 5357 certe
567 5297 988 5378 temporibus,
1009 5303 1121 5355 aut
1139 5299 1202 5355 in
1227 5297 1466 5378 eisdem
1484 5298 1662 5369 locis,
1693 5317 1903 5375 neque
1926 5300 2168 5376 pariter
2184 5301 2552 5378 congregati
2564 5297 2812 5376 {neque
2833 5302 3058 5378 mutuo
3080 5297 3456 5378 colloquen-

181 5385 304 5448 tes,
349 5381 413 5436 et
436 5380 651 5436 tamen
700 5375 885 5451 quasi
912 5393 1044 5456 uno
1071 5393 1183 5435 ore
1211 5377 1429 5437 omnia
1455 5379 1874 5453 pronuntiant
1893 5398 1906 5436 :
1928 5375 1998 5437 ﬁt
2017 5379 2137 5439 hoc
2156 5379 2295 5439 sine
2312 5375 2508 5441 dub—io
2529 5375 2817 5439 veritatis
2849 5377 3092 5456 grande
3112 5376 3460 5456 documen-

181 5462 347 5516 tum.
390 5456 625 5515 Verum
657 5473 692 5515 e
719 5455 1072 5526 contrario,
1112 5455 1356 5532 inquis,
1415 5456 1536 5518 ista
1570 5475 1674 5517 res
1707 5457 1934 5518 accidit
1961 5477 1975 5514 :
1999 5459 2066 5518 in
2099 5459 2315 5519 multis
2343 5460 2514 5521 enim
2557 5459 2792 5519 diversi
2816 5455 2985 5517 inter
3005 5475 3079 5517 se
3107 5455 3458 5516 inveniun-

179 5542 322 5608 tur,
365 5552 442 5595 ac
470 5533 735 5592 dissoni.
764 5535 900 5594 lmo
929 5535 1049 5595 hoc
1089 5535 1301 5612 ipsum
1334 5537 1688 5596 maximum
1717 5543 1814 5597 est
1838 5538 2279 5598 testimonium
2310 5538 2621 5599 veritatis.
2666 5537 2727 5597 Si
2781 5537 2952 5597 enim
2986 5554 3070 5598 ex
3116 5540 3251 5595 toto
3299 5540 3363 5594 et
3391 5535 3456 5594 in

177 5616 483 5675 omnibus
515 5619 971 5696 consonarent,
1027 5618 1090 5696 et
1116 5632 1262 5675 cum
1318 5615 1515 5676 nimia
1569 5616 1921 5695 diligentia,
1954 5623 2148 5694 atque
2208 5634 2389 5691 cura,
2434 5623 2628 5696 atque
2687 5616 2767 5677 ad
2799 5621 3142 5696 tempora,
3181 5631 3258 5674 ac
3311 5613 3456 5674 loca

181 5696 404 5756 omnia
434 5738 452 5767 ,
497 5709 706 5770 usque
749 5693 828 5755 ad
856 5694 1112 5772 singula
1163 5696 1500 5772 aequaliter
1527 5693 1726 5759 verba
1757 5693 2243 5770 concurrerent,
2290 5715 2479 5760 nemo
2522 5693 2832 5760 inimicus
2874 5693 3251 5758 credidisset
3318 5708 3457 5752 um-

242 5917 316 5974 (a)
351 5914 404 5964 lu
428 5920 589 5961 amco
629 5911 835 5970 legitur.
863 5924 1012 5961 eam...
1047 5920 1259 5971 δεδιμίνον,
1293 5914 1418 5976 quod
1455 5914 1714 5976 signiﬁcat,
1741 5920 1938 5964 mortem
1980 5912 2258 5964 devinctam.

500 6012 771 6070 Ρηιιυι.
822 6012 938 6068 (in.
987 6011 1200 6069 LVIII.

3027 6000 3102 6056 27
