3850 6222
392 326 497 385 981
1591 338 1822 397 ANIA'NI
1863 340 1912 397 ll‘

2118 338 2439 399 RETA‘I‘IO.
3522 324 3635 383 θεῖ

378 458 781 546 quam_quin
835 458 924 518 illi
977 460 1300 546 comniuni
1332 459 1411 520 ad
1449 459 1895 546 decipiendum
1931 461 2202 546 consilio
2231 455 2627 546 congregati,
2678 454 2863 546 quasi
2912 470 2995 546 ex
3040 453 3335 546 humana
3364 455 3658 533 quadam

379 535 1295 617 conspirationetevangelium
1324 535 1780 600 condidissent.
1842 541 1979 600 Non
2012 540 2185 600 enim
2219 535 2645 617 simplicitatis
2676 535 2889 617 fuisse
2926 539 3056 617 tam
3106 535 3449 617 sollicitam
3490 552 3659 617 con-

378 613 746 679 sonantiam
775 613 1162 696 iudicarent.
1193 618 1376 678 Nunc
1407 636 1559 678 vero
1594 637 1739 696 quae
1768 619 2017 680 videtur
2043 620 2107 679 in
2140 618 2333 677 rebus
2378 615 2630 696 exiguis
2657 613 3081 696 dissonantia,
3134 614 3218 675 ab
3272 613 3447 696 omni
3470 693 3481 696 Α
3508 614 3663 696 illos

381 697 752 774 suspicione
778 692 1067 758 'dcfendit
1095 741 1111 767 ,
1149 702 1212 757 et
1251 698 1406 757 satis
1439 692 2060 760 clare-scribentium
2097 692 2643 758 existimationem
2677 697 2929 774 tuetur.
2964 692 3026 752 Si
3073 709 3244 774 vero
3277 692 3529 774 aliquid
3578 694 3663 753 de

379 771 775 856 tem—poribus
805 793 881 837 ac
907 776 1064 837 locis
1109 777 1283 836 varie
1318 776 1654 849 dixerunt,
1702 779 1860 838 nihil
1891 778 2151 856 quidem
2181 776 2495 836 dictorum
2537 772 2910 856 praeiudicat
2937 771 3232 856 veritati.
3266 772 3385 856 sed
3435 779 3662 833 tamen

379 850 573 932 prout
595 854 937 916 donaverit
973 856 1138 916 Deus
1170 856 1677 934 progredientes,
1713 850 2059 918 etiam—ista
2100 856 2431 917 declarare
2459 853 2848 934 tentabimus
2888 870 2902 909 :
2935 850 3098 934 illud
3146 858 3290 934 post
3325 853 3464 934 hinc
3509 869 3662 928 quae

378 930 663 1015 diximus
696 935 1118 1015 postulantes,
1164 930 1235 995 ut
1262 930 1602 1015 diligenter
1638 938 1872 997 notetis
1903 959 1917 996 :
1953 936 2125 1015 quod
2174 935 2240 994 in
2271 934 2399 994 illis
2432 931 2895 1015 principalibus
2924 930 3177 1015 causis,
3211 931 3574 1015 inquibus
3599 936 3667 990 et

382 1013 514 1075 vita
560 1008 781 1074 nostra
809 1019 871 1074 et
908 1008 1409 1091 praedicationis-
1426 1032 1676 1077 summa
1711 1008 2028 1089 consistit,
2062 1030 2385 1091 nusquam
2415 1008 2659 1091 aliquis
2698 1011 2957 1091 illorum
2986 1010 3093 1091 vel
3114 1010 3179 1070 in
3212 1010 3489 1091 minimo
3511 1008 3665 1091 dis-

381 1110 648 1173 crepare
676 1089 1099 1173 convincitur.
1134 1094 1290 1173 Quai
1318 1111 1472 1155 vero
1516 1095 1640 1157 ista
1674 1098 1866 1156 sunt?
1916 1096 2153 1173 Nempe
2179 1089 2352 1173 quod
2379 1092 2550 1153 Deus
2581 1090 2773 1173 homo
2810 1089 3011 1173 factus
3045 1089 3359 1173 sit,_qu_od
3389 1090 3663 1173 mirabi-

380 1172 469 1233 lia
495 1168 802 1252 operatus
823 1215 840 1243 ,
871 1171 1041 1248 quod
1080 1172 1461 1252 crucifixus,
1494 1174 1665 1252 quod
1707 1174 1997 1252 sepultus
2020 1219 2036 1246 ,
2069 1168 2264 1252 quod
2296 1170 2674 1252 resurrexit,
2702 1168 2876 1247 quod
2918 1168 3204 1252 ascendit
3259 1169 3326 1252 in
3383 1169 3620 1252 caelum
3643 1213 3663 1240 ,

380 1247 561 1329 quod
579 1247 985 1330 judicaturus
1015 1257 1132 1320 est,
1182 1251 1351 1329 quod
1379 1247 1691 1314 salutaria
1720 1247 1900 1331 praecl

382 1331 529 1391 tulit
550 1329 774 1393 priori.
814 1330 987 1393 quod
1018 1330 1218 1391 Filius
1252 1332 1363 1393 Dei
1392 1338 1510 1393 est.
1542 1332 1711 1393 ouod
1747 1334 1900 1393 Uniiz

2149 1251 2421 1321 nstituit,
2458 1248 2632 1326 quod
2670 1266 2800 1308 non
2849 1249 3243 1309 contrariam
3284 1247 3504 1327 legem
3546 1249 3663 1307 in-

2143 1376 2159 1393 .
2201 1329 2374 1393 quod
2411 1346 2758 1393 germanus
2794 1334 2858 1388 et
2890 1345 3106 1393 verus.
3137 1326 3312 1393 quod
3362 1327 3663 1393 ejusdem

382 1345 529 1391 iuiit
550 1346 774 1408 priori,
814 1345 987 1406 quoa
1018 1345 1218 1391 r‘iiius
1252 1345 1363 1393 vei
1392 1345 1510 1402 est,
1542 1345 1711 1410 quoa
1749 1345 2120 1411 Unigenitus
2142 1376 2159 1405 ,
2201 1345 2374 1409 quoa
2411 1346 2758 1408 germanus
2794 1345 2858 1388 ei
2890 1345 3106 1399 verus,
3137 1345 3312 1403 quoa
3362 1345 3663 1418 eiusaem

379 1428 529 1490 cum
557 1412 740 1490 Patre
766 1409 1168 1481 substantias,
1205 1416 1277 1490 et
1302 1428 1728 1490 quaecumque
1759 1419 1911 1472 sunt
1957 1413 2133 1474 talia.
2164 1412 2236 1471 In
2276 1410 2374 1470 his
2404 1407 2645 1486 quippe
2674 1407 3359 1490 omni_bus__maximam
3390 1407 3663 1490 illornin

380 1488 785 1549 inveniemus
816 1506 960 1549 esse
1013 1485 1444 1551 concordiam.
1480 1490 1541 1551 Si
1575 1485 1729 1552 vero
1771 1492 1837 1551 in
1869 1491 2197 1553 miraculis
2238 1506 2369 1549 non
2404 1485 2627 1548 Omnes
2687 1486 2908 1549 omnia
2957 1485 3265 1546 dixerunt
3320 1505 3336 1544 :
3396 1485 3513 1546 sed
3554 1486 3661 1545 hic

378 1567 639 1644 quidem
684 1567 819 1638 illa,
855 1568 1019 1627 alter
1046 1585 1200 1628 vero
1225 1569 1354 1630 alia
1391 1571 1714 1641 narravit,
1765 1571 1925 1630 nihil
1961 1576 2022 1632 te
2066 1568 2331 1631 omnino
2384 1567 2745 1629 conturbet.
2797 1565 2957 1625 Nam
3009 1565 3063 1625 si
3125 1582 3295 1625 unus
3340 1565 3663 1626 universa

381 1646 673 1719 dixisset,
701 1646 1067 1723 superfluus
1099 1647 1232 1725 jam
1263 1648 1490 1709 fuisset
1532 1668 1838 1710 numerus
1870 1656 2249 1711 caeterorum
2280 1667 2295 1706 :
2324 1646 2421 1707 sin
2451 1645 2630 1706 varia
2659 1662 2883 1705 omnes
2915 1645 3082 1705 inter
3102 1662 3171 1705 se
3204 1645 3659 1721 scripsissent,

378 1743 458 1787 ac
488 1743 657 1807 nova
682 1725 925 1807 omnia,
949 1724 1210 1807 nullum
1259 1728 1571 1805 potuisset
1600 1729 2066 1791 convenientiae,
2096 1743 2408 1807 apparere
2453 1724 2929 1807 documentum.
2975 1726 3322 1807 Propterea
3374 1728 3443 1784 et
3479 1741 3666 1807 com-

386 1806 668 1866 muniter
698 1806 899 1866 multa
927 1802 1277 1886 dixerunt,
1309 1808 1824 1886 etnihilominus
1855 1802 2494 1886 quisque'pmprium
2529 1802 2775 1886 aliquid
2791 1820 2877 1886 ac
2906 1804 3185 1886 speciale
3235 1804 3659 1880 conscripsit,

383 1890 457 1944 ut
487 1902 698 1967 neque
728 1882 1093 1967 superﬂuus
1122 1903 1265 1946 esse
1295 1884 1618 1948 videretur
1643 1892 1705 1947 et
1731 1882 1971 1950 temere
1998 1882 2309 1967 adjectus,
2340 1901 2417 1947 ac
2444 1883 2636 1945 simul
2667 1884 2957 1945 veritatis
2997 1882 3315 1943 dictorum
3347 1888 3661 1945 exactum

387 1965 697 2043 praeberet
742 1964 928 2023 nobis
959 1964 1253 2025 indicem.

465 2043 527 2125 3.
566 2043 773 2103 Lucas
801 2043 997 2125 igitur
1017 2044 1208 2104 etiam
1232 2060 1495 2125 causam
1523 2045 1727 2123 ponit,
1764 2050 2028 2125 propter
2055 2062 2251 2123 quam
2286 2041 2535 2125 vencrit
2558 2041 2637 2125 ad
2667 2040 3088 2125 scribendum
3092 2060 3117 2125 _:
3146 2041 3229 2103 Ut
3256 2040 3515 2107 habeas.
3548 2041 3663 2100 in-

382 2123 547 2201 quit,
589 2139 798 2182 eorum
828 2118 1177 2202 uerborum,
1209 2122 1282 2182 de
1313 2118 1545 2202 quibus
1572 2118 1854 2187 eruditus
1884 2118 1966 2194 Es,
1996 2118 2315 2186 veritatem
2347 2122 2365 2202 (
2391 2122 2544 2183 Luc.
2578 2122 2635 2181 1.
2668 2120 2744 2201 Ii)
2772 2140 2802 2202 :_
2821 2120 2883 2202 id
2912 2127 3028 2192 est,
3061 2121 3139 2183 Ut
3168 2138 3342 2199 sape
3372 2138 3665 2202 commeo

387 2198 562 2261 nitus
584 2205 797 2261 certus
820 2200 929 2272 sis,
962 2218 1040 2282 ac
1065 2202 1131 2261 in
1153 2198 1530 2265 certitudine
1558 2222 1965 2282 permaneas.
2000 2205 2283 2265 Joannes
2312 2198 2487 2273 vero,
2519 2202 2653 2282 ipse
2696 2198 3663 2282 quidemcausamscriptionis

384 2286 555 2342 tacet
582 2299 597 2339 :
635 2285 706 2341 ut
739 2286 953 2341 autem
980 2280 1171 2361 habet
1198 2282 1512 2361 majorum
1539 2278 1774 2356 sermo,
1802 2288 1864 2345 et
1883 2284 2227 2361 apatribus
2258 2282 2337 2343 ad
2357 2298 2489 2361 nos
2511 2278 2932 2361 delatuspnec
2965 2279 3100 2361 ipse
3129 2278 3208 2340 ad
3240 2278 3664 2361 scribendum

385 2362 834 2442 absquecerta
867 2360 1116 2442 ratione
1140 2357 1486 2423 descendit.
1506 2362 1625 2442 Sed
1650 2364 1804 2440 quia
1829 2357 2094 2442 illa—jam
2119 2362 2309 2422 trium
2344 2357 2874 2442 fueratintentio,
2905 2364 2977 2418 ut
3006 2358 3072 2442 in
3117 2359 3403 2442 suscepti
3434 2376 3663 2442 mora-

384 2444 613 2520 gentur
638 2438 917 2520 hominis
949 2446 1384 2513 sacramento,
1429 2446 1491 2502 et
1518 2440 1596 2503 de
1638 2437 1779 2520 ipsa
1826 2437 2059 2504 deitate
2088 2442 2319 2520 dogma
2349 2439 2835 2520 periclitabatur
2872 2438 3099 2520 taceri,
3125 2437 3203 2499 ad
3240 2438 3661 2520 scribendum

383 2516 641 2601 Qhristo
674 2518 1034 2601 inspirante
1055 2523 1265 2601 motus
1301 2520 1570 2601 accessit
1592 2540 1609 2581 :
1628 2516 1799 2599 quod
1829 2540 1912 2583 ex
1942 2516 2398 2601 ipsaghistoria,
2420 2523 2483 2601 et
2508 2518 2584 2579 de
2610 2516 2940 2601 Evangelii
2970 2516 3338 2601 declaratur
3364 2517 3659 2601 exordio.

382 2597 793 2688 Neque-cnim
819 2596 1343 2688 ab‘inferioribns
1372 2599 1582 2688 coepit,
1614 2596 1686 2661 u't
1712 2601 1923 2688 caeteri
1954 2596 2112 2688 sed
2146 2599 2225 2661 ad
2256 2598 2594 2688 superic'ra
2624 2597 2956 2688 continuo,
2988 2596 3065 2688 ad
3097 2613 3244 2687 qua!
3271 2598 3660 2688 urgebatur,

386 2675 715 2770 ascendit)
749 2680 1015 2770 propter
1041 2694 1187 2770 quae
1222 2678 1456 2770 librum
1472 2675 1698 2770 ipsum
1744 2679 2029 2770 proiecto
2067 2675 2447 2770 composuit.
2478 2678 2700 2770 Neque
2730 2676 2902 2770 e‘nim
2934 2676 3142 2770 soium
3169 2676 3242 2767 in
3274 2675 3659 2770 principiis,

383 2753 496 2816 sed
534 2772 650 2837 per
682 2755 880 2837 totius
894 2754 1037 2837 fere
1066 2753 1665 2837 Evangeliites'tum
1688 2753 1994 2837 grandior
2021 2753 2266 2820 caeteris
2309 2753 2687 2837 ingreditur,
2717 2758 2911 2832 atque
2927 2754 3288 2837 sublimior.
3307 2754 3661 2837 Mattheus

383 2833 833 2895 accedentibus
864 2834 942 2895 iis
968 2834 1081 2913 qui
1107 2852 1191 2896 ex
1218 2833 1451 2897 Iudaeis
1481 2833 1734 2898 Christo
1764 2838 2185 2908 crediderant,
2218 2842 2281 2898 et
2315 2833 2718 2914 rogantibus.
2748 2839 2821 2894 ut
2862 2851 3010 2908 quin
3047 2833 3259 2893 verbis
3287 2833 3661 2897 docuisset.

379 2922 515 2983 hinc
534 2919 713 3012 eisin
740 2916 940 3013 liicris
970 2915 1287 3013 servanda
1315 2916 1683 3013 dimitteret,
1716 2916 1984 3013 Hebricc
2010 2916 2240 3013 dicitur
2259 2918 2683 3013 Evangeliuiii
2709 2918 3042 3013 scripsisse
3058 2936 3382 3013 segnpne.
3401 2921 3660 3013 Marcus

428 3016 643 3077 noque
674 2998 739 3057 in
764 2996 1036 3135 JEngxto
1069 2994 1347 3087 idipsum
1370 2995 1748 3087 rogantibus
1781 2994 2056 3086 traditur
2086 2994 2311 3088 fecisse
2341 2994 2694 3076 discipulis.
2725 2999 2803 3059 Et
2838 2994 3086 3062 idcirco
3116 2998 3469 3060 Matthaaus
3511 3002 3661 3077 qui-

428 3098 548 3135 em.
584 3080 801 3135 utoote
870 3092 909 3135 u
955 3091 1063 3135 aiis
1092 3075 1405 3135 scribens.
1440 3073 1601 3133 nihil
1629 3073 1907 3135 amplius
1940 3074 2185 3135 studuit
2207 3076 2566 3135 ostendere.
2594 3094 2788 3135 unam
2815 3078 2988 3135 anod
3018 3096 3100 3135 ex
3133 3078 3416 3135 Abrahm
3452 3090 3518 3135 ei
3547 3086 3638 3135 Da

428 3019 643 3077 noque
674 3019 739 3057 111
764 3019 838 3057 In
886 3019 922 3075 Υ
972 3019 1036 3055 ιυ
1070 3019 1347 3072 ιυιρδωῐι
1370 3019 1748 3072 rogauimus
1782 3019 2056 3055 ll‘iltllllll'
2086 3019 2311 3058 [BCISSB
2341 3019 2694 3076 GISCIPUIIS.
2725 3019 2803 3059 nl.
2847 3019 3086 3062 IGCII'CO
3116 3019 3469 3060 Μειιωωιιε
3511 3019 3639 3077 (ιαμ

380 3019 548 3148 gem,
584 3080 801 3155 utpote
828 3019 1063 3156 fudims
1092 3075 1405 3156 scribens,
1440 3073 1601 3156 nihil
1629 3073 1907 3151 amplius
1940 3074 2185 3156 studuit
2207 3076 2566 3150 ostendere,
2594 3094 2788 3155 quam
2815 3078 2988 3156 quod
3018 3096 3100 3139 ex
3133 3078 3416 3140 Abrahae
3452 3090 3518 3140 et
3547 3086 3639 3141 Da

382 3157 489 3218 vid
544 3151 837 3217 Christus
869 3154 1067 3236 stirpe
1094 3151 1764 3236 descenderat._Lucas
1801 3170 1987 3225 vero,
2015 3155 2256 3236 quippe
2295 3156 2407 3233 qui
2452 3151 2753 3217 omnibus
2790 3151 2857 3217 iii
2885 3175 3223 3220 commune
3247 3159 3661 3236 loqueretur,

382 3253 745 3299 sermonem
788 3231 1085 3311 superius
1131 3231 1448 3299 extendit,
1478 3231 1555 3292 ad
1605 3233 1815 3311 ipsum
1852 3250 2060 3310 usque
2111 3231 2331 3295 Adami
2364 3236 2813 3311 generationes
2851 3242 3209 3299 retrorsum
3250 3231 3665 3298 numerando

381 3314 787 3396 perveniens.
819 3314 897 3373 Et
925 3313 1032 3396 ill_e
1068 3311 1334 3396 quidem
1363 3311 1580 3371 statim
1610 3313 1691 3373 ab
1735 3313 1876 3396 ipsa
1910 3314 2333 3396 generatione
2358 3311 2593 3396 Christi
2648 3316 2843 3396 sumit
2859 3316 3234 3396 exordium.
3278 3317 3461 3377 Nihil
3491 3319 3666 3396 enim

382 3390 587 3474 inagis
618 3393 933 3474 delectare
966 3390 1256 3474 Judieuin
1286 3395 1558 3474 poterat,
1587 3407 1784 3474 quam
1814 3392 1866 3453 si
1909 3390 2234 3454 Christum
2266 3394 2541 3455 Abrahae
2584 3400 2647 3474 et
2673 3395 2933 3457 Davidis
2966 3401 3261 3474 nepotem
3302 3412 3453 3457 esse
3484 3394 3669 3457 dice-

384 3466 525 3536 ret?
558 3473 661 3535 hic
685 3490 845 3554 verc
873 3466 1145 3554 diverse.
1191 3466 1349 3532 Nam
1382 3471 1560 3554 prius
1592 3466 1795 3532 multa
1828 3478 2309 3554 commemorat,
2338 3478 2401 3533 et
2427 3476 2579 3534 tunc
2616 3473 2869 3554 demum
2895 3466 3390 3554 gene'rationum
3415 3476 3669 3537 catalo-

383 3571 537 3634 gum
567 3553 748 3613 texit.
777 3552 1026 3634 Horum
1056 3551 1253 3629 igitur
1285 3550 1586 3634 omnium
1599 3550 2122 3634 consonantiam,
2158 3552 2315 3634 orbe
2343 3569 2605 3634 quoque
2632 3550 2964 3634 ipsoteste
3002 3558 3447 3634 monstramus
3473 3574 3490 3612 :
3514 3556 3669 3631 quia

385 3629 462 3695 ca
504 3649 649 3711 quae
696 3636 847 3692 sunt
879 3630 1046 3711 dicta
1073 3629 1403 3711 suscepit,
1444 3630 2008 3711 testibusquoque
2048 3630 2206 3711 ipsis
2239 3629 2521 3693 veritatis
2560 3629 2863 3693 inimicis.
2905 3632 3233 3711 Siquidem
3270 3635 3498 3695 multa:
3530 3629 3671 3711 post

385 3709 842 3805 illoslhrereses
888 3710 1313 3805 pullularunt,
1349 3709 1675 3805 contraria
1719 3709 1797 3769 iis
1827 3726 1971 3787 quae
2005 3709 2249 3805 scripta
2262 3716 2431 3803 .sunt
2454 3711 2828 3805 Opinantes:
2851 3712 2928 3773 Et
2952 3709 3176 3805 earum
3200 3709 3672 3805 quidemnaliin

386 3793 629 3856 omnia.
661 3807 807 3868 qua:
840 3789 1248 3870 evangelistie
1279 3788 1694 3870 scripserant,
1721 3792 2108 3867 receperunt
2142 3808 2157 3849 :
2190 3790 2524 3870 aliaevero
2551 3790 2938 3869 quibusdam
2967 3788 3303 3853 sententiis
3339 3809 3378 3853 a
3403 3792 3669 3870 reliquo

386 3888 581 3949 opere
612 3866 984 3947 amputatis,
1012 3866 1106 3949 sic
1132 3866 1305 3949 apud
1336 3885 1404 3928 se
1434 3868 1703 3949 scriptas
1734 3871 2145 3949 conservant.
2177 3867 2361 3943 Quod
2386 3868 2438 3949 si
2476 3866 2693 3948 pugna
2723 3870 2943 3949 aliqua
2972 3877 3142 3932 esset
3165 3870 3232 3932 in
3262 3871 3453 3932 dictis
3482 3916 3501 3943 ,
3539 3866 3668 3931 {ie-

386 3945 516 4027 qiie
537 3949 671 4009 istm
701 3945 845 4025 quae
867 3966 946 4027 ex
977 3946 1249 4008 adverso
1276 3945 1636 4027 loquuntur
1663 3946 1939 4007 haereses
1967 3947 2183 4027 omnia
2213 3945 2639 4026 recepissent;
2681 3949 2788 4011 sed
2820 3945 3262 4011 tantummodo
3292 3951 3480 4011 illam
3502 3967 3670 4027 par-

386 4025 537 4107 tem,
569 4026 919 4107 quam__sibi
936 4028 1301 4107 Acernerent
1327 4025 1677 4107 convenire
1709 4044 1723 4083 :
1751 4042 1962 4103 neque
1992 4026 2127 4107 istm
2156 4043 2301 4104 quae
2320 4025 2570 4105 partem
2594 4028 2879 4105 aliquam
2913 4029 3419 4107 receperunt,de
3441 4025 3671 4090 eadem

386 4103 695 4169 adversus
724 4105 886 4166 alias
917 4103 1374 4187 disputassent,
1405 4104 1654 4187 Quippe
1675 4122 1820 4165 cum
1847 4122 1965 4165 nec
1994 4104 2147 4187 ipsa;
2168 4103 2474 4187 clausulas
2499 4103 2766 4179 lateant,
2798 4108 2907 4169 sed
2951 4103 3165 4187 palam
3204 4125 3339 4186 prie
3360 4127 3432 4169 se
3456 4109 3673 4170 ferant

388 4202 532 4247 eam
556 4202 702 4263 qua:
736 4188 837 4265 est
865 4201 1010 4265 cum
1040 4188 1174 4244 toto
1208 4183 1520 4265 orationis
1552 4201 1821 4265 corpore
1846 4186 2319 4265 cognationem.
2340 4186 2417 4247 Ut
2441 4187 2614 4261 enim
2641 4188 2694 4247 si
2720 4183 2972 4265 partem
3001 4183 3285 4265 aliquam
3319 4205 3554 4249 sumas
3585 4206 3669 4249 ex

386 4262 611 4334 latere,
642 4270 705 4325 et
731 4264 797 4324 in
832 4263 1070 4343 exigua
1100 4262 1397 4341 portione
1425 4270 1657 4325 cuncta
1693 4263 2006 4334 invenies,
2041 4282 2123 4325 ex
2162 4265 2399 4343 quibus
2428 4270 2631 4326 totum
2681 4262 2937 4329 constat
2980 4262 3269 4337 animal;
3315 4266 3375 4327 id
3427 4274 3569 4339 est,
3611 4274 3674 4329 et

388 4362 675 4415 carnem,
702 4348 767 4405 et
816 4359 966 4405 ossa
988 4386 1005 4415 ,
1035 4349 1098 4403 et
1137 4359 1397 4414 nervos,
1431 4348 1495 4424 et
1521 4359 1719 4424 venas
1742 4387 1759 4415 ,
1791 4343 2060 4404 arterias
2088 4388 2105 4416 ,
2137 4350 2199 4405 et
2246 4346 2671 4424 sanguinem;
2704 4350 2768 4406 et
2817 4347 3043 4419 totius,
3087 4350 3159 4406 ut
3210 4346 3301 4407 ita
3332 4346 3622 4407 dixerim
3652 4391 3671 4415 ,

388 4440 614 4504 massa)
642 4425 997 4504 vimiatque
1023 4426 1322 4504 naturam
1342 4439 1424 4482 ex
1453 4422 1656 4500 ipsius
1687 4426 1871 4501 parte
1895 4438 2246 4504 cognoscas
2273 4445 2291 4496 ;
2322 4422 2415 4504 sic
2443 4425 2633 4486 etiam
2664 4425 2732 4484 in
2764 4424 3135 4503 Scripturis,
3165 4424 3231 4484 in
3263 4442 3676 4504 unaquaque

390 4502 708 4583 particula
738 4500 1054 4563 dicturum
1079 4546 1097 4575 ,
1142 4501 1340 4561 totius
1374 4507 1554 4583 potes
1607 4500 1871 4563 cernere
1904 4500 2304 4583 afﬁnitatem.
2336 4503 2397 4563 Si
2436 4521 2592 4583 vero
2626 4504 2796 4564 inter
2824 4500 3481 4583 sdevangelistarui'n
3514 4500 3677 4566 sen-

390 4582 605 4642 tentiie
623 4581 1051 4662 dissonarent.
1097 4596 1512 4662 nequaquam
1532 4581 1655 4662 hoc
1688 4586 2029 4662 receptum
2051 4581 2312 4662 fuisset,
2341 4587 2403 4643 et
2431 4582 2586 4643 olim
2611 4583 2983 4662 jamnipsum
3013 4581 3243 4662 dogma
3282 4582 3519 4646 fuisset
3551 4585 3677 4647 de-

389 4664 754 4744 structum:
800 4659 994 4744 Oinnc
1036 4658 1215 4744 animi
1250 4676 1508 4744 regnum
1539 4706 1577 4744 ,_
1605 4660 1847 4744 inquit,
1896 4658 2171 4744 divisum
2223 4660 2518 4744 adversus
2550 4658 2690 4744 sese
2730 4658 3055 4744 desolatiir
3103 4658 3131 4740 ἶ
3165 4662 3335 4744 Luc._
3368 4665 3473 4744 11.
3524 4664 3675 4744 17).

387 4741 570 4801 Nunc
606 4755 768 4833 vero
802 4739 905 4834 vei
960 4740 1082 4834 hcc
1116 4740 1255 4816 ipso
1285 4738 1487 4831 sancti
1543 4737 1823 4831 Spiritus
1865 4737 2437 4834 clarius‘majestas
2468 4740 2743 4834 refulget
2770 4786 2805 4834 ,.
2834 4737 3131 4834 suadens;
3166 4741 3573 4834 hominibus,
3607 4737 3679 4806 iit

388 4837 540 4959 erga
567 4818 947 4896 principalia
979 4819 1090 4879 illa
1132 4818 1470 4897 magisque
1501 4819 1869 4880 necessaria
1896 4824 2198 4881 vacantes
2226 4863 2242 4890 ,
2271 4819 2433 4880 nihil
2461 4821 2543 4882 ab
2587 4818 2687 4882 his
2722 4820 2987 4882 minutis
3019 4820 3356 4882 laedantur.
3560 4818 3563 4819 ⁷

513 4944 527 4959 .
552 4899 667 4991 Ub_i
695 4905 911 4959 autem
942 4915 1167 4959 eorum
1198 4898 1647 4991 unusquisque
1672 4897 1907 4991 degens
1931 4898 2438 4991 scripserit,‘no‘n
2470 4900 2659 4991 valde
2682 4905 2779 4991 est
2808 4918 2926 4991 cur
2945 4900 3416 4991 ccntendamus
3452 4922 3471 4961 :
3507 4903 3681 4991 quod

388 4997 544 5041 vero
571 4979 880 5039 adversus
927 4995 995 5038 se
1026 4993 1157 5036 non
1197 4976 1594 5055 scripserint.
1626 4995 1708 5038 ex
1739 4982 1872 5037 toto
1895 4976 2110 5055 operis
2154 4983 2461 5039 contextu
2489 4978 2720 5041 docere
2761 4979 3178 5041 tentabimus.
3222 4981 3322 5040 Tu
3356 4976 3682 5042 vero'talo

388 5065 487 5120 est
514 5057 692 5139 quod
732 5056 887 5139 facis
940 5072 1195 5139 semper
1241 5054 1609 5139 huiusmodi
1639 5054 2043 5139 dissonantia
2087 5057 2456 5139 accusando
2481 5103 2498 5132 ,
2527 5058 2723 5136 quale
2760 5064 2967 5139 esset,
2996 5058 3051 5120 si
3089 5058 3233 5139 illos
3259 5059 3539 5137 juberes
3572 5079 3683 5139 per

389 5134 607 5217 omnia
637 5134 877 5217 eisdem
919 5136 1013 5197 uti
1066 5134 1813 5217 eloquution‘um_modis
1832 5179 1849 5209 ,
1880 5135 2235 5217 eademque
2265 5138 2469 5217 verba
2498 5134 2755 5214 semper
2791 5135 3083 5216 proferre
3147 5134 3365 5200 Taceo
3389 5134 3589 5217 quod
3616 5140 3681 5201 bi

388 5216 681 5308 ipsitqiii
704 5215 786 5278 ad
814 5231 1071 5308 omnem
1102 5212 1503 5308 pompam_d_e
1543 5214 1863 5276 rhetorica
1893 5212 2387 5308 et_phiiosqpliia
2415 5212 2812 5308 gioriantur;
2852 5218 3090 5308 multos
3122 5212 3579 5308 ebplnriiiics,
3625 5225 3683 5281 εξ

386 5292 467 5356 de
492 5292 733 5357 eisdem
774 5295 989 5357 causis
1021 5294 1375 5354 scribentes
1408 5292 1630 5356 libros.
1672 5311 1799 5353 non
1830 5293 2020 5352 modo
2051 5292 2905 5369 simpliciter'discreparunt
2926 5340 2943 5367 ,
2976 5296 3085 5357 sed
3130 5292 3326 5358 etiam
3359 5298 3493 5360 sibi
3524 5319 3670 5363 con-

383 5379 587 5440 traria
620 5380 930 5457 pleraque
957 5376 1286 5457 dixerunt.
1317 5373 1397 5430 Et
1425 5376 1596 5457 certe
1623 5375 1798 5457 aliud
1829 5377 1928 5457 est
1953 5372 2213 5457 diverso
2234 5373 2424 5457 modo
2453 5373 2609 5457 quid
2635 5373 2871 5457 dicere,
2904 5375 3082 5436 aliud
3111 5376 3410 5441 adverso.
3464 5385 3666 5457 Nihil.

385 5448 675 5534 inquam,
707 5448 941 5514 horum
976 5453 1252 5534 inquor;
1285 5450 1575 5534 procula
1610 5468 1712 5534 me
1738 5448 1931 5534 absit,
1966 5452 2044 5534 de
2088 5452 2353 5534 illorum
2384 5448 2765 5534 insipientia
2801 5470 2919 5534 pro
2949 5458 3365 5534 evangelistis
3406 5448 3671 5527 satisfa-

384 5528 665 5600 ctionem
692 5549 949 5611 parare.
979 5528 1200 5611 Neque
1229 5529 1577 5611 enim‘volo
1611 5528 1689 5611 de
1704 5530 2052 5611 mendacio
2076 5530 2411 5593 adstruere
2448 5528 2821 5592 veritatem;
2844 5532 3008 5593 lllud
3047 5528 3205 5599 sane
3248 5538 3540 5603 libenter
3569 5562 3672 5604 ro-

386 5615 617 5697 garim,
647 5608 942 5697 quonam
968 5608 1157 5697 modo
1177 5609 1629 5697 auctoritatem
1656 5608 1919 5697 dissona
1954 5612 2365 5697 meruissent,
2400 5626 2688 5697 quonam
2709 5617 2897 5697 pacto
2925 5614 3217 5697 obtinere
3247 5622 3623 5696 potuissem
3642 5627 3670 5681 τ

388 5689 558 5759 unde
588 5689 997 5755 admirationi
1027 5694 1244 5750 essent
1277 5690 1633 5766 pugnantia
1689 5690 1858 5749 inter
1903 5707 1973 5750 se
2019 5694 2214 5766 atque
2248 5690 2527 5752 adversa
2580 5690 2850 5752 dicendo
2872 5693 2900 5751 τ
2930 5689 3332 5758 Credebatiir
3370 5700 3663 5764 inaudita

390 5708 558 5759 unde
588 5708 997 5755 admirationi
1027 5708 1244 5750 essent
1277 5708 1633 5826 pugnantia
1689 5708 1858 5749 inter
1903 5708 1973 5750 se
2019 5708 2085 5751 ai
2133 5708 2214 5752 ue
2248 5708 2527 5752 adversa
2580 5708 2900 5752 (ιιεειιαοῖ
2930 5708 3332 5758 medebatur
3370 5708 3662 5764 inaudita

390 5772 803 5853 loquentibus
830 5813 845 5839 ,
875 5776 1009 5828 toto
1049 5770 1205 5853 orbe
1240 5769 1355 5853 iau
1401 5769 1679 5853 abantur
1730 5708 2377 5853 .locentcs._3iimque
2422 5769 2607 5853 multi
2646 5774 2853 5853 testes
2899 5789 3127 5853 eorum
3179 5778 3662 5853 ρι-ωᾱίςειιίουί,

392 5846 815 5922 exsisterent,
847 5855 979 5910 tum
1015 5847 1205 5908 etiam
1238 5846 1503 5922 inimici,
1535 5847 1883 5926 hostesque
1917 5848 2175 5929 plurimi
2217 5868 2231 5908 :
2265 5846 2395 5911 non
2426 5849 2598 5911 enim
2643 5849 2706 5910 in
2732 5867 2861 5913 uno
2895 5852 3118 5931 aliquo
3146 5846 3509 5923 scribentes
3541 5881 3665 5924 aii-
