3850 6222
343 322 450 377 985
1518 335 1748 391 ANIANI
1810 328 2385 392 INTERPRETATIO.
3444 317 3556 375 988

330 423 554 494 mixta,
586 440 705 484 nec
729 423 980 502 publice
1009 422 1074 482 in
1102 425 1412 502 prytaneo
1440 425 1750 502 apparata
1771 421 2099 502 convivia,
2127 439 2244 482 nec
2271 437 2451 502 terea:
2480 425 2730 494 statuae,
2756 438 2875 502 nec
2898 419 3213 502 imagines
3238 413 3564 502 coloribus

327 498 750 575 adumbratis,
775 507 839 564 et
867 498 1249 565 frivola'ista
1277 498 1848 580 atque—vanissima
1872 519 1887 557 :
1913 499 2025 580 sed
2044 500 2173 580 vita
2203 501 2382 580 nullo
2408 518 2716 580 umquam
2751 499 2878 562 fine
2904 498 3282 580 claudenda,
3305 506 3370 560 et
3395 498 3568 580 tilio-

327 599 470 641 rum
496 581 610 642 Dei
641 581 875 644 collata
900 583 1199 644 nobilitas
1221 627 1237 656 ,
1265 578 1540 659 cumque
1567 579 1945 658 angelorum
1965 579 2176 660 choris
2200 579 2528 660 jungenda
2542 578 2790 653 laetitia,
2815 585 2876 641 et
2899 585 3050 642 ante
3080 578 3362 658 regalem
3383 578 3572 658 thro-

327 678 484 721 num
531 679 761 724 secura
785 662 1146 740 prtesentia,
1169 667 1232 722 et
1255 657 1634 739 perpetuum
1662 657 1808 740 esse
1829 675 1974 740 cum
1993 657 2268 740 Christo.

403 740 466 799 6.
502 735 805 802 Doctores
841 759 992 802 vero
1019 741 1204 802 istius
1235 735 1582 817 disciplinae
1606 755 1682 799 ac
1715 737 2058 817 principes,
2077 737 2419 817 publicani
2446 741 2632 811 sunt,
2658 742 2724 800 et
2751 738 3102 816 piscatores
3126 781 3144 808 ,
3175 735 3574 814 pelliumque

326 823 574 880 sutores
597 865 614 892 ,
643 837 771 880 non
801 821 912 894 qui
940 822 1176 898 exigua
1201 816 1691 880 tetate’vixerint
1710 863 1725 884 ,
1758 816 1867 877 sed
1896 819 2006 893 qui
2038 816 2247 878 adhuc
2275 821 2532 889 vivant,
2569 817 2635 878 in
2665 821 3106 898 mternumque
3130 819 3582 893 permaneant.

325 905 404 964 Et
449 902 684 964 idcirco
730 898 1018 979 defuncti
1045 894 1310 976 quoque
1333 903 1606 979 multum
1636 898 1852 960 valent
1882 899 2187 979 prodesse
2215 898 2568 979 discipulis.
2595 894 2766 958 Huic
2795 896 3012 979 itaque
3057 899 3410 977 disciplina
3459 920 3593 964 non

327 1002 473 1044 cum
502 981 868 1042 hominibus
902 975 1138 1039 bellum
1167 975 1264 1056 εει
1286 1018 1303 1048 ,
1324 975 1446 1056 sed
1473 975 1780 1056 adversus
1809 975 2195 1041 saevissimos
2224 975 2584 1056 daemones,
2611 975 2964 1055 contraque
2997 975 3411 1056 incorporeas
3446 982 3596 1044 illas

325 1067 690 1141 potestates.
722 1055 1184 1141 Pro‘pterquod
1215 1060 1278 1115 et
1304 1053 1437 1141 dux
1467 1055 1610 1116 talis
1661 1058 1983 1141 exercitus
2014 1057 2239 1141 nullus,
2270 1059 2365 1140 est
2392 1054 2757 1141 hominum,
2793 1053 3138 1141 nullusest
3167 1053 3549 1138 angelorum
3576 1105 3594 1131 ,

325 1135 435 1203 sed
467 1142 602 1219 ipse
632 1135 1053 1219 proculdubio
1075 1135 1489 1219 Deu_s,Arma
1515 1152 1774 1212 quoque
1795 1137 2067 1219 istorum
2091 1135 2361 1219 militum
2390 1138 2688 1219 naturam
2713 1135 2915 1219 ipsius
2941 1137 3087 1198 belli
3119 1135 3599 1219 consequenter

326 1213 678 1283 imitantur.
709 1218 850 1278 Non
879 1214 1049 1295 enim
1083 1231 1166 1295 ex
1197 1214 1709 1295 ferroparantur
1733 1231 1813 1295 ac
1839 1217 2140 1295 pellibus,
2173 1213 2282 1295 sed
2309 1231 2391 1274 ex
2421 1214 2711 1295 veritate,
2742 1214 2864 1295 fide
2893 1219 3085 1293 atque
3109 1213 3382 1295 justitia,
3410 1228 3598 1280 cete-

328 1302 544 1378 risque
571 1297 936 1378 virtutibus.
960 1294 1279 1368 Quoniam
1307 1293 1504 1378 igitur
1530 1292 1608 1354 de
1638 1291 2004 1378 hujusinodi
2034 1291 2370 1378 disciplina
2398 1292 2722 1378 etiam_l_|ic
2749 1293 2914 1378 iiber
2940 1291 3038 1357 est
3065 1291 3498 1375 conscriptus,
3534 1303 3598 1358 et

328 1370 512 1442 nobis
553 1377 631 1438 de
671 1377 813 1454 ipsa
855 1374 1182 1456 disputare
1225 1370 1626 1456 propositum
1648 1370 2556 1456 est,_diligentius:audiamus
2593 1372 2961 1456 Matthieum
3011 1370 3352 1454 perspicue
3394 1395 3597 1456 super

323 1459 544 1522 eadem
574 1450 1014 1517 disserentem.
1047 1453 1191 1514 Non
1225 1451 1395 1513 enim
1427 1455 1579 1511 sunt
1606 1451 1744 1531 ejus
1778 1450 1979 1526 dicta',
2009 1451 2119 1514 sed
2147 1450 2420 1531 Christi,
2447 1451 2558 1528 qui
2589 1451 2794 1528 ipsius
2838 1450 3220 1516 informator
3246 1462 3345 1516 est
3385 1450 3597 1518 disci-

367 1539 534 1599 linaa.
567 1537 749 1598 Hanc
785 1551 939 1613 ergo
970 1533 1241 1613 sollicite
1272 1530 1749 1613 consideremus
1779 1576 1795 1607 ,
1833 1537 1906 1613 ut
1933 1533 2002 1593 in
2033 1532 2146 1594 illa
2173 1530 2367 1613 etiam
2395 1546 2766 1613 mereamur
2786 1531 3061 1613 adscribi
3092 1577 3108 1606 ,
3148 1539 3211 1594 et
3251 1535 3318 1595 in
3365 1553 3598 1596 eorum

349 1609 890 1698 ulgerenumero',
920 1613 1040 1698 qui
1060 1611 1237 1698 prius
1267 1611 1762 1698 eam__servando
1787 1612 2161 1698 nituerunt,
2194 1613 2257 1670 et
2284 1609 3021 1698 immarcescibilesillas
3051 1620 3443 1698 acceperunt
3471 1633 3598 1698 eo-

323 1690 540 1760 ronas.
575 1696 646 1755 Et
675 1693 855 1753 multi
891 1691 1148 1770 quidem
1183 1690 1620 1772 hunciibrum
1645 1691 1798 1772 satis
1813 1695 2122 1772 apertum
2152 1707 2293 1751 esse
2319 1690 2670 1766 Opinantur
2696 1691 3090 1772 acplanum;
3113 1690 3284 1755 solos
3316 1695 3598 1772 prOphe-

323 1784 418 1841 tas
447 1775 772 1837 intellectu
802 1768 1100 1850 putantes
1130 1788 1271 1831 esse
1320 1768 1635 1850 difﬁciles.
1663 1769 1780 1830 Sed
1813 1768 1934 1832 hoc
1962 1785 2225 1848 quoque
2264 1785 2490 1850 eorum
2531 1773 2659 1850 est,
2687 1769 2800 1846 qui
2839 1769 3241 1833 altitudinem
3277 1768 3594 1834 sensuum

321 1859 441 1920 sibi
483 1855 738 1934 penitus
786 1846 1279 1934 reconditorum
1309 1865 1575 1934 prorsus
1623 1849 1945 1934 ignorant.
1970 1846 2470 1934 __Propter_quod
2499 1849 2768 1934 obsecro
2792 1892 2810 1922 ,
2841 1854 2914 1934 ut
2942 1850 3145 1934 multo
3181 1869 3327 1934 cum
3366 1854 3596 1934 studio

321 1926 684 2019 sequamini
712 1948 871 2019 nos,
898 1935 968 1990 ut
999 1930 1208 2019 ipsum
1231 1928 1567 2019 Envangelii
1597 1926 1862 2019 pelagus
1890 1926 2227 2019 intremus,
2258 1926 2513 2019 Christo
2543 1926 2728 1987 nobis
2759 1929 3080 2019 prmbente
3115 1931 3178 2019 in
3209 1931 3333 1993 hoc
3359 1933 3595 2019 itinere

277 2057 284 2066 -
321 2006 771 2096 principatum.
802 2011 880 2072 Ut
907 2006 1123 2096 autem
1151 2009 1243 2096 sic
1273 2006 1522 2096 facilior
1546 2008 1666 2068 iste
1700 2006 1781 2096 ad
1819 2007 2308 2096 intelligendum
2348 2006 2533 2096 liber,
2563 2023 2868 2096 rogamus
2901 2024 2978 2096 ac
3025 2009 3365 2096 hortamur
3395 2011 3596 2094 (quod

318 2082 385 2156 in
433 2082 576 2157 aliis
609 2107 869 2179 quoque
892 2088 1244 2179 _S_cripturis
1266 2087 1497 2179 facere
1527 2082 2008 2179 consuevimus)
2037 2082 2112 2179 ut
2138 2085 2542 2179 praeveniatis
2591 2082 2809 2146 animo
2838 2129 2854 2158 ,
2886 2093 3084 2179 atque
3129 2082 3414 2179 volvatis‘
3437 2082 3596 2179 eum

366 2176 431 2236 ui
463 2191 503 2236 a
531 2165 714 2234 nobis
744 2165 1158 2231 elucidandus
1189 2171 1284 2228 est
1312 2167 1517 2239 locus,
1548 2170 1620 2226 ut
1656 2165 2008 2227 intellectui
2049 2166 2237 2226 lectio
2263 2165 2436 2243 viam
2467 2180 2705 2243 parans
2726 2210 2742 2240 ,
2771 2165 2943 2243 quod
2972 2165 3163 2230 etiam
3192 2169 3258 2228 in
3285 2171 3596 2231 eunucho

320 2242 433 2315 illo
463 2253 701 2314 factum
727 2253 820 2310 est
849 2293 865 2320 ,
898 2249 1164 2308 multam
1193 2247 1379 2327 nobis
1396 2245 1744 2327 conferant
1771 2244 2140 2327 facultatem
2171 2242 2458 2327 dogendi.
2477 2242 2743 2327 Etenim
2773 2242 3050 2327 plurima
3096 2253 3250 2308 sunt
3291 2267 3442 2327 qua:
3490 2252 3600 2309 in-

319 2335 711 2413 quiruntur_,
744 2345 820 2413 ac
854 2328 1062 2413 varia._
1083 2325 1431 2413 Considera
1477 2325 1673 2413 igitur
1700 2328 1945 2413 quanta
1984 2324 2051 2413 in
2081 2324 2222 2413 ipse
2250 2323 2578 2413 Evangelii
2608 2323 2926 2413 prinCipio
2954 2323 3385 2413 questionu'ni
3425 2329 3597 2390 silva

321 2403 646 2476 nascatur.
673 2409 884 2470 Primo
914 2406 1219 2486 quidem,
1251 2403 1436 2486 cujus
1470 2405 1566 2464 rei
1595 2405 1803 2486 gratia
1837 2422 1954 2486 per
1985 2403 2234 2486 Joseph
2270 2403 2767 2486 generationum
2786 2404 2945 2486 ordo
2971 2405 3310 2486 decurrat,
3349 2407 3427 2468 de
3457 2425 3596 2486 quo

321 2511 453 2554 non
502 2488 790 2552 nascitur
823 2482 1138 2547 Christus.
1171 2482 1486 2557 Secundo,
1531 2482 1702 2544 unde
1747 2482 2155 2563 manifestum
2179 2482 2301 2563 sit,
2332 2482 2504 2563 quod
2547 2499 2588 2544 a
2613 2482 2815 2545 David
2839 2484 3153 2563 originem
3181 2485 3374 2548 ducat
3395 2531 3411 2559 ,
3443 2482 3598 2549 cum

319 2574 616 2651 parentes
645 2567 864 2629 Mariae
887 2611 903 2636 ,
935 2584 1016 2626 ex
1047 2581 1186 2651 qua
1204 2571 1378 2651 certe
1404 2568 1593 2651 natus
1620 2567 1748 2634 est,
1779 2562 2143 2651 habeantur
2171 2561 2523 2651 incogniti:
2556 2579 2767 2651 neque
2797 2561 2970 2623 enini
3015 2567 3467 2651 generationes
3510 2586 3596 2629 ex

319 2640 600 2730 'Virginis
631 2652 811 2727 parte
855 2640 1298 2730 numerantur.
1329 2643 1544 2730 '_l_‘erthio
1569 2688 1597 2730 ,_
1621 2659 1817 2730 quam
1861 2643 2254 2730 obncausam
2285 2640 2521 2730 Ioseph
2557 2641 2818 2730 quidem
2865 2640 3194 2730 generatio
3219 2690 3237 2716 ,
3267 2646 3383 2722 qui
3417 2654 3596 2730 certe

319 2720 480 2793 nihil
515 2729 593 2791 ad
621 2720 1098 2808 generationem
1137 2722 1405 2808 contulit
1452 2720 1709 2808 Christi,
1738 2720 2650 2808 tam__diligenter__asseritur:
2681 2720 2891 2808 Virgo
2923 2728 3139 2784 autem
3160 2767 3177 2794 ,
3207 2720 3354 2802 quae
3395 2727 3593 2808 etiam

319 2817 524 2872 mater
551 2798 690 2887 ejus
714 2803 934 2866 effecta
962 2808 1080 2872 est,
1115 2819 1246 2862 non
1268 2801 1625 2862 ostenditur
1658 2819 1741 2861 ex
1770 2800 2009 2877 quibus
2027 2798 2442 2938 garentibus,
2465 2800 2631 2870 ‘avis,
2655 2798 3046 2878 proa'visque
3077 2798 3404 2864 nascatur.
3443 2805 3597 2866 Post

320 2891 454 2938 hmo.
485 2889 676 2938 etiam
703 2883 859 2938 illud
891 2881 1347 2938 inuuirendum
1375 2898 1519 2938 esse
1541 2879 1795 2938 videtur
1817 2922 1834 2938 .
1867 2895 2000 2938 una
2069 2897 2104 2938 e
2133 2894 2331 2938 causa
2358 2879 2806 2938 generationes
2846 2897 2964 2938 per
2991 2881 3164 2938 viros
3199 2884 3550 2938 nominans
3573 2930 3592 2938 -

320 2891 454 2952 hinc
485 2879 678 2970 etiam
703 2883 859 2970 illud
891 2881 1347 2970 inquirendum
1363 2898 1519 2970 esse
1541 2879 1795 2970 videtur
1817 2879 2113 2970 aquande.
2133 2894 2331 2970 causa
2353 2879 2806 2970 generationes
2846 2897 2964 2958 per
2991 2881 3164 2970 viros
3199 2884 3552 2970 nominans
3573 2930 3594 2957 ,

317 2966 680 3030 meminerit
707 2965 896 3026 etiam
927 2957 1333 3022 feminarum.
1363 2959 1442 3018 Et
1469 2959 1624 3036 quia
1661 2958 1860 3019 semel
1886 2957 1948 3018 id
1977 2958 2116 3019 fieri
2157 2957 2444 3035 placuit,
2477 2975 2594 3018 cur
2636 2976 2764 3019 non
2801 2957 3023 3020 omnes
3068 2960 3337 3022 feminas
3375 2965 3598 3024 nomi-

320 3049 514 3110 narit.
543 3047 706 3107 Nam
737 3043 1036 3103 meliores
1067 3045 1836 3118 quasquetranscurrens
1861 3080 1878 3110 ,
1905 3041 1980 3097 ut
2005 3037 2230 3118 Suram
2255 3041 2318 3118 et
2344 3037 2728 3118 ltebecnam,
2760 3054 3116 3118 earumque
3155 3042 3399 3102 similes
3429 3062 3446 3100 :
3482 3060 3596 3105 eas

318 3123 760 3188 tantummodo
789 3138 934 3198 quae
961 3119 1039 3179 de
1067 3115 1289 3196 aliquo
1321 3117 1473 3178 vitio
1504 3117 2054 3198 celebratwsunt,
2093 3115 2315 3176 eduxit
2333 3115 2412 3198 _'in
2443 3116 2723 3198 medium
2749 3137 2766 3176 :
2795 3117 2856 3198 id
2882 3115 3083 3189 est,'si
3110 3137 3242 3198 qua
3267 3121 3595 3186 adultera.

320 3206 423 3267 vel
451 3203 757 3264 meretrix
782 3195 885 3273 {si
916 3215 1048 3277 qua
1076 3195 1270 3277 etiam
1298 3215 1382 3277 ex
1411 3196 1650 3274 nuptiis
1685 3212 1818 3256 non
1842 3195 2487 3277 _leg_itime_copulata,
2519 3195 2578 3277 si
2603 3213 2735 3277 qua
2767 3195 3148 3275 alienigena
3161 3203 3275 3260 aut
3309 3202 3594 3264 barbara

319 3284 456 3347 fuit.
495 3280 817 3361 Siquidem
837 3273 979 3361 non
1011 3276 1196 3361 modo
1221 3275 1397 3361 Urize
1411 3273 1682 3361 uxorem
1709 3319 1724 3346 ,
1751 3273 1861 3335 sed
1891 3275 2083 3361 etiam
2125 3273 2441 3361 Thamar,
2471 3279 2534 3335 et
2566 3273 2733 3336 Ruth
2770 3273 3166 3361 evangelista
3193 3296 3598 3361 commemo-

320 3369 419 3427 rat
443 3384 458 3424 :
483 3353 762 3441 quarum
789 3359 920 3420 alia
961 3355 1407 3441 quidemerat
1432 3355 1834 3441 alienigena,
1864 3353 1994 3441 alia
2023 3370 2176 3441 vero
2212 3360 2496 3441 scortum
2526 3397 2542 3427 ,
2575 3371 2890 3441 quaecum
2916 3353 3109 3441 affine
3143 3375 3278 3418 rem
3296 3358 3546 3441 habuit
3573 3404 3593 3429 ,

321 3461 450 3505 non
501 3431 747 3504 tantum
802 3456 932 3500 non
972 3431 1112 3515 lege
1163 3433 1254 3515 illi
1306 3431 1657 3514 conjuncta
1693 3432 2014 3512 conjugii,
2069 3432 2179 3515 sed
2228 3431 2436 3515 furata
2484 3431 2939 3515 concubitum,
2973 3439 3036 3496 et
3083 3437 3250 3498 intra
3295 3437 3594 3499 habitum

319 3522 671 3584 meretricis
716 3511 1110 3580 abscondita.
1139 3511 1609 3598 Urizequoque
1657 3529 1927 3598 uxorem
1974 3511 2192 3598 nullus
2241 3512 2525 3598 ignorat,
2559 3518 2820 3598 propter
2845 3513 3083 3575 factum
3129 3515 3285 3598 illud
3312 3517 3594 3598 insignis

319 3601 619 3664 audaciae.
653 3599 729 3658 Et
753 3602 965 3660 tamen
991 3611 1213 3657 omnes
1241 3591 1403 3654 alias
1439 3591 1834 3671 evangelista
1858 3591 2261 3672 praeteriens,
2290 3592 2728 3653 tantummodo
2755 3592 2911 3672 istas
2939 3595 3432 3672 generationum
3450 3591 3597 3659 ὶδ-

317 3681 530 3760 talogo
564 3673 1065 3756 comprehendit.
1096 3672 1280 3760 Quod
1310 3673 1364 3760 s_i
1395 3669 1778 3760 meminisse
1793 3670 2080 3760 Oportuit
2113 3669 2522 3760 feminarum,
2556 3669 3178 3760 cunctmdebuerant
3214 3676 3544 3760 nominari
3572 3698 3593 3748 ;

317 3760 372 3823 si
399 3748 551 3820 vero
580 3748 966 3818 non-omnes
997 3757 1204 3821 erant,
1233 3751 1342 3812 sed
1371 3751 1605 3832 aliqum
1629 3748 2047 3832 proferenda»,
2080 3767 2189 3810 eas
2222 3751 2424 3832 magis
2455 3750 2607 3828 poni
2636 3750 2868 3832 decuit,
2900 3768 3046 3829 qua
3075 3769 3203 3813 non
3233 3753 3311 3814 de
3350 3772 3598 3832 pecca-

316 3838 398 3899 tis
419 3883 436 3906 .
463 3837 569 3899 sed
604 3837 680 3894 de
711 3836 944 3894 virtute
975 3832 1404 3891 celebrantur.
1432 3829 1654 3889 Vidisti
1703 3845 1934 3904 nempe
1966 3834 2207 3900 quanta
2239 3829 2423 3889 nobis
2472 3830 2825 3891 attentione
2866 3847 3029 3907 Opus
3069 3832 3152 3893 sit
3179 3829 3376 3894 etiam
3425 3834 3600 3894 inter

309 3915 446 3990 ipsa
466 3911 807 3988 principia.
834 3910 914 3970 Et
941 3915 1129 3990 certe
1143 3927 1344 3990 supra
1366 3915 1596 3973 czetera
1623 3929 1764 3972 esse
1795 3911 2208 3974 manifestum
2237 3909 2395 3972 illud
2421 3908 2758 3971 videbatur
2784 3911 3148 3990 exordium,
3179 3910 3344 3973 forte
3380 3926 3608 3983 autem

304 3989 630 4076 aliquibus
666 3991 860 4076 etiam
877 3989 1294 4076 superfluum
1314 3991 1522 4076 ,_quia
1552 3990 1762 4076 solum
1793 3990 1880 4051 ibi
1906 4008 2248 4052 numerum
2290 3989 2610 4076 putabant
2634 3989 2981 4076 nominum
3012 3991 3353 4076 contineri.
3387 3995 3604 4076 Supra

307 4069 440 4129 haec
467 4069 661 4149 etiam
688 4068 844 4128 illud
874 4068 1295 4146 inquisitione
1325 4069 1590 4148 dignum
1611 4075 1729 4142 est,
1754 4087 1900 4147 quae
1920 4086 2120 4132 causa
2150 4068 2555 4149 compulerit,
2577 4073 2651 4129 ut
2669 4074 2798 4129 tres
2826 4087 3009 4149 reges
3041 4069 3107 4129 in
3138 4068 3604 4139 enumerandis

303 4147 826 4225 generationibus
861 4149 1232 4226 praeteriret.
1263 4150 1326 4208 Si
1356 4147 1527 4209 enim
1556 4149 1743 4226 quasi
1779 4150 1964 4210 nimis
1993 4149 2345 4227 impiorum
2371 4147 2634 4209 nomina
2665 4147 3217 4222 reticeremaluit,
3251 4169 3374 4214 nec
3414 4157 3599 4217 alio—

306 4243 449 4286 rum
469 4227 727 4308 quidem
749 4227 1054 4289 similium
1080 4228 1450 4308 meminisse
1469 4228 1800 4290 debuerat.
1831 4229 1942 4290 His
1973 4228 2228 4289 additur
2260 4229 2451 4289 etiam
2481 4227 2594 4288 illa
2610 4228 2908 4308 quaestio,
2930 4229 3104 4306 quod
3133 4233 3596 4308 generationes

301 4306 788 4383 quatuordecim
817 4324 963 4368 cum
991 4312 1284 4379 auisset,
1308 4307 1372 4368 in
1409 4307 1597 4369 tertia
1627 4315 1808 4385 parte
1835 4325 2174 4369 numerum
2205 4324 2336 4368 non
2371 4307 2673 4368 servavit.
2701 4307 2942 4368 Deinde
2963 4306 3261 4386 quaenam
3287 4311 3402 4374 Illa
3429 4318 3600 4377 ratio

302 4385 716 4465 persuaserit,
738 4391 812 4447 ut
829 4386 1035 4449 Lucas
1059 4386 1315 4465 quidem
1345 4387 1625 4448 aliorum
1656 4386 1892 4449 faceret
1922 4388 2255 4449 nominum
2280 4387 2697 4458 mentionem,
2717 4391 2781 4448 et
2809 4403 2940 4447 non
2961 4385 3152 4449 modo
3179 4406 3309 4448 non
3333 4409 3598 4455 eorum-

299 4464 444 4544 dem
474 4466 762 4526 omnium
783 4510 799 4538 ,
827 4465 936 4527 sed
962 4464 1166 4527 multo
1210 4466 1404 4527 etiam
1439 4465 1746 4544 plurium.
1781 4467 2116 4528 Matthaaus
2151 4483 2305 4528 vero
2339 4483 2470 4537 non
2512 4481 2870 4543 paucorum
2898 4465 3131 4540 modo,
3163 4475 3596 4535 verumetiam

298 4543 722 4626 diversorum,
747 4563 894 4626 cum
915 4546 1140 4624 utique
1168 4543 1460 4623 adusque
1479 4546 1964 4626 generationem
1991 4546 2226 4626 Joseph
2257 4563 2602 4626 numerum
2620 4545 2825 4626 etiam
2846 4545 2982 4626 ipse
3007 4546 3342 4624 perducat,
3365 4551 3437 4612 in
3455 4571 3595 4626 quo

300 4623 492 4683 tinem
523 4622 671 4703 fecit
699 4629 762 4685 et
789 4622 1198 4686 LucasCJam
1228 4622 1382 4703 ergo
1411 4622 1750 4702 perspicite
1779 4633 2025 4702 quanta
2057 4622 2242 4686 nobis
2272 4642 2435 4703 opus
2462 4625 2545 4685 sit
2575 4624 2931 4703 vigilantia,
2957 4622 3087 4686 non
3120 4627 3331 4688 solum
3361 4631 3444 4690 ad
3477 4622 3590 4693 ex-

298 4701 668 4784 ponendum
692 4704 1124 4782 evangelium,
1159 4701 1579 4766 veru—metiarn
1602 4703 1680 4764 ad
1707 4701 2197 4765 discernendum
2229 4701 2529 4781 quaenam
2560 4701 2670 4765 illa
2694 4704 2844 4784 sint,
2873 4722 3020 4784 qua:
3045 4707 3457 4784 expositione
3486 4712 3590 4772 in-

296 4782 577 4861 digeant.
607 4782 736 4843 Nec
760 4799 990 4861 parum
1020 4789 1116 4844 est
1139 4784 1312 4842 enim
1339 4799 1531 4860 posse
1557 4784 1851 4844 invenire
1875 4801 1952 4845 ea
1987 4802 2133 4861 quin
2153 4787 2217 4842 in
2243 4784 2439 4844 dubio
2470 4788 2658 4854 sunt,
2681 4788 2744 4844 et
2767 4783 2844 4844 de
2870 4783 3110 4860 quibus
3134 4782 3592 4854 controversia

296 4869 414 4942 est.
441 4861 606 4942 Illud
639 4878 901 4942 quoque
949 4863 1117 4922 inter
1161 4861 1357 4924 dubia
1409 4869 1787 4924 numeratur
1810 4907 1826 4934 ,
1855 4865 2177 4941 quomodo
2223 4862 2554 4924 Elizabeth
2593 4862 2672 4923 de
2707 4863 2993 4925 Levitica
3025 4865 3348 4928 exsistens
3380 4871 3588 4942 tribu,

294 4941 515 5002 Mariaa
549 4946 824 5019 cognata
851 4941 1124 5003 dicatur.

372 5023 433 5081 7.
471 5021 710 5101 Verum
745 5039 827 5082 ne
853 5021 1054 5084 multa
1089 5021 1328 5100 pariter
1355 5021 1726 5101 colligentes
1746 5066 1762 5094 ,
1795 5023 2170 5083 memoriam
2208 5026 2488 5083 vestram
2518 5020 2733 5081 subito
2762 5021 3195 5098 quaestionum
3225 5041 3582 5090 oneremus

296 5105 558 5238 aggestu
581 5143 597 5171 ,
636 5100 740 5161 hic
769 5101 1051 5162 sermoni
1099 5107 1320 5162 nostro
1363 5100 1711 5162 terminum
1763 5106 2146 5162 statuamus.
2177 5101 2419 5162 Sufficit
2447 5101 2618 5161 enim
2648 5101 2832 5161 nobis
2855 5144 2872 5173 ,
2904 5106 2968 5162 et
2998 5103 3179 5164 valde
3228 5104 3472 5167 sufficit
3504 5109 3586 5170 ad

296 5195 380 5238 au
425 5179 592 5238 iendi
637 5179 894 5238 interim
931 5181 1210 5238 studium
1239 5180 1721 5238 suseitandum.
1751 5186 1824 5238 ut
1851 5198 1997 5238 ante
2035 5182 2100 5238 in
2142 5181 2562 5238 quaestionem
2605 5181 2818 5238 solent
2858 5181 3082 5238 venire
3119 5183 3480 5238 discantur-
3517 5189 3577 5238 Si

292 5179 592 5259 audiendi
637 5179 894 5241 interim
931 5181 1210 5242 studium
1239 5180 1721 5253 suscitandum,
1751 5186 1824 5242 ut
1851 5198 1997 5258 quae
2035 5182 2100 5240 in
2142 5181 2562 5259 quaastionem
2605 5181 2818 5240 solent
2858 5181 3082 5243 venire
3119 5183 3480 5246 discantur.
3517 5189 3577 5249 Si

293 5274 448 5318 vero
477 5257 670 5342 etiam
712 5260 1101 5342 solutionem
1136 5257 2249 5342 ipsamdesideratisaddiscere{et
2279 5261 2411 5320 haec
2435 5260 2671 5342 ,_nobis
2713 5259 3072 5342 dicentibus
3105 5260 3186 5342 (a)
3215 5306 3232 5334 ,
3261 5264 3326 5323 in
3359 5273 3580 5331 vestra

290 5342 391 5398 est
418 5340 752 5414 potestate.
780 5339 842 5399 Si
867 5340 1039 5400 enim
1069 5357 1182 5400 vos
1206 5339 1587 5400 intellexero
1607 5339 1972 5409 suscitatos,
1995 5345 2058 5400 et
2084 5339 2310 5400 audire
2331 5339 2686 5416 cupientes,
2708 5338 2899 5400 etiam
2925 5338 3313 5402 solutionem
3343 5344 3586 5408 afferre

289 5416 575 5478 tentabo.
608 5417 669 5476 Si
706 5436 858 5479 vero
888 5419 1229 5480 oscitantes
1259 5419 1507 5491 videro,
1535 5427 1598 5480 et
1625 5421 1709 5481 ab
1741 5419 2092 5480 intentione
2123 5419 2408 5487 laxatos,
2439 5419 2831 5479 abscondam
2867 5436 2999 5479 non
3041 5421 3434 5484 solutionem
3467 5445 3584 5486 so-

287 5496 446 5563 lum,
469 5498 891 5578 verumetiam
921 5499 1334 5576 qumstiones,
1357 5499 1580 5560 divina
1605 5499 1748 5578 lege
1781 5498 2244 5560 commonitus:
2269 5498 2508 5578 Nolite,
2543 5498 2776 5576 inquit,
2795 5506 3077 5578 sanctum
3105 5499 3253 5560 dare
3286 5503 3578 5573 canibus.

286 5594 480 5660 neque
501 5573 865 5660 proﬁciatis
885 5573 1260 5660 margaritas
1281 5586 1515 5660 vestras
1535 5573 1952 5660 ante'porcos,
1970 5596 2050 5660 [te
2074 5579 2240 5660 forte
2265 5573 2754 5660 conculcant'eas
2775 5577 3040 5660 pedibus
3064 5579 3196 5641 suis
3224 5580 3492 5660 (Matth.
3517 5587 3578 5644 7.

284 5654 384 5734 6).
407 5654 566 5730 Quis
599 5655 917 5736 estmon
939 5699 955 5723 ,
987 5654 1201 5734 inquis
1225 5701 1240 5726 ,
1271 5658 1382 5736 qui
1415 5658 1538 5719 ista
1567 5654 1937 5718 conculcet?
1968 5654 2084 5717 ille
2113 5658 2338 5734 utique
2365 5702 2382 5729 ,
2416 5657 2529 5734 qui
2561 5673 2690 5717 non
2719 5654 2798 5718 ea
2827 5658 3110 5733 pretiosa
3137 5654 3342 5720 credit
3379 5680 3528 5724 esse
3561 5710 3581 5735 ,

287 5740 483 5810 atque
525 5734 860 5811 praeclara.
890 5735 968 5794 Et
995 5737 1140 5811 quis
1167 5734 1306 5809 est,
1341 5737 1559 5815 inquis
1587 5784 1603 5806 ,
1639 5737 1727 5800 ita
1758 5737 1981 5798 infelix
2006 5781 2024 5810 ,
2053 5737 2168 5815 qui
2205 5754 2335 5798 non
2365 5737 2500 5799 haec
2529 5737 2916 5816 pretiosiora
2944 5754 3089 5800 esse
3120 5739 3426 5804 omnibus
3459 5786 3479 5818 ,
3521 5734 3582 5805 et

358 5848 433 5913 (α)
467 5849 521 5899 In
537 5858 702 5898 Ora-co
725 5847 925 5910 legitur,
946 5860 1012 5909 πρὸ
1046 5864 1112 5896 τῶν
1149 5859 1260 5908 λόγων
1293 5865 1360 5896 τῶν
1391 5859 1596 5910 suanm,
1617 5854 1871 5909 antequam

637 5862 702 5898 τοο
725 5847 925 5910 legitur,
946 5860 1012 5909 πρὸ
1046 5864 1112 5896 τῶν
1149 5859 1260 5908 λόγων
1293 5865 1360 5896 τῶν
1391 5859 1596 5910 tantum,
1617 5854 1871 5909 mitequam
1888 5847 2157 5912 loquamur.
