3850 6222
321 287 418 338 98':
1505 293 1735 351 ANIANI
1773 293 2345 383 INTERPRETATIO.
3434 293 3538 350 988

303 410 579 474 clariora
604 408 879 474 fateatur
900 412 930 471 Ἰ
957 411 1072 473 ille
1098 412 1240 473 sine
1258 409 1476 482 dubio,
1496 413 1609 489 qui
1632 428 1760 490 non
1788 410 1891 473 vel
1916 415 2095 473 tanto
2123 409 2334 470 studio
2362 407 2453 470 eis
2477 416 2687 490 vacat,
2709 415 2955 490 quanto
2985 410 3051 470 in
3075 408 3417 490 d‘iabolicis
3428 410 3558 474 illis

305 490 568 551 theatris
600 492 1037 553 meretricibus
1063 495 1435 568 occupatur.
1463 488 1555 551 Ibi
1580 488 1747 551 enim
1773 490 2032 567 plurimi
2060 495 2224 551 totos
2246 490 2437 549 etiam
2453 488 2585 549 dies
2608 488 2945 567 peragunt,
2968 493 3357 567 propterque
3382 489 3560 551 illam

303 571 789 647 occupationem
820 571 1227 633 vanissimam
1253 571 1453 632 multa
1475 571 1668 631 etiam
1694 570 1865 631 domi
1891 570 2268 632 detrimenta
2292 568 2647 647 patiuntur.
2678 568 2756 627 Et
2784 576 2998 629 tamen
3028 586 3172 629 cum
3203 569 3378 628 omni
3409 569 3562 629 dili-

300 650 540 725 gentia,
564 648 733 727 quod
754 649 1095 721 audierint,
1123 650 1445 711 memoriae
1463 649 1932 723 commendant,
1960 667 2167 727 eaque
2186 647 2265 710 ad
2286 648 2516 727 animm
2536 664 2670 708 sua:
2699 647 3049 724 perniciem
3077 647 3329 724 penitus
3356 648 3562 711 intixa

300 726 689 807 eustodiunt.
727 729 845 790 Hic
872 746 1025 790 vero
1053 728 1164 789 ubi
1204 728 1493 806 loquitur
1514 730 1684 790 Deus
1704 773 1721 801 ,
1752 746 1835 789 ne
1885 726 2197 807 exiguum
2230 726 2487 807 quidem
2530 727 2850 807 patienter
2878 731 3131 807 tempus
3159 733 3557 803 exspectant.

298 805 430 867 Cur
460 806 620 868 hoc?
642 808 806 882 Quia
828 807 988 871 nihil
1015 805 1355 869 commune
1380 807 1692 869 habemus
1712 824 1864 868 cum
1887 805 2066 880 caelo,
2095 805 2204 867 sed
2233 805 2441 866 omnis
2472 811 2693 867 nostra
2716 805 2943 883 religio
2966 807 3166 866 verbo
3196 812 3383 865 tenus
3407 823 3565 882 per-

264 884 526 971 agitur.
565 890 642 952 Et
676 896 845 971 certe
898 898 1157 971 propter
1186 890 1305 953 hoc
1338 891 1504 971 Deus
1539 890 2249 971 gehennamminatur,
2280 904 2412 949 non
2447 893 2520 950 ut
2547 905 2690 951 eam
2727 889 2913 971 nobis
2941 888 3199 963 inferat,
3219 892 3329 954 sed
3360 898 3431 953 ut
3461 893 3569 954 fu-

288 968 860 1051 gerepersuadeat
888 968 1062 1033 illam
1108 968 1568 1051 gravissimam
1584 969 2137 1051 consuetudinem:
2170 968 2296 1028 Nos
2328 986 2486 1051 vero
2517 986 2553 1051 e
2584 969 2909 1051 contrario
2926 974 3176 1051 cuncta
3203 972 3479 1050 agimus,
3503 978 3567 1035 et

288 1047 577 1130 Quotidie
605 1050 668 1111 in
702 1050 876 1130 illam
908 1047 1276 1129 viam,’quze
1307 1050 1459 1111 illuc
1487 1049 1684 1120 ducit,
1718 1050 2057 1130 irruimus._
2086 1048 2246 1130 Nam
2276 1047 2683 1130 przecipiente
2710 1048 2895 1109 nobis
2925 1048 3082 1122 Deo,
3104 1047 3467 1130 inon'modo
3496 1058 3569 1115 ut

287 1126 625 1191 audiamus
642 1126 1349 1206 quaedicunturw'erum
1373 1136 1442 1189 ut
1458 1147 1601 1189 cum
1619 1129 1791 1189 omni
1815 1130 2006 1189 etiam
2022 1127 2359 1189 devotione
2376 1126 2708 1195 faciamus,
2727 1144 2843 1188 nos
2863 1145 2981 1190 nec
2997 1129 3220 1191 audire
3232 1147 3562 1194 curamus.

285 1210 557 1285 Quando
586 1209 781 1289 igitur
812 1225 887 1270 ea
926 1227 1079 1290 qua)
1110 1208 1416 1290 dicuntur
1456 1208 1903 1290 implebimus?
1931 1206 2288 1290 Responde,
2320 1207 2842 1290 quaeso,_quando
2870 1208 3251 1290 incipiemus
3281 1214 3563 1290 operari,

287 1308 433 1352 cum
456 1307 573 1351 nec
594 1285 1230 1369 s'ermonem'quideai
1260 1306 1456 1369 super
1487 1287 1930 1369 hispalientcr
1945 1286 2309 1369 audiamus,
2327 1287 2438 1369 sed
2464 1285 2872 1369 indignemur
2884 1285 3418 1369 oﬂ'eudamurque
3442 1285 3567 1357 hac

284 1368 747 1437 exercitatione
778 1365 1026 1430 tametsi
1060 1365 1458 1429 brevissima.
1495 1366 1735 1429 Deinde
1765 1385 1884 1428 nos
1919 1366 2179 1445 quidem
2212 1366 2290 1426 de
2318 1365 2564 1428 frivolis
2595 1365 2765 1444 saepe
2805 1368 3000 1429 rebus
3028 1365 3402 1445 loquentes,
3437 1374 3563 1435 nisi

282 1467 394 1511 eos
425 1448 537 1527 qui
567 1448 899 1509 nobiscum
926 1446 1171 1514 sedent,
1205 1447 1546 1508 viderimus
1576 1451 1875 1527 attentos,
1905 1447 2223 1527 incuriam
2247 1446 2511 1527 illorum
2545 1452 2831 1527 nostram
2861 1447 3257 1510 arbitramur
3280 1468 3423 1513 esse
3458 1453 3566 1513 in-

278 1524 517 1609 juriam
547 1548 563 1588 :
596 1528 796 1589 Deum
831 1545 983 1609 vero
1026 1534 1490 1609 nonaputamus
1526 1525 1759 1609 offendi
1786 1570 1803 1609 ε
1832 1525 2093 1609 quando
2123 1542 2200 1609 eo
2229 1524 2306 1585 de
2336 1525 2531 1587 tantis
2572 1527 2765 1587 rebus
2785 1526 3102 1609 ‘loquen_te
3127 1571 3144 1601 ,
3175 1546 3252 1591 ea
3289 1549 3435 1608 quae
3460 1532 3564 1592 di-

282 1605 520 1668 cuntur
547 1606 1041 1687 contemnimus,
1068 1605 1380 1684 facileque
1408 1607 1705 1687 ducimur
1726 1605 1805 1668 ad
1824 1606 1954 1668 alia
1979 1606 2268 1677 omnino,
2296 1611 2491 1683 atque
2512 1606 2951 1687 convertimur
2966 1607 2994 1665 ‘I
3015 1606 3095 1687 Et
3116 1625 3282 1687 saape
3304 1605 3564 1687 quidem

279 1686 519 1765 aliquis
565 1705 601 1747 e
640 1686 901 1748 senibus
944 1688 1054 1764 qui
1090 1687 1322 1747 multas
1369 1686 1695 1748 circuierit
1737 1691 1941 1749 terras
1970 1729 1987 1758 ,
2022 1688 2347 1763 marisque
2383 1686 2691 1765 regiones
2722 1729 2738 1756 ,
2771 1703 2904 1746 non
2949 1686 3159 1747 solum
3204 1686 3560 1752 stadiorum

284 1764 626 1829 numerum
649 1810 667 1838 ,
700 1766 810 1828 sed
840 1772 903 1827 et
933 1766 1189 1826 urbium
1234 1766 1394 1827 situs
1415 1810 1432 1839 ,
1468 1772 1531 1827 et
1559 1765 1797 1827 formas
1822 1810 1839 1838 ,
1872 1770 1935 1827 et
1960 1770 2182 1843 portus
2210 1809 2225 1837 ,
2254 1781 2331 1826 ac
2368 1764 2579 1825 forum
2630 1764 2972 1845 diligenter
3018 1768 3203 1829 nobis
3249 1776 3513 1833 enarrat
3541 1792 3555 1831 :

282 1865 400 1909 nos
423 1863 581 1928 vero
613 1864 731 1907 nec
757 1863 951 1924 quam
984 1845 1432 1928 procul‘simus
1463 1862 1501 1907 a
1526 1846 1760 1928 caelesti
1794 1847 1953 1928 urbe
1981 1844 2425 1928 cognovimus.
2458 1845 2617 1906 Nam
2645 1844 2943 1928 protecto
2960 1846 3037 1928 ad
3062 1847 3183 1907 iter
3212 1848 3333 1909 hoc
3363 1868 3563 1928 supe-

279 1926 555 2008 randum
585 1942 1137 2008 properassemus,
1170 1924 1220 1985 si
1250 1930 1401 2008 neta
1435 1929 1606 2008 esset
1633 1924 1958 2008 distantia.
1980 1925 2121 2008 Non
2151 1924 2321 2008 enim
2348 1930 2600 2008 tantum
2626 1941 2665 1986 a
2688 1925 2871 2008 uobis
2893 1926 3119 2008 civitas
3141 1929 3345 2000 abest,
3366 1924 3563 2008 quan-

279 2012 414 2068 tum
442 2007 609 2067 inter
633 2006 857 2089 caelum
886 2012 1257 2089 terramque
1269 2004 1620 2089 discrimen
1649 2012 1781 2089 est:
1814 2003 1925 2066 sed
1953 2004 2156 2089 multo
2188 2004 2389 2089 etiam
2406 2004 2663 2083 longius
2692 2004 2907 2075 distat,
3021 2009 3242 2089 utique
3270 2003 3565 2089 negliga-

280 2105 423 2148 mus
450 2106 465 2145 :
494 2089 566 2179 ut
593 2103 629 2145 e
653 2084 1002 2180 contrario,
1032 2084 1398 2180 si'studium
1424 2084 1939 2180 eommode'mus’
1971 2082 2258 2180 etiamin
2287 2083 2842 2180 ex‘iguo‘t‘empore
2867 2085 2944 2146 ad
2970 2082 3152 2180 ipsas
3166 2087 3304 2166 ejus
3325 2082 3559 2180 ianuas

279 2165 617 2306 pervaenire
642 2164 1018 2305 poterimus.
1054 2163 1196 2224 Non
1224 2164 1397 2226 enim
1427 2164 1716 2225 locorum
1746 2162 2241 2244 longinquitate,
2274 2162 2384 2225 sed
2416 2164 2711 2226 instituto
2737 2162 3153 2227 morum‘lnec
3181 2162 3391 2245 spatia
3422 2188 3561 2230 mc-

279 2248 409 2306 tien
455 2262 494 2306 a
522 2262 647 2306 sun
681 2287 697 2303 .
3304 2255 3317 2277 ι

276 2248 494 2309 tienda
522 2248 697 2306 sunt.
3304 2255 3317 2277 ρ

354 2326 416 2387 8.
448 2325 567 2386 Sed
596 2328 662 2384 tu
702 2323 1031 2401 praesentis
1070 2321 1329 2402 quidem
1367 2327 1547 2401 gesta
1576 2323 1720 2385 vita:
1757 2322 2095 2402 diligenter
2124 2327 2335 2395 tenes,
2365 2324 2531 2384 nosti
2578 2327 2641 2383 et
2668 2340 2837 2386 nova
2884 2330 2947 2387 et
2976 2329 3192 2387 vetera
3214 2370 3230 2395 ,
3261 2343 3338 2388 ac
3368 2329 3560 2391 etiam

276 2405 850 2485 prorsustantiqua
886 2410 1067 2481 potes
1116 2419 1496 2485 enumerare
1522 2420 1696 2485 ,Anon
1732 2404 1942 2485 solum
1970 2403 2291 2485 principes
2318 2446 2333 2473 ,
2364 2404 2486 2464 sub
2525 2403 2764 2481 quibus
2809 2406 3121 2467 anteactis
3160 2409 3559 2485 temporibus

276 2482 563 2547 militasti
584 2527 601 2556 ,
630 2482 740 2544 sed
773 2483 964 2544 etiam
993 2499 1215 2565 omnes
1247 2482 1490 2565 militiae
1516 2482 1755 2565 duces”:
1787 2482 1897 2565 sed
1930 2483 2123 2565 etiam
2152 2482 2425 2565 editores
2452 2500 2824 2565 munerum,
2851 2490 2913 2545 et
2942 2500 3053 2545 eos
3086 2486 3197 2563 qui
3230 2482 3564 2565 in'spectao

278 2566 442 2626 culis
471 2567 915 2635 certaverunt,
937 2562 1181 2640 quique
1214 2562 1543 2641 vicerunt,
1574 2562 1734 2622 nihil
1772 2563 1996 2639 utique
2023 2560 2103 2623 ad
2132 2566 2193 2622 te
2218 2563 2637 2641 pertinentia,
2669 2563 2962 2640 nihilque
3004 2560 3132 2627 tuis
3174 2560 3559 2630 utilitatibus

277 2642 826 2725 profuturauQuis
859 2659 1011 2703 vero
1038 2643 1105 2725 in
1137 2642 1279 2714 hac,
1296 2640 1379 2725 de
1412 2658 1543 2719 qua
1569 2641 1924 2725 loquimur,
1956 2641 2039 2702 sit
2068 2640 2323 2703 civitate
2354 2642 2658 2725 princeps
2685 2687 2701 2712 ,
2729 2642 2875 2725 quis
2909 2644 3081 2725 apud
3111 2662 3259 2706 eum
3287 2647 3557 2725 primus,

277 2721 391 2785 aut
424 2722 770 2804 secundus,
797 2726 911 2783 aut
935 2723 1184 2804 tertius,
1217 2721 1319 2804 vel
1346 2726 1590 2804 quanto
1619 2721 1897 2804 quisque
1920 2725 2208 2804 tempore
2232 2765 2249 2794 ,
2285 2721 2384 2804 vel
2422 2721 2576 2800 quid
2608 2722 2690 2782 sit
2725 2722 2974 2804 virtutis
3002 2721 3307 2804 Operatus
3328 2772 3346 2788 .
3374 2744 3561 2787 num-

274 2821 474 2880 quam
498 2803 605 2884 vel
640 2820 755 2881 per
778 2802 1099 2884 somnium
1112 2801 1442 2884 cogitasti.
1471 2802 1627 2884 Quae
1659 2818 1809 2884 vero
1834 2801 2008 2879 leges
2040 2800 2260 2884 inhac
2284 2802 2444 2884 urbe
2488 2806 2649 2884 sunt
2672 2803 2895 2884 posita:
2919 2847 2935 2875 ,
2975 2800 3093 2865 nec
3122 2805 3267 2866 aliis
3300 2806 3561 2884 quidem

275 2879 947 2963 dicentibus—sustines
978 2879 1297 2963 audire'et
1324 2881 1676 2963 attendere.
1706 2882 1849 2954 Qua
1876 2897 2038 2963 e_rgo_
2052 2879 2293 2963 ﬁducia
2321 2925 2338 2953 ,
2370 2880 2470 2941 dic
2496 2881 2691 2963 mihi,
2716 2882 2844 2943 illis
2871 2890 2931 2943 te
2957 2879 3559 2963 aliquando'speras

276 2962 607 3042 promissis
657 2962 840 3023 bonis
872 2961 1222 3038 potiturum
1248 3005 1264 3030 ,
1286 2959 1375 3042 ad
1403 2978 1684 3037 quorum
1711 2959 2218 3042 magnitudinem
2256 2960 2666 3042 nec_quando
2701 2959 3167 3042 promittuntur
3192 3009 3207 3035 ,
3236 2959 3514 3027 intendis
3532 2967 3562 3026 τ

275 3039 397 3105 Sed
425 3047 488 3102 et
516 3043 571 3103 si
596 3046 747 3104 ante
776 3057 1156 3108 numquam,
1209 3040 1437 3101 saltem
1482 3058 1655 3100 nunc
1683 3040 1743 3099 id
1776 3039 1985 3101 facere
2015 3057 2338 3101 curemus.
2378 3040 2631 3101 Etenim
2661 3040 2714 3101 si
2746 3043 3136 3103 concedatur
3160 3061 3199 3106 a
3228 3045 3362 3106 Deo
3389 3088 3405 3112 ,
3437 3061 3556 3106 au-

275 3139 456 3213 ream
486 3121 1175 3213 ingrediemur‘urbem
1197 3163 1214 3190 ,
1246 3119 1374 3213 iruo
1408 3119 1593 3182 facile
1642 3119 1815 3213 omui
1848 3135 2011 3179 auro
2040 3119 2509 3213 pretiosiorem:
2541 3119 2725 3213 ltiunc
2764 3138 2927 3213 ergo
2956 3122 3276 3213 discamus
3319 3124 3557 3213 funda-

274 3207 491 3262 menta
524 3198 687 3281 ejus,
713 3206 775 3262 et
803 3204 1019 3281 portas
1039 3218 1122 3260 ex
1148 3198 1458 3281 sapphiro
1487 3199 1983 3278 margaritisque
2011 3200 2399 3281 compositas
2431 3218 2446 3257 :
2477 3199 2788 3281 habemus
2817 3198 3057 3281 quippe
3087 3204 3400 3281 Optimum
3430 3205 3563 3265 du-

274 3299 438 3351 cem,
468 3278 839 3342 Mattbmum
861 3279 1166 3356 profecto.
1198 3280 1317 3359 Per
1341 3279 1543 3356 ipsius
1566 3296 1844 3355 namque
1870 3282 2120 3355 portam
2140 3297 2315 3359 nunc
2333 3278 2754 3356 ingredimur,
2774 3278 3107 3359 multoque
3131 3278 3320 3344 nobis
3350 3285 3563 3345 studio

274 3365 373 3443 est
408 3378 596 3443 opus.
610 3359 690 3443 _Si
722 3359 982 3443 quidem
1023 3358 1196 3419 enim
1225 3357 1509 3443 aliquem
1538 3375 1668 3443 non
1710 3360 2028 3443 intentum
2056 3357 2324 3443 viderit,
2357 3358 2665 3443 coutinuo
2695 3377 2844 3419 eum
2879 3377 2920 3443 a
2950 3357 3206 3443 civitate
3237 3364 3557 3443 propeliit.

274 3438 391 3501 Est
420 3437 735 3521 siquidem
754 3440 921 3521 urbs
949 3437 1091 3514 ipsa
1121 3437 1401 3521 maxime
1424 3437 1646 3521 regia,
1675 3442 1738 3521 et
1766 3441 1899 3521 tota
1929 3437 2505 3521 prursusjllustris
2531 3482 2546 3504 ,
2569 3441 2655 3521 et
2678 3456 2807 3498 non
2853 3441 3017 3521 sicut
3057 3437 3562 3521 videmus-apud

276 3536 394 3601 nos
422 3562 442 3601 ,_
474 3515 540 3579 in
571 3518 810 3601 palatia
839 3562 856 3589 ,
886 3516 1109 3601 domos
1159 3515 1537 3601 plateasque
1553 3516 1865 3601 distincta
1887 3516 2045 3601 _:_sed
2074 3516 2386 3595 quidquid
2431 3520 2529 3601 est
2564 3516 2740 3579 iliius
2778 3520 2957 3601 urbis
2986 3564 3003 3588 ,
3035 3522 3187 3584 aula
3231 3523 3410 3601 regia
3436 3515 3559 3584 est.

275 3594 633 3678 Pandamus
663 3598 860 3678 igitur
887 3600 1111 3678 portas
1142 3594 1367 3667 animi,
1388 3595 1758 3678 aperiamus
1781 3596 2094 3678 auditum,
2118 3594 2398 3678 cumque
2428 3599 2710 3659 tremore
2744 3599 3020 3676 plurimo
3046 3602 3284 3678 primas
3308 3594 3564 3664 aeterna

277 3677 451 3739 urbis
481 3674 718 3755 januas
752 3674 1052 3737 intraturi
1078 3717 1096 3747 ,
1118 3691 1337 3753 regem
1364 3675 1477 3752 qui
1522 3676 1695 3757 inea
1725 3680 1823 3734 est
1859 3675 2234 3757 suppliciter
2252 3675 2627 3757 adoremus.
2662 3674 2909 3738 Etenim
2946 3674 3189 3753 primus
3231 3682 3368 3757 ipse
3397 3701 3559 3741 con—

284 3781 541 3844 gressus
576 3766 781 3839 potest
805 3758 1217 3844 cernentibus
1244 3762 1562 3844 terrorem
1591 3756 1900 3844 incutere.
1930 3755 2627 3844 Modo‘quidembobis
2662 3762 2861 3844 portae
2888 3761 3026 3844 ista;
3055 3755 3330 3821 occlusae.
3359 3773 3550 3844 sunt:

283 3834 428 3905 cum
457 3834 607 3903 vero
637 3858 745 3901 eas
776 3843 1097 3917 reseratas
1119 3835 1466 3917 viderimus
1492 3834 1639 3917 (hec
1658 3836 1828 3917 enim
1854 3842 1950 3917 est
1975 3836 2211 3917 solutio
2230 3834 2711 3917 quaestionum),
2733 3843 2888 3901 tunc
2917 3840 3262 3917 plurimum
3289 3843 3555 3901 omnino

289 3923 634 4000 poterimus
664 3919 836 3979 intus
869 3914 1809 4000 fulgorem‘aspicere._Eteuim
1839 3914 2101 4000 spiritus
2134 3923 2206 4000 te
2237 3916 2439 3976 oculis
2466 3914 2732 3989 ducens,
2765 3914 2984 4000 omnia
3026 3919 3139 3979 tibi
3169 3920 3554 3998 publicanus

288 3993 406 4063 iste
435 4000 780 4078 promittit:
809 3993 1302 4078 quod'videlicet
1330 3993 1627 4078 osteudat
1650 3994 1758 4054 ubi
1787 3994 2072 4078 rexipse
2102 3994 2358 4078 sedeat,
2391 4012 2802 4078 quorumque
2831 3997 2920 4058 illi
2950 3993 3223 4060 militum
3250 4001 3557 4062 assistant

286 4072 582 4141 cohortes
608 4122 625 4150 ,
653 4078 764 4139 ubi
793 4072 1005 4156 angeli
1032 4120 1048 4147 ,
1075 4074 1185 4135 ubi
1218 4091 1371 4156 vero
1402 4073 1767 4156 habeantur
1803 4072 2174 4153 archangeli
2201 4118 2217 4146 ,
2246 4079 2308 4133 et
2350 4075 2496 4156 quis
2526 4072 2711 4156 novis
2747 4077 2992 4139 civibus
3023 4079 3088 4139 in
3120 4079 3241 4140 hac
3272 4082 3431 4141 urbe
3473 4082 3557 4141 sit

284 4160 624 4237 deputatus
648 4159 853 4237 locus,
876 4153 939 4216 et
954 4170 1242 4237 quonam
1262 4154 1413 4214 illuc
1441 4153 1669 4237 itinere
1687 4156 2029 4237 pergatur:
2056 4157 2118 4212 et
2138 4158 2383 4237 quanto
2403 4154 2649 4237 honore
2674 4155 2953 4219 donandi
2978 4159 3109 4219 sint
3135 4159 3202 4229 ii,
3230 4161 3340 4237 qui
3365 4162 3462 4237 pri
3474 4161 3554 4219 mi

287 4232 460 4298 illius
490 4237 763 4297 civitatis
794 4236 900 4315 jus
946 4233 1183 4315 fuerint
1211 4232 1598 4315 consequuti
1625 4250 1640 4315 ξ
1669 4236 1913 4315 quanto
1954 4249 2218 4315 quoque
2252 4232 2321 4315 ii_,
2351 4235 2461 4315 qui
2490 4234 2633 4294 illos
2665 4237 2947 4296 secundo
2979 4232 3345 4315 sequuntur
3368 4232 3512 4301 loco
3539 4260 3553 4298 :

333 4322 531 4398 uauto
559 4315 757 4398 etiam
788 4309 829 4373 ii
858 4313 968 4390 qui
997 4313 1210 4398 tertio,
1239 4316 1302 4398 et
1330 4315 1495 4387 quot
1521 4309 1648 4370 sint
1672 4309 1932 4398 illorum
1962 4309 2219 4398 ordines
2252 4311 2509 4398 civium,
2541 4329 2868 4398 quamque
2896 4309 3131 4398 diversi
3162 4318 3226 4377 in
3260 4319 3369 4378 illo
3404 4337 3557 4398 gra-

333 4336 531 4378 uanto
565 4336 757 4377 etiam
788 4336 829 4373 ll
858 4336 968 4390 qm
999 4336 1210 4383 terno,
1239 4336 1302 4370 cl.
1330 4336 1495 4387 quur.
1521 4336 1648 4370 Sllll.
1672 4336 1932 4368 murum
1962 4336 2219 4370 urumes
2252 4336 2509 4383 unum,
2541 4336 2868 4390 quamque
2896 4336 3131 4377 mversn
3162 4336 3226 4377 In
3260 4336 3369 4378 Illo
3404 4337 3557 4398 gul-

285 4336 405 4455 aus
430 4394 907 4477 distinguantur
935 4396 1188 4477 senatu,
1224 4394 1287 4450 et
1331 4404 1532 4464 quam
1566 4388 1760 4477 varia:
1788 4387 2291 4477 ibi‘splendeant
2334 4389 2704 4477 differentin
2746 4394 3149 4477 dignitatum.
3177 4398 3319 4457 Non
3364 4400 3559 4477 igitur

288 4491 434 4533 cum
470 4466 747 4532 tumultu
792 4468 1265 4547 ingrediamur,
1308 4483 1443 4529 non
1495 4484 1640 4549 cum
1667 4466 2053 4549 turbatione
2080 4514 2093 4534 ,
2138 4485 2359 4549 neque
2403 4488 2545 4529 cum
2602 4466 2873 4549 strepitu
2900 4493 2913 4531 :
2944 4475 3053 4534 sed
3115 4492 3259 4535 cum
3301 4466 3557 4538 siléntio

288 4557 484 4629 atque
535 4544 927 4619 reverentia,
955 4565 1099 4625 quae
1148 4548 1343 4629 tantis
1390 4550 1487 4605 est
1525 4544 1893 4629 exhibenda
1937 4544 2281 4629 mysteriis.
2328 4548 2388 4607 Si
2446 4549 2617 4609 enim
2661 4544 3064 4624 in'theatro,
3097 4572 3243 4615 cum
3285 4558 3557 4617 multum

287 4624 615 4691 silentium
656 4636 805 4692 ante
853 4624 1285 4706 praicesserit,
1316 4630 1455 4688 tum
1507 4624 1759 4706 demum
1800 4624 2206 4706 literteregis
2251 4627 2597 4706 leguntur:
2628 4631 2829 4691 multo
2878 4634 3080 4706 magis
3121 4634 3187 4694 in
3237 4636 3355 4697 hac
3398 4639 3558 4698 urbe

286 4727 510 4771 omnes
566 4704 873 4770 cohiberi
904 4710 1157 4784 oportet
1206 4710 1271 4768 et
1324 4704 1700 4784 comprimi,
1734 4708 1797 4763 et
1835 4705 2061 4784 erectis
2111 4704 2376 4768 auribus
2427 4712 2622 4784 atque
2663 4710 2895 4772 animis
2932 4704 3187 4776 adstare
3239 4716 3553 4777 sollicitis.

286 4788 425 4849 Non
451 4789 622 4850 enim
651 4788 885 4850 terreni
917 4783 1108 4864 regis,
1137 4785 1245 4847 sed
1274 4785 1654 4864 angelorum
1686 4783 1941 4864 Domini
1968 4784 2205 4863 scripta
2226 4783 2551 4849 recitanda
2574 4795 2745 4849 sunt.
2779 4790 2839 4850 Si
2870 4793 3040 4853 enim
3068 4794 3155 4854 ita
3185 4813 3302 4855 nos
3340 4796 3555 4864 voluo~

288 4868 488 4952 rimus
514 4872 760 4945 aptare,
780 4867 921 4952 ipsa
950 4861 1067 4932 nos
1099 4861 1596 4952 Spiritus'sancti
1629 4863 2012 4952 gratiacum
2043 4861 2217 4925 omni
2247 4865 2573 4952 diligentia
2595 4868 2680 4952 ad
2700 4874 3054 4952 penetralia
3083 4874 3393 4935 interiora
3417 4861 3531 4952 per

286 4948 500 5037 ducet,
536 4942 725 5037 atque
744 4942 839 5037 ad
870 4947 1081 5037 ipsum
1111 4942 1300 5037 Regis
1334 4945 1781 5037 perxeniemus
1809 4942 2238 5037 theonum,‘a.c
2271 4942 2453 5037 bonis
2488 4942 2791 5037 omnibust
2819 4951 3246 5037 perfruemur,
3271 4942 3476 5032 gratia
3500 4968 3561 5016 et

287 5022 722 5111 misericordia
744 5022 997 5111 Ι)ρηὶἰηὶ
1028 5022 1228 5111 nostri
1262 5025 1413 5084 Jesu
1440 5024 1700 5091 Christi,
1730 5022 1831 5082 cui
1862 5022 2067 5099 gloria
2098 5029 2161 5083 et
2189 5024 2554 5101 imperium,
2578 5046 2721 5087 cum
2751 5022 2934 5091 Patre
2960 5037 3024 5093 et
3048 5022 3559 5111 Spirituvsancto,

289 5108 352 5166 in
380 5107 611 5168 saecula
641 5106 1045 5167 saeculorum.
1078 5106 1304 5164 Amen.

1024 5232 1173 5239 ...νο-ν

1222 5310 1573 5375 HOMILIA
1617 5312 1978 5374 SECUNDA
2022 5315 2137 5375 EX
2183 5316 2469 5379 CAPITE
2515 5321 2566 5381 Ι.

885 5437 1069 5499 Liber
1108 5439 1532 5517 generationis
1572 5440 1725 5499 Iesu
1756 5436 1997 5498 Christi
2026 5440 2147 5517 ﬁlii
2177 5442 2401 5508 David,
2436 5443 2559 5523 ﬁlii
2588 5446 2915 5510 Abraham.

366 5559 423 5621 1.
470 5560 670 5652 Igitur
694 5559 1075 5652 meministis
1102 5560 1551 5652 admonitionis
1580 5560 1874 5652 ejusqua
1902 5562 1980 5623 ad
2016 5579 2123 5623 vos
2157 5565 2479 5652 superiori
2504 5569 2612 5652 die
2638 5589 2862 5636 sumus
2896 5579 2993 5639 usi
3026 5626 3043 5652 ,
3075 5601 3219 5644 cum
3255 5588 3562 5652 hortare.

290 5658 434 5700 mur
456 5626 797 5743 uteummo
816 5639 1588 5743 eilentciqetquiete
1608 5626 1799 5731 tautis
1831 5626 3559 5743 congruentemysteriis,:omn'ibu-svli’v‘ang‘eﬁi’

285 5716 1140 5823 E‘ZT.‘£‘3‘33’EEE-EE‘3'.E‘EL“.:
1170 5717 1493 5823 is}???
1515 5734 2064 5823 ίιὶίἮεἪθὲνέΪΪΨῗ,
2092 5723 2370 5823 seems
2404 5727 2581 5823 adire
2615 5728 2892 5823 ieiunas.
2928 5716 3201 5823 prome?
3229 5748 3402 5823 quod

289 5797 621 5869 prieterita:
638 5796 1142 5860 denuntiationis
1166 5798 1490 5860 admonui.
1515 5796 1765 5859 Etenim
1793 5799 1846 5860 si
1867 5799 2067 5862 Judaei
2097 5805 2417 5866 accessuri
2440 5806 2517 5870 ad
2539 5796 2819 5897 montem
2847 5796 3199 5901 ardentem,
