3850 6222
162 269 278 330 995
1358 278 1590 335 ANlANl
1631 270 2202 332 INTERPRETATIO.
3279 259 3382 318 996

146 379 295 440 ideo
317 376 699 440 studendum
722 376 907 439 nobis
934 380 1054 451 est,
1086 380 1157 437 ut
1188 376 1396 454 parati
1427 392 1702 453 semper,
1737 378 1801 435 et
1823 374 2089 434 accincti
2112 374 2233 454 iter
2260 371 2381 454 hoc
2408 372 2721 436 coniicere
2746 371 3109 454 possimus:
3132 373 3261 435 lmo
3292 393 3411 436 nec

145 458 248 519 sic
274 457 531 536 quidem
562 457 863 536 passibile
895 462 1022 528 est,
1068 453 1371 536 nisi’alisi
1394 454 1664 536 Spiritus
1692 454 2150 536 subvehamur.
2184 453 2243 512 Si
2276 453 2469 536 igitur
2500 458 2714 513 mente
2758 453 2881 536 ieyi
2910 457 2973 536 et
2998 454 3320 536 expedita,
3352 458 3415 514 et

142 531 469 615 Spirituali
506 531 666 614 opus
706 541 801 615 est
829 536 1056 615 gratia,
1089 542 1160 595 ut
1196 531 1524 615 excelsum
1566 533 1724 615 iliud
1769 532 2098 615 valeamus
2129 531 2498 615 ascendere.
2530 550 2679 615 cum
2708 531 2869 590 nihil
2910 532 3163 604 horum,
3216 532 3323 593 sed
3355 539 3416 593 et

139 609 371 677 omnia
398 609 684 694 quotidie
709 609 978 677 advérsa
1005 614 1486 694 contrahamus,
1510 617 1573 674 et
1595 611 2063 694 diaboliconos
2089 611 2370 694 pondere
2399 609 2818 694 opprimimus
2848 631 2863 670 :
2897 629 3207 694 quonam,
3240 629 3417 694 quaa-

139 712 247 767 so,
282 689 467 772 pact—0
498 713 755 757 sursum
784 694 1003 755 volare
1028 693 1403 771 poterimus,
1435 698 1562 753 tam
1591 691 1980 772 importabili
2020 709 2217 772 onere
2246 692 2569 772 depressi?
2598 689 2851 772 Etenim
2899 691 2951 749 si
2979 691 3124 768 quis
3156 691 3218 748 in
3257 692 3417 768 qui—

141 769 417 835 busdam
446 774 636 853 justis
667 772 915 853 stateris
952 769 1211 853 nostros
1237 772 1727 853 velitcogitatus
1758 770 2009 853 sistere,
2042 769 2211 853 inter
2266 770 2438 853 mille
2481 769 2888 853 saecularium
2912 776 3419 853 sermonum_ta-

136 854 323 915 lcnta
364 848 476 914 vii
514 860 771 915 centum
800 852 1096 913 denarios
1120 848 1552 930 spiritualium
1580 849 1813 930 poterit
1842 849 2133 930 inwnire
2163 850 2532 930 verborum,
2556 850 2686 908 imo
2731 865 2850 909 nec
2897 848 3111 909 decem
3159 848 3414 930 quidem

134 934 396 993 obolos.
427 936 525 992 An
552 950 704 993 vero
731 948 861 1015 non
890 928 1515 1015 turpe_maximeque
1547 928 1892 1015 ridiculum
1922 928 2027 1015 sit,
2063 945 2166 989 res
2200 928 2603 1015 necessarias
2624 932 2959 1015 certasque
3003 943 3239 1005 magna
3281 929 3407 1015 ple-

130 1028 422 1089 rumque
451 1016 654 1088 parte,
672 1010 874 1072 servis
900 1004 1062 1087 quos
1084 1004 1850 1089 habemus—demandare:
1879 1006 1977 1067 ori
2006 1023 2161 1089 vero
2188 1006 2358 1085 quod
2386 1004 2721 1085 proprium
2749 1004 3167 1089 nostrumque
3201 1004 3402 1089 possi-

132 1085 397 1161 demtis,
423 1085 654 1151 viliora
682 1106 878 1165 quam
908 1085 1269 1165 mancipiis,
1301 1105 1529 1165 nempe
1562 1087 1820 1148 inutilia
1859 1085 2152 1163 quaedam
2180 1091 2243 1148 et
2271 1102 2673 1164 supervacua
2703 1086 3096 1145 committere
3127 1104 3144 1145 :
3173 1086 3418 1146 utinam

162 1183 316 1246 vero
342 1182 745 1244 supervacua
775 1170 1046 1246 tantum,
1084 1168 1443 1246 nonetiam
1485 1169 1798 1230 damnosa
1845 1175 1907 1228 et
1954 1171 2175 1240 noxia,
2222 1169 2511 1246 nihilque
2544 1168 2925 1246 profutura?
2965 1169 3123 1229 Nam
3152 1169 3206 1229 si
3237 1169 3423 1232 nobis

157 1245 347 1307 utilia
373 1249 586 1307 essent
611 1261 755 1326 quae
781 1245 1129 1326 loquimur,
1175 1244 1366 1305 etiam
1391 1245 1526 1326 Deo
1560 1249 1984 1325 proculdubio
2029 1251 2220 1310 verba
2270 1244 2472 1308 nostri
2517 1244 2646 1309 oris
2678 1249 3025 1326 placerent.
3056 1248 3237 1309 Nunc
3266 1266 3424 1309 vero

156 1341 604 1405 quascumque
630 1325 831 1405 hostis
861 1325 1167 1405 antiquus
1199 1325 1485 1405 suggerit
1512 1326 1925 1404 loquutiones
1956 1329 2303 1405 loquimur,
2338 1332 2472 1387 tum
2503 1325 2760 1403 quidem
2803 1326 3081 1386 ridentes
3116 1327 3261 1404 ipsi,
3291 1335 3425 1391 tum

162 1402 318 1464 Vero
344 1403 410 1464 in
439 1404 716 1484 aliorum
747 1404 951 1464 risum
983 1402 1187 1465 faceta
1211 1402 1431 1481 aliqua
1462 1408 1525 1465 et
1548 1402 1799 1468 urbana
1825 1402 2103 1468 dicentes
2131 1427 2144 1465 :
2184 1412 2247 1466 et
2276 1424 2448 1466 nunc
2469 1402 2725 1484 quidem
2754 1405 3089 1466 maledicta
3114 1402 3425 1483 jaculan-

163 1490 260 1565 ies
296 1487 358 1565 et
387 1483 807 1544 contumelias
849 1502 863 1542 :
892 1500 1070 1565 nunc
1091 1499 1245 1543 vero
1291 1484 1695 1565 mentientes,
1720 1485 2039 1565 jurantes,
2077 1485 2435 1563 pejerantes
2479 1483 2498 1544 ἑ
2533 1489 2596 1546 et
2640 1503 2812 1545 nunc
2849 1485 3104 1562 quidem
3136 1486 3425 1565 nolentes

157 1562 368 1639 loqui,
396 1579 570 1622 nunc
596 1578 748 1622 vero
777 1562 1159 1638 multiloqua
1186 1561 1467 1641 vanitate
1500 1561 1738 1626 deliros
1756 1582 1978 1626 omnes
2009 1561 2371 1641 delirasque
2418 1568 2820 1641 superantes,
2864 1561 2940 1625 ea
2988 1580 3132 1640 qua;
3176 1564 3255 1625 ad
3310 1582 3426 1627 nos

159 1641 428 1721 omnino
458 1657 587 1701 non
620 1641 965 1719 pertinent,
998 1643 1244 1721 absque
1273 1640 1407 1703 ulla
1441 1642 1507 1702 in
1542 1644 1819 1704 medium
1840 1645 2091 1705 ratione
2116 1640 2521 1721 proferimus}
2549 1644 2704 1718 Quis
2742 1643 2911 1702 enim
2944 1648 3254 1713 vestrum,
3283 1662 3428 1704 res—

159 1718 456 1802 pondete,
490 1718 733 1798 quaeso,
765 1720 877 1799 qui
907 1720 1228 1802 assistitis,
1257 1737 1485 1802 unum,
1519 1722 1572 1783 si
1605 1725 1924 1802 exigatur,
1976 1718 2294 1801 psalmum
2324 1727 2553 1802 potest
2580 1722 2950 1783 memoriter
2979 1722 3282 1792 ediscere,
3317 1728 3429 1784 aut

156 1799 634 1878 Scripturarum
662 1816 993 1861 sacrarum
1020 1799 1219 1860 ullam
1244 1799 1439 1860 aliam
1469 1799 1825 1877 portionem
1845 1804 1874 1863 Ἰ
1901 1799 2127 1863 Nullus
2163 1801 2425 1861 omnino
2451 1806 2549 1862 est
2577 1822 2591 1860 :
2621 1820 2740 1865 nec
2763 1806 2977 1863 tamen
3010 1802 3223 1861 solum
3249 1803 3417 1862 istud

159 1883 261 1938 est
288 1879 564 1951 malum;
596 1878 705 1939 sed
735 1880 1044 1959 quoniam
1073 1878 1149 1959 ad
1181 1878 1539 1959 spiritualia
1569 1880 1815 1943 desides
1851 1898 1927 1943 ac
1954 1881 2232 1952 remissi,
2259 1879 2339 1941 ad
2368 1881 2682 1942 diabolica
2712 1881 3030 1959 prompti,
3073 1880 3285 1959 ignem
3324 1882 3429 1959 ip-

158 1975 306 2037 sum
335 1958 563 2020 ardore
599 1958 940 2034 superatis.
972 1958 1223 2037 Etenim
1258 1958 1309 2017 si
1342 1958 1486 2036 quis
1523 1976 1635 2020 vos
1672 1960 1748 2022 de
1778 1961 2199 2022 theatralibus
2243 1960 2484 2037 aliquid
2528 1961 2805 2022 voluerit
2840 1958 3238 2037 interrogare
3269 1958 3429 2022 can-

160 2036 330 2117 ticis,
364 2043 428 2099 et
458 2037 852 2117 meretricios
885 2037 1030 2117 illos
1060 2036 1422 2117 fractosque
1452 2039 1744 2100 modulos
1780 2039 2005 2101 audire
2036 2060 2051 2099 :
2088 2036 2369 2111 multos,
2403 2039 2513 2116 qui
2565 2040 2673 2101 illa
2718 2039 2909 2100 etiam
2944 2036 3428 2117 diligentissime

158 2115 518 2196 didicerint,
550 2118 783 2194 poterit
806 2116 1128 2196 invenire,
1147 2122 1210 2196 et
1240 2116 1351 2196 qui
1395 2133 1473 2196 ea
1504 2136 1649 2177 cum
1691 2119 1975 2181 maxima
2018 2119 2207 2179 etiam
2243 2115 2661 2195 pronuntient
2705 2115 3212 2196 voluptatefScd
3250 2124 3428 2179 estne

163 2195 393 2276 horum
424 2197 765 2257 criminum
794 2195 1045 2276 tandem
1077 2194 1642 2276 aliquadefensio?
1665 2198 1805 2259 Non
1835 2216 1976 2258 sum
1997 2243 2013 2270 ,
2046 2194 2277 2275 inquit,
2321 2214 2440 2276 ego
2474 2194 3162 2269 monachus,‘uxorcm
3194 2197 3424 2269 habeo,

160 2279 227 2333 et
255 2274 443 2345 filios,
476 2280 539 2336 et
566 2291 788 2336 curam
816 2275 1040 2334 domus
1072 2291 1247 2353 gero.
1276 2274 1412 2354 Hoc
1445 2277 1616 2335 enim
1645 2283 1765 2348 est,
1812 2277 1985 2354 quod
2032 2274 2249 2338 omnia
2304 2274 2490 2353 quasi
2544 2294 2676 2337 una
2730 2276 3010 2354 quadam
3060 2282 3236 2354 peste
3289 2294 3428 2336 cor-

161 2355 426 2432 rumpit,
454 2355 770 2435 quoniam
811 2354 1150 2435 lectionem
1187 2353 1553 2435 divinarum
1587 2353 2062 2435 Scripturarum
2096 2355 2174 2417 ad
2209 2356 2381 2416 solos
2417 2357 2655 2434 putatis
2693 2353 3043 2435 monachos
3064 2353 3423 2432 pertinere,

159 2451 307 2493 cum
337 2434 540 2493 multo
574 2433 776 2512 magis
805 2433 1212 2512 vobisquam
1244 2432 1367 2492 illis
1401 2434 1483 2494 sit
1511 2432 1898 2496 necessaria.
1930 2436 2053 2509 Qui
2085 2436 2254 2495 enim
2289 2432 2630 2496 versantur
2674 2436 2739 2495 in
2789 2434 3020 2506 medio,
3059 2440 3121 2495 et
3159 2435 3427 2498 vulnera

156 2513 446 2592 quotidie
469 2513 814 2589 accipiunt,
843 2511 1045 2592 magis
1068 2511 1353 2589 indigent
1376 2513 1815 2582 medicamine.
1849 2515 2073 2592 Itaque
2101 2514 2303 2574 multo
2332 2518 2429 2574 est
2453 2515 2713 2592 gravius
2737 2519 2930 2591 atque
2954 2514 3255 2585 deterius,
3289 2532 3425 2574 rem

156 2590 562 2674 superﬂuam
581 2609 721 2674 esse
748 2590 1095 2671 legemDei
1126 2596 1376 2674 putare,
1412 2609 1609 2669 quam
1651 2594 1827 2654 illam
1865 2590 2130 2654 orn—nino
2166 2611 2296 2654 non
2337 2590 2574 2674 legere.
2613 2594 2763 2671 Haec
2804 2590 2974 2654 enim
3016 2595 3212 2655 verba
3251 2600 3424 2665 sunt,

156 2688 306 2746 quae
333 2670 410 2731 de
440 2671 756 2731 diabolica
792 2669 1054 2747 prorsus
1091 2669 1498 2731 meditatione
1529 2679 1933 2748 promuntur.

237 2749 298 2809 6.
330 2750 469 2809 Non
497 2749 677 2811 audis
710 2750 977 2810 Paulum
1020 2749 1390 2826 loquentem
1423 2769 1439 2809 :
1474 2750 1786 2841 Quoniam
1827 2752 1907 2812 ad
1953 2750 2408 2843 correptione";
2456 2759 2733 2812 nostram
2779 2750 2904 2812 hwc
2947 2751 3156 2812 omnia
3187 2751 3427 2887 εστ-για

237 2837 302 2887 nt
326 2828 410 2887 (1.
444 2829 584 2887 Cor.
618 2830 715 2887 10.
749 2830 848 2887 11)
868 2830 897 2887 ?
921 2829 1017 2887 Tu
1047 2846 1200 2887 ergo
1225 2829 1646 2887 Evancehum
1672 2832 1919 2887 etiamsi
1951 2831 2167 2887 lilOllS.
2198 2836 2269 2887 ut
2299 2837 2504 2887 alunt.
2550 2832 2848 2887 manibus
2877 2836 3272 2887 contrectare
3341 2848 3425 2887 a—

155 2837 302 2888 sunt
326 2828 410 2909 (1.
444 2829 584 2891 Cor.
618 2830 715 2889 10.
749 2830 897 2908 11)?
921 2829 1017 2909 Tu
1047 2846 1200 2905 ergo
1225 2829 1646 2909 Evangelium
1672 2832 1919 2893 etiamsi
1951 2828 2167 2903 illotis,
2198 2836 2269 2889 ut
2299 2830 2504 2904 aiunt,
2550 2832 2848 2891 manibus
2877 2836 3272 2891 contrectare
3299 2828 3425 2889 da—

156 2907 358 2989 retur,
388 2926 476 2989 ne
507 2909 817 2989 attingere
851 2908 1122 2989 quidem
1145 2907 1366 2989 cupias
1407 2928 1422 2967 :
1452 2912 1700 2969 tantum
1741 2913 1944 2980 abest,
1992 2914 2064 2969 ut
2096 2910 2348 2986 penitus
2380 2913 2717 2989 penetrare
2758 2909 3002 2989 judices
3032 2927 3242 2987 opera:
3274 2927 3426 2986 pre-

156 2986 354 3059 tium;
383 2987 601 3064 itaque
624 2987 693 3046 fit
720 2994 791 3047 ut
820 3004 1077 3048 sursum
1106 2986 1293 3066 hodie
1322 2987 1623 3048 deorsum
1648 2990 1865 3051 omnia
1897 2989 2205 3049 ferantur.
2250 2988 2431 3063 Quod
2460 2988 2514 3049 si
2544 2986 2789 3049 discere
2820 2990 2998 3066 cupis
3026 2986 3307 3066 quantus
3341 3007 3424 3048 ex

154 3066 501 3146 Scripturis
531 3066 762 3146 divinis
795 3070 1100 3146 nascatur
1123 3065 1469 3146 profectus,
1502 3068 1903 3145 temetipsum
1948 3067 2286 3145 diligenter
2314 3068 2612 3128 examina
2666 3088 2679 3125 :
2714 3065 2925 3145 qualis
2974 3065 3229 3146 quidem
3275 3066 3426 3128 efﬁ—

152 3145 347 3205 ciaris
379 3163 523 3205 cum
553 3145 833 3222 psalmos
863 3145 1073 3215 audis,
1105 3143 1314 3220 qualis
1347 3145 1498 3205 item
1528 3164 1674 3206 cum
1719 3143 2101 3208 diabolicam
2136 3147 2521 3207 cantilenam
2553 3166 2568 3205 :
2597 3151 2658 3206 et
2696 3143 3233 3223 quemadmodum
3272 3146 3427 3223 qui—

150 3225 298 3283 dem
322 3223 488 3284 aftici
518 3224 727 3284 soleas
750 3242 908 3303 cum
934 3224 998 3283 in
1023 3224 1291 3303 ecclesia
1319 3224 1594 3295 steteris,
1617 3225 2152 3303 quemadmodum
2178 3243 2333 3286 vero
2365 3226 2419 3286 si
2450 3225 2688 3303 sederis
2719 3225 2785 3285 in
2807 3226 3079 3297 theatro,
3096 3231 3158 3286 et
3181 3224 3423 3286 videbis

150 3319 351 3378 quam
372 3304 453 3363 sit
477 3303 717 3380 grande
745 3302 927 3381 istius
956 3303 1209 3373 animus,
1238 3302 1541 3379 illiusque
1570 3302 1937 3381 discrimen,
1968 3305 2118 3365 licet
2144 3321 2277 3365 una
2311 3322 2565 3381 semper
2602 3304 2667 3364 in
2706 3308 2764 3364 te
2792 3305 3007 3365 anima
3035 3305 3154 3364 sit:
3187 3305 3423 3364 idcirco

150 3382 327 3441 enim
357 3382 686 3459 apostolus
713 3381 804 3443 ait
832 3400 848 3439 :
881 3380 1310 3472 corrumpunt
1335 3398 1532 3440 mores
1562 3380 1753 3441 bonos
1784 3383 2093 3462 colloquia
2132 3384 2294 3444 mala
2325 3382 2407 3463 (1.
2440 3382 2582 3444 Cor.
2623 3381 2720 3441 15.
2752 3383 2880 3519 33).
2913 3384 3135 3460 Itaque
3167 3383 3423 3444 assidue

155 3461 520 3519 notantibus
550 3460 822 3519 Soiritus
852 3460 964 3519 Del
1003 3461 1392 3519 carminibus
1420 3477 1703 3519 egemus.
1734 3462 1986 3519 Etenim
2013 3462 2181 3519 istud
2220 3468 2318 3519 est
2343 3478 2474 3519 auo
2512 3462 2822 3519 irrationa
2854 3463 2997 3519 ibus
3043 3469 3422 3519 nrmstamus

155 3461 520 3538 potentibus
550 3460 822 3538 Spiritus
852 3459 964 3519 Dei
1003 3460 1392 3539 carminibus
1420 3477 1703 3539 egemus.
1734 3459 1986 3521 Etenim
2013 3462 2181 3522 istud
2220 3459 2474 3538 est'quo
2512 3459 2997 3523 irrationalibus
3032 3459 3422 3539 praestamus

150 3539 615 3612 animantibus,
644 3558 789 3599 cum
814 3543 985 3599 certe
1024 3538 1361 3599 inferiores
1392 3538 1593 3598 simus
1640 3541 1703 3599 in
1734 3541 2000 3601 caeteris.
2033 3541 2169 3600 Hoc
2194 3545 2288 3601 est
2319 3541 2490 3600 enim
2522 3541 2986 3601 nutrimentum
3016 3538 3268 3611 animae,
3303 3540 3424 3602 hoc

151 3626 627 3696 ornamentum,
658 3619 778 3678 hoc
808 3617 1117 3678 securitas
1149 3637 1163 3675 :
1197 3621 1269 3677 ut
1301 3636 1335 3677 e
1362 3617 1649 3696 regione,
1680 3620 1796 3679 Dei
1828 3636 1958 3679 non
1990 3619 2211 3679 audire
2242 3622 2535 3687 verbum,
2568 3618 2768 3680 fames
2793 3626 2986 3696 atque
3015 3619 3421 3680 internecies.

154 3695 356 3778 Dabo.
386 3697 621 3778 inquit,
659 3698 745 3778 eis
770 3699 1145 3778 non/famem
1170 3697 1377 3774 panis,
1408 3714 1600 3778 neque
1626 3698 1798 3757 sitim
1821 3717 2011 3777 aqua,
2044 3698 2149 3778 sed
2175 3699 2392 3775 famem
2432 3697 2732 3759 audiendi
2758 3695 3008 3778 verbum
3045 3698 3164 3778 Dei
3207 3698 3424 3778 (Amos

147 3776 214 3835 8.
246 3776 370 3856 11).
398 3772 562 3850 Quid
590 3777 787 3854 igitur
814 3772 1130 3856 infelicius
1162 3772 1303 3836 esse
1334 3772 1556 3853 possit,
1587 3794 1782 3853 quam
1808 3772 2075 3856 utquod
2108 3772 2279 3837 Deus
2321 3778 2386 3836 in
2414 3794 2666 3855 pwnam
2701 3772 3007 3849 minatur,
3040 3776 3161 3837 hoc
3190 3772 3260 3836 tu
3289 3777 3423 3856 jam

154 3855 385 3932 sponte
418 3857 484 3915 in
514 3861 709 3932 caput
730 3863 910 3915 tuum
946 3855 1275 3917 attrahens
1304 3872 1603 3934 corroges
1648 3855 1933 3928 malum,
1959 3856 2239 3917 inferens
2271 3857 2501 3917 animae
2529 3862 2653 3917 tuae
2704 3856 3119 3917 saevissimam
3167 3855 3422 3934 famem.

146 3940 345 4010 atque
387 3934 778 4012 pestiferam,
812 3951 931 4011 per
956 3950 1152 4010 quam
1182 3933 1581 3994 miseriorem
1623 3934 1802 3996 illam
1840 3938 2083 3996 cunctis
2136 3935 2402 3995 omnino
2436 3936 2630 3996 rebus
2658 3934 2943 3996 efficias?
2988 3935 3221 3996 Verbis
3252 3933 3424 3995 enim

150 4031 325 4090 nunc
355 4014 570 4090 sanari
604 4013 715 4074 illa
750 4014 927 4083 solet,
962 4030 1135 4072 nunc
1160 4013 1510 4090 corrumpi.
1541 4014 1696 4073 Nam
1728 4019 1791 4090 et
1816 4031 1982 4085 saepe
2012 4015 2074 4073 in
2113 4015 2275 4090 iram
2302 4029 2602 4090 sermone
2629 4014 3058 4090 succenditur,
3094 4018 3158 4075 et
3178 4015 3259 4075 ab
3284 4014 3427 4090 ipso

147 4088 444 4146 incendio
465 4088 596 4148 alio
616 4106 840 4149 rursus
860 4104 1160 4148 sermone
1190 4086 1650 4165 resting—uitur:
1678 4089 1747 4165 et
1776 4090 1855 4165 ad
1885 4086 2472 4165 concupiscentiam
2498 4103 2712 4148 sermo
2743 4088 2920 4149 illam
2956 4086 3439 4150 obscmnusin—

147 4165 453 4238 ﬂammat,
484 4171 548 4227 et
570 4166 651 4227 ad
677 4166 1046 4245 pudicitiam
1072 4167 1341 4227 verbum
1366 4163 1724 4245 honestatis
1746 4163 2012 4245 reducit.
2051 4164 2114 4224 Si
2141 4174 2373 4245 autem,
2391 4164 2514 4226 hoc
2542 4165 2695 4227 facit
2726 4185 2940 4228 sermo
2985 4168 3105 4229 iste
3133 4174 3436 4229 commu-

149 4245 275 4313 nis,
305 4246 645 4322 responde,
678 4242 888 4323 quare
924 4251 995 4304 tu
1041 4245 1521 4323 Scripturarum
1558 4242 1832 4323 eloquia
1880 4245 2296 4323 contemnas?
2323 4244 2484 4305 Nam
2529 4246 2582 4304 si
2614 4245 2968 4307 admonitio
3017 4248 3157 4309 sola
3188 4253 3436 4309 tantum

150 4324 344 4393 valet,
383 4329 628 4403 quanto
675 4325 879 4403 magis
910 4324 964 4383 si
994 4322 1191 4403 etiam
1232 4341 1349 4400 per
1402 4322 1674 4403 Spiritus
1722 4322 1926 4403 sancti
1976 4322 2247 4403 gratiam
2296 4323 2439 4398 ipsa
2484 4323 2837 4403 admonitio
2884 4326 3296 4403 proferatur?
3340 4328 3437 4388 Ex

146 4402 497 4478 Scripturis
527 4400 812 4479 namque
826 4402 1059 4461 divinis
1081 4419 1294 4462 sermo
1315 4402 1629 4478 prolatus,
1659 4401 1798 4477 ipso
1827 4400 2437 4479 ignevehementius
2460 4402 2743 4463 animam
2772 4400 3091 4466 audientis
3122 4406 3435 4479 accendit,

148 4486 348 4558 atque
385 4481 449 4540 in
481 4478 769 4540 omnium
796 4482 973 4542 illam
1000 4486 1318 4558 praeparat
1348 4498 1538 4562 usum
1564 4478 1904 4540 bonorum.
1936 4478 2038 4562 Sic
2071 4480 2274 4562 etiam
2298 4480 2534 4562 Paulus
2570 4481 2962 4553 Corinthios,
2996 4502 3159 4562 quos
3183 4478 3435 4547 inﬂatos

150 4577 297 4621 esse
326 4566 718 4638 cognoverat
738 4577 813 4621 ac
841 4564 1184 4640 tumentes,
1218 4560 1639 4640 castigatione
1681 4559 1999 4619 sermonis
2036 4558 2306 4619 reddidit
2337 4560 2651 4640 mitiores.
2676 4562 2767 4622 De
2810 4558 3046 4640 quibus
3079 4564 3246 4624 enim
3292 4583 3439 4624 eru-

154 4643 439 4711 bescere,
470 4657 669 4722 seque
691 4640 1022 4722 occultare
1042 4638 1264 4722 potius
1294 4639 1674 4722 debuerant,
1698 4640 1781 4698 ob
1809 4656 1887 4700 ea
1917 4640 2450 4722 ipsasuperbum
2461 4639 2778 4722 quiddam
2797 4638 3200 4722 sublimeque
3229 4645 3439 4722 sapie-

155 4722 311 4779 hant
339 4738 354 4777 :
388 4717 497 4779 sed
530 4723 871 4795 postquam
905 4719 1084 4780 Pauli
1117 4718 1455 4795 epistolam
1486 4722 1935 4795 susceperunt,
1967 4717 2116 4779 audi
2147 4724 2391 4795 quanta
2437 4719 2696 4779 illorum
2732 4721 2815 4781 sit
2842 4720 3005 4785 facta
3034 4717 3327 4795 mutatio,
3359 4724 3437 4786 de

148 4814 286 4876 qua
312 4798 451 4875 ipse
480 4803 652 4859 certe
689 4798 816 4859 illis
852 4799 1292 4859 testimonium
1322 4797 1529 4858 reddit
1570 4797 1880 4875 magister
1912 4816 1926 4855 :
1958 4798 2105 4859 Hoc
2134 4799 2358 4876 ipsum,
2404 4798 2638 4875 inquit,
2679 4800 3012 4860 secundum
3046 4804 3240 4861 Ileum
3284 4822 3439 4862 con-

152 4877 405 4959 tristari
433 4896 564 4959 vos,
596 4879 982 4959 quantamin
1004 4876 1181 4959 vobis
1209 4877 1412 4959 effecit
1440 4876 1954 4959 sollicitudinem,
1993 4877 2115 4959 imo
2146 4878 2580 4959 defensionem,
2613 4879 2734 4959 imo
2764 4880 3281 4959 indignationem,
3314 4883 3436 4943 imo

152 4957 458 5039 timerem,
490 4958 609 5017 imo
642 4957 1039 5039 desiderium,
1068 4958 1184 5017 imo
1208 4956 1678 5039 mutilationem,
1711 4956 1834 5039 imo
1865 4956 2320 5039 vindictam_'(2,
2350 4956 2500 5039 Cor.
2533 4959 2593 5017 7.
2629 4958 2754 5038 11).
2788 4960 2880 5039 Ita
2906 4956 3067 5039 ergo
3097 4966 3159 5020 et
3186 4980 3433 5034 servos,

105 5072 119 5083 -
151 5046 219 5097 et
246 5036 437 5107 filios,
470 5042 533 5098 et
566 5037 872 5115 conjuges
901 5038 1330 5109 moderemur,
1367 5042 1431 5097 et
1457 5037 1697 5098 amicos
1730 5056 1746 5106 ;
1796 5037 1886 5099 ita
1931 5042 1993 5096 et
2021 5036 2099 5097 de
2137 5036 2410 5099 inimicis
2441 5036 2717 5115 quoque
2742 5036 3222 5100 amicos'facere
3249 5059 3443 5102 cure-

151 5134 321 5177 mus.
361 5117 462 5177 Sic
486 5116 679 5177 etiam
708 5117 799 5176 illi
826 5117 1041 5195 magni
1071 5117 1188 5177 viri
1222 5117 1483 5193 Deoque
1502 5116 1675 5197 cari,
1706 5116 1852 5197 facti
1884 5121 2034 5197 sunt
2061 5115 2343 5197 profecto
2372 5117 2693 5178 meliores.
2730 5117 2891 5177 Nam
2936 5123 2999 5179 et
3042 5119 3246 5179 David
3296 5126 3441 5197 post

152 5201 513 5274 peccatum,
546 5197 856 5272 quoniam
888 5213 1249 5257 sermonem
1297 5196 1542 5256 audivit
1568 5196 1721 5267 Dei,
1754 5196 1834 5257 ad
1864 5196 2214 5257 salutarem
2259 5196 2434 5275 illam
2481 5197 2919 5274 paenitentiam
2952 5196 3315 5258 convolavit
3349 5198 3426 5275 (2.

154 5278 308 5356 Reg.
336 5275 433 5341 12.
452 5275 575 5354 13).
600 5276 676 5334 Et
700 5276 971 5352 apostoli
1000 5276 1219 5336 eodem
1244 5281 1428 5354 pacto
1446 5275 1592 5356 facti
1611 5281 1764 5356 sunt
1789 5275 2210 5356 talesquales
2236 5292 2345 5336 eos
2373 5274 2572 5356 fuisse
2600 5277 2913 5356 miramur
2944 5297 2958 5335 :
2992 5277 3214 5337 eodem
3250 5274 3437 5356 paeto

154 5354 532 5415 universum
563 5356 653 5414 illi
688 5356 995 5414 mundum
1021 5360 1449 5416 attraxerunt.
1481 5355 1561 5415 Et
1589 5355 1769 5432 quid,
1804 5355 1926 5425 ais,
1956 5354 2120 5415 lucri
2152 5359 2273 5425 est,
2295 5354 2558 5431 quando
2587 5355 2733 5432 quis
2760 5355 2960 5427 audit,
2994 5362 3052 5416 et
3100 5374 3229 5417 non
3250 5354 3438 5418 acce-

152 5434 350 5493 ditad
379 5434 698 5511 implenda
728 5451 874 5511 qua:
901 5434 1066 5495 dicta
1110 5436 1311 5495 sunt?
1343 5435 1481 5494 Non
1518 5452 1760 5513 parvus
1806 5440 1905 5494 est
1944 5435 2136 5494 etiam
2172 5452 2253 5494 ex
2305 5434 2448 5512 ipso
2493 5435 2815 5513 profectus
2842 5435 3089 5497 auditu.
3128 5436 3285 5497 Nam
3325 5437 3437 5514 qui

152 5513 357 5578 audit.
390 5518 453 5574 et
485 5514 901 5591 semetipsum
930 5514 1354 5590 reprehendet
1378 5532 1569 5591 saepe,
1600 5519 1663 5574 et
1690 5514 1883 5574 altius
1914 5514 2310 5593 ingemiscet,
2340 5520 2403 5593 et
2430 5530 2508 5575 eo
2552 5514 2941 5592 quandoque
2988 5513 3438 5593 perveniet,’ut

155 5594 415 5674 studeat
441 5596 632 5654 etiam
661 5594 926 5674 implere
954 5594 1126 5670 quod
1156 5594 1395 5654 didicit.
1424 5595 1547 5667 Qui
1578 5610 1733 5654 vero
1760 5612 1887 5674 nec
1914 5593 2086 5671 quod
2116 5592 2404 5671 peccavit
2432 5594 2752 5673 intelligit,
2782 5592 3042 5672 quando
3072 5613 3111 5658 a
3155 5596 3432 5674 peccatis

157 5671 455 5753 recedet?
482 5672 743 5753 quando
781 5690 850 5733 se
878 5674 1017 5751 ipse
1047 5674 1377 5753 culpabit?
1403 5673 1663 5751 quando
1689 5673 1882 5753 etiam
1926 5675 2266 5735 emendare
2295 5671 2690 5737 conabitur'?
2737 5671 2875 5735 Non
2916 5675 3112 5753 igitur
3141 5671 3437 5737 contem-

159 5768 393 5815 namus
421 5751 784 5831 Scripturas
816 5753 1040 5817 audire
1064 5752 1341 5817 divinas.
1374 5753 1522 5817 Haec
1544 5754 1717 5818 enim
1745 5752 2075 5820 diabolica:
2103 5753 2544 5834 inspirationis
2566 5758 2741 5832 sunt,
2765 5773 2897 5817 non
2917 5751 3290 5818 sustinentis
3317 5773 3435 5819 nos
