3850 6222
546 257 678 312 iooi
814 291 822 304 .
1630 245 1635 253 '
1729 257 1960 316 ANlANl
1997 254 2567 314 INTERPRETATIO.
3648 250 3776 305 sui

411 412 415 416 .
524 365 897 442 pauperiem
927 385 942 424 :
975 364 1084 425 sed
1116 363 1336 426 videns
1379 381 1519 426 eam
1549 363 1720 444 Boos
1751 407 1768 434 ,
1802 382 1922 424 nec
1949 364 2032 444 ob
2066 364 2267 442 ipsius
2288 365 2730 444 paupertatem
2763 361 3058 443 despexit
3079 408 3097 438 ,
3129 381 3252 428 nec
3277 366 3366 428 ob
3389 364 3781 444 impietata

523 446 730 524 gentis
758 445 1134 505 exhorruit:
1165 445 1331 505 sicut
1354 445 1549 506 etiam
1569 449 1633 504 et
1655 442 1948 504 Christus
1979 443 2325 506 Ecclesiam
2353 443 2736 524 suscipiens,
2762 448 2824 504 et
2847 442 3280 524 alienigenam
3306 451 3375 507 et
3402 442 3780 524 magnorum

522 522 926 584 laborantem
955 528 1235 603 egestate
1275 525 1628 595 bonorum,
1665 540 1806 603 suo
1831 524 2159 584 consortio
2211 523 2558 603 copulavit.
2594 522 2711 583 Sed
2753 522 3294 601 quemadmodum
3333 522 3682 587 Ruth—illa
3719 545 3780 586 ει

516 604 900 682 alienigenis
933 602 1184 676 mulier,
1210 603 1333 663 nisi
1373 603 1549 679 prius
1577 602 1950 679 reliquisset
1980 607 2276 682 parentes
2299 647 2327 682 ,γ
2347 603 2472 664 nisi
2507 602 2764 664 domum
2799 603 3291 681 contempsisset
3321 649 3342 675 ,
3384 610 3453 663 et
3483 611 3743 682 gentem
3765 653 3778 672 ,

520 691 585 742 et
611 681 908 760 patriam,
940 688 1135 760 atque
1164 687 1509 762 cognatos,
1554 699 1909 762 numquam
1937 681 2221 758 profecto
2251 681 2362 742 tali
2393 682 2618 762 fuisset
2645 681 2981 744 nobilitata
3012 684 3342 745 connubio
3388 703 3405 742 :
3442 681 3542 744 ita
3575 683 3781 744 Ecde—

520 762 614 823 sia
641 763 834 824 etiam
864 781 992 823 non
1020 765 1168 822 ante
1199 761 1494 822 amabilis
1525 761 1801 823 efficitur
1836 779 2077 838 sponso
2097 807 2114 834 ,
2133 779 2328 838 quam
2347 761 2624 839 priorem
2643 762 3201 823 conversationem
3215 763 3598 839 relinquat.
3629 764 3778 836 Quae

522 844 834 920 prepheta
864 859 1134 921 quoque,
1158 840 1236 902 ad
1266 841 1472 917 ipsam
1499 843 1773 921 loquens
1787 885 1812 921 4,
1841 841 1968 921 ait:
2003 839 2382 921 Obtieiscere
2412 841 2718 921 populum
2753 849 2928 921 tuum
2953 848 3008 901 et
3041 841 3288 903 domum
3310 843 3539 921 patris
3593 844 3690 902 ηε
3707 891 3720 906 .
3741 859 3778 902 (τ

521 918 918 1002 concupiscet
947 920 1372 1002 rexidecorem
1419 928 1595 982 tuum
1630 919 1822 999 (Psal.
1847 918 1947 980 Mi.
1978 921 2074 1002 11.
2110 919 2235 999 12).
2267 918 2597 1002 Ηροᾘιιῐιι
2634 919 2826 1002 etiam
2871 919 3096 1002 fecisse
3135 918 3382 1002 legitur
3411 966 3430 995 ,
3464 927 3540 1002 et
3578 922 3780 984 idciroa

523 1001 589 1062 in
618 998 917 1063 Ecclesiae
945 999 1428 1079 similitudinem
1448 1005 1653 1062 mater
1677 1017 1904 1079 regum
1932 998 2154 1061 effecta
2183 998 2300 1062 est.
2333 1000 2544 1078 Ipsius
2578 999 2751 1060 enim
2785 1018 2867 1060 ex
2904 1000 3139 1078 stirpe,
3173 998 3378 1064 David
3414 1001 3780 1079 aliiqnem»

522 1100 630 1159 ges
656 1081 936 1151 fuerunt,
973 1082 1083 1157 qui
1114 1080 1190 1139 de
1216 1078 1436 1140 eadem
1467 1079 1708 1142 familia
1739 1078 2207 1158 germinarunt.
2237 1079 2352 1140 His
2385 1079 2583 1158 igitur
2610 1079 2910 1140 omnibus
2933 1097 3043 1141 eos
3075 1080 3322 1159 pudore
3355 1078 3777 1146 suffundens.

521 1158 596 1220 ac
625 1160 901 1221 suadens
936 1177 1063 1219 non
1087 1160 1288 1219 altum
1311 1176 1562 1236 sapere,
1590 1164 1654 1221 et
1677 1159 2169 1238 generationum
2203 1159 2568 1237 catalogum
2586 1159 2796 1219 texuit
2818 1201 2835 1230 ,
2867 1162 2930 1220 et
2949 1158 3255 1222 mulieres
3288 1161 3463 1222 istas
3496 1160 3778 1238 produxit

520 1239 585 1297 in
619 1239 915 1300 medium.
942 1239 1102 1299 Nam
1123 1238 1322 1299 David
1353 1257 1568 1316 regem
1599 1245 1768 1300 certe
1796 1239 1976 1318 illum
2007 1255 2311 1316 magnum
2343 1238 2709 1318 alienigena
2738 1239 2862 1299 ista
2888 1257 3006 1317 per
3028 1256 3179 1302 suos
3207 1244 3530 1316 posteros
3551 1243 3773 1318 genuit:

521 1337 734 1401 neque
762 1325 975 1381 tamen
1019 1318 1128 1401 ille
1173 1319 1639 1401 ignobilitatem
1668 1317 1980 1401 ejusmodi
2004 1318 2236 1401 matris
2260 1317 2540 1401 erubuit.
2572 1317 2710 1377 Non
2741 1321 2838 1378 est
2858 1319 3028 1401 enim
3063 1320 3358 1401 omnino,
3387 1317 3668 1401 nonest
3693 1340 3774 1380 ne:

518 1397 595 1457 de
625 1399 880 1472 virtute,
918 1417 1036 1459 nec
1067 1398 1144 1460 de
1173 1398 1328 1459 vitio
1357 1397 1719 1475 parentum,
1746 1397 2082 1477 autlaude
2107 1397 2344 1474 aliquis
2376 1397 2776 1477 dignus,aut
2809 1397 3000 1475 culpa
3033 1417 3049 1456 :
3083 1416 3277 1459 nemo
3311 1399 3478 1460 inde
3515 1418 3670 1460 vere
3695 1408 3776 1459 aut

522 1479 860 1542 obscurus.
889 1484 1003 1540 aut
1032 1479 1244 1539 clarus
1267 1473 1402 1538 est:
1429 1479 1556 1536 imo
1579 1473 1843 1553 utquod
1873 1473 2243 1538 incredibile
2270 1473 2518 1538 videtur
2548 1520 2566 1545 ,
2594 1475 2881 1538 dicamus
2907 1473 2938 1550 ξ
2967 1477 3186 1538 nescio
3213 1478 3576 1554 quomodo
3604 1496 3776 1554 magis

406 1595 410 1600 -
525 1556 633 1616 ille
665 1557 1048 1635 resplendet,
1080 1556 1190 1634 qui
1223 1575 1302 1616 ex
1334 1555 1708 1635 parentibus
1737 1572 1776 1614 a
1805 1556 2038 1635 virtute
2077 1572 2342 1635 prorsus
2370 1557 2624 1627 alienis,
2656 1557 2790 1635 ipse
2822 1560 3035 1618 tamen
3080 1557 3271 1616 fuerit
3299 1555 3386 1616 de
3426 1556 3673 1615 virtute
3697 1560 3787 1616 ini-

529 1633 789 1697 rabilisI
820 1637 1047 1698 Nullus
1081 1637 1280 1714 igitur
1321 1635 1386 1695 in
1432 1634 1801 1710 superbiam
1832 1633 1909 1695 de
1943 1634 2150 1712 gloria
2180 1639 2522 1714 parentum
2550 1633 2876 1706 elev'etur,
2913 1635 3022 1696 sed
3055 1635 3492 1696 considerans
3531 1641 3786 1713 progeni-

529 1723 700 1776 tores
743 1716 1036 1787 Domini,
1069 1713 1324 1794 omnem
1353 1715 1663 1794 reprimat
1686 1714 1939 1794 amentis
1978 1719 2294 1774 tumorem
2319 1758 2336 1786 ,
2369 1718 2433 1774 et
2464 1713 2540 1794 de
2575 1714 2729 1794 solis
2765 1714 3104 1794 virtutibus
3134 1715 3503 1794 glorietur,
3559 1716 3686 1775 imo
3707 1736 3786 1777 nec

527 1795 604 1856 de
637 1795 792 1873 ipsis
815 1794 1096 1873 quidem.
1130 1792 1422 1873 Sicenim
1453 1793 1649 1873 etiam
1677 1793 2035 1873 Pharisaeus
2069 1794 2419 1870 publicano
2448 1791 2726 1854 deterior
2755 1791 3015 1873 effectus
3045 1791 3165 1873 est}
3196 1793 3260 1854 Si
3301 1799 3546 1855 autem
3583 1796 3677 1856 vis
3696 1815 3779 1855 sn-

530 1871 721 1934 blirne
756 1871 1001 1951 aliquid
1038 1872 1376 1952 ostendere
1405 1871 1684 1941 virtutis,
1725 1872 1867 1952 noli
1887 1890 2114 1952 sapere
2141 1873 2415 1952 sublime
2444 1893 2460 1931 :
2490 1876 2554 1932 et
2581 1877 2731 1952 tunc
2752 1872 2908 1932 illud
2935 1872 3107 1950 quod
3136 1874 3348 1952 egeris
3389 1916 3410 1944 ,
3447 1891 3606 1934 esse
3634 1894 3778 1935 mon-

529 1954 760 2014 strabis
807 1953 1152 2012 excelsius.
1198 1951 1338 2012 Noli
1393 1957 1453 2012 te
1497 1957 1725 2028 putare
1762 1951 2116 2028 quidquam
2153 1951 2379 2012 fecisse
2423 1969 2569 2012 cum
2617 1951 2840 2014 feceris
2891 1971 2908 2010 :
2958 1952 3051 2012 sic
3081 1951 3665 2015 absolutissimum
3701 1957 3784 2014 erit

527 2049 716 2109 Opus.
747 2032 807 2092 Si
840 2032 1009 2111 enim
1041 2031 1232 2092 etiam
1260 2048 1404 2111 eum
1439 2034 1805 2107 peccatores
1835 2031 2061 2102 simus,
2093 2030 2217 2091 hoc
2243 2048 2365 2111 nos
2387 2030 2760 2111 arbitrando
2789 2048 2931 2092 esse
2959 2031 3130 2108 quod
3179 2049 3419 2093 sumus
3458 2076 3478 2104 ,
3509 2031 3783 2111 justitia-

527 2130 698 2175 mur.
731 2111 895 2172 sicut
924 2110 1113 2171 etiam
1135 2110 1518 2188 publicanus
1551 2115 1849 2189 :quanto
1875 2111 2079 2188 magis
2107 2111 2160 2170 si
2179 2123 2324 2170 cum
2345 2109 2502 2188 justi
2535 2109 2845 2170 fuerimus
2875 2154 2894 2183 ,
2928 2127 3069 2172 esse
3101 2128 3219 2172 nos
3254 2109 3654 2188 peccatores
3684 2133 3781 2189 pll-

526 2197 734 2251 temus
761 2191 788 2249 ?
814 2189 1139 2268 Siquidem
1169 2207 1252 2250 ex
1280 2188 1722 2268 peccatoribus
1763 2205 2028 2266 quoque
2066 2189 2282 2266 justos
2327 2189 2656 2250 humilitas
2700 2189 2846 2252 facit
2874 2210 2889 2248 :
2919 2207 3065 2249 cum
3095 2195 3315 2250 tamen
3347 2208 3496 2250 non
3546 2193 3633 2252 sit
3663 2188 3781 2253 illud

529 2269 883 2339 humilitas,
905 2267 1022 2349 sed
1045 2267 1571 2349 veraconfessio.
1597 2268 1888 2349 Siiigitur
1911 2273 2161 2330 tantum
2184 2269 2354 2329 valet
2378 2269 2444 2328 in
2470 2274 2805 2346 peccatore
2827 2268 3177 2349 confessio,
3208 2270 3580 2331 considera
3605 2290 3782 2349 quan-

529 2355 664 2408 tum
691 2348 1020 2410 humilitas
1050 2347 1258 2426 possit
1295 2348 1361 2407 in
1397 2347 1596 2426 justo.
1631 2348 1773 2408 Noli
1816 2348 2036 2426 itaque
2075 2349 2215 2425 ipse
2259 2353 2515 2408 tuorum
2549 2365 2965 2426 corrumpere
3009 2348 3253 2410 fructus
3285 2347 3656 2416 laborum,
3685 2355 3780 2410 neti

527 2427 796 2488 sudores
819 2435 963 2508 tuos
984 2425 1072 2508 ini
1092 2445 1370 2508 vacuum
1399 2425 1725 2508 effundere
1755 2470 1771 2499 ,
1809 2427 1949 2508 noli
1990 2444 2252 2508 cursum
2281 2428 2344 2486 in
2372 2427 2564 2488 inane
2593 2425 2919 2508 dirigere,
2965 2446 3046 2488 ne
3075 2434 3222 2505 post
3261 2429 3458 2489 mille
3509 2430 3781 2491 circuitu:

527 2508 881 2568 mercedem
911 2507 1150 2568 laboris
1181 2507 1460 2567 amittas.
1496 2506 1688 2567 Novit
1721 2507 1893 2568 enim
1924 2506 2234 2586 Dominus
2263 2513 2410 2567 tuus
2445 2550 2462 2578 ,
2488 2512 2557 2586 et
2594 2506 2853 2585 quidem
2893 2507 3081 2586 longe
3122 2513 3184 2568 te
3211 2508 3461 2568 melius
3493 2553 3514 2579 ,
3561 2515 3780 2569 tuarum

526 2589 753 2647 merita
784 2587 1094 2648 virtutum
1131 2606 1144 2644 :
1175 2586 1367 2647 etiam
1393 2586 1448 2645 si
1478 2586 1744 2646 calicem
1793 2603 1981 2662 aquae
2009 2585 2250 2664 frigida:
2285 2585 2533 2646 dederis
2563 2629 2580 2658 ,
2633 2605 2752 2648 nec
2791 2587 2911 2647 hoc
2947 2585 3207 2664 quidem
3247 2589 3780 2648 irremuneratnm

524 2667 870 2744 relinquet.
899 2666 1239 2726 Nummum
1269 2682 1531 2745 quoque
1558 2665 1609 2724 si
1645 2664 1844 2726 dones
1874 2682 2102 2734 unum,
2141 2665 2240 2726 vel
2272 2665 2326 2724 si
2351 2665 2569 2736 etiam,
2601 2683 2746 2726 cum
2777 2666 2938 2726 nihil
2968 2667 3232 2726 omnino
3257 2665 3525 2728 donare
3548 2672 3778 2745 poteris.

529 2745 907 2824 ingemiscas
927 2765 940 2800 :
962 2745 1180 2825 omnia
1209 2762 1355 2825 cum
1381 2744 1622 2825 ingenti
1648 2745 2052 2825 benignitate
2079 2745 2420 2822 suscipiet,
2453 2760 2531 2825 ac
2558 2745 2914 2825 mercedem
2943 2763 3060 2825 pro
3092 2745 3190 2806 his
3223 2746 3496 2824 largam
3529 2744 3775 2825 parabit.

529 2822 721 2904 Cujus
750 2831 963 2905 autem
993 2824 1084 2905 rei
1116 2823 1324 2905 gratia
1352 2827 1462 2905 tua
1492 2822 2174 2905 dijudicas,’nebisque
2219 2840 2318 2905 ea‘
2347 2823 2562 2905 studes
2597 2822 2969 2905 frequenter
3006 2824 3306 2904 ingerere
3327 2822 3362 2884 ῗ
3405 2822 3775 2905 Διιῖςιιοηξ

524 2902 694 2982 quod
724 2905 777 2964 si
810 2909 869 2964 te
901 2903 1036 2980 ipse
1062 2902 1451 2983 laudaveris,
1475 2919 1890 2983 nequaquam
1915 2903 2198 2983 lauderis
2224 2919 2264 2964 a
2289 2903 2422 2963 Deo
2444 2905 2472 2962 ?
2501 2903 2593 2964 Ita
2631 2921 2666 2964 e
2692 2903 2980 2983 regione,
3012 2902 3162 2964 site
3197 2905 3340 2982 ipse
3377 2902 3778 2982 quasi'mise-

527 3001 667 3070 rum
697 2986 940 3070 lugeas,
959 2999 1312 3070 numquam
1341 2985 1402 3043 te
1420 2982 1528 3042 ille
1551 2982 1896 3070 praedicare
1920 2982 2091 3059 apud
2115 2999 2336 3070 omnes
2359 2982 2810 3070 cessabit._Non
2835 2983 2976 3070 vqlt
3003 2983 3175 3044 enim
3205 2985 3523 3070 laboer
3542 2992 3778 3070 tuorum

526 3060 1013 3142 fruetus'perire
1047 3081 1064 3133 ;
1091 3061 1404 3142 _quinimo
1435 3061 1654 3121 omnia
1680 3061 1745 3142 in
1773 3065 1955 3120 tuum
1983 3060 2386 3142 commodum
2415 3060 2566 3142 facit
2589 3106 2607 3134 ,
2651 3060 3063 3141 tibique'rem
3101 3077 3354 3142 augere:
3402 3063 3698 3128 festinat.
3731 3075 3778 3122 ut

525 3145 711 3279 legam
742 3158 857 3218 pro
886 3139 1139 3278 exiguis
1169 3145 1228 3199 te
1258 3146 1543 3214 coronet,
1575 3140 1862 3218 undique
1912 3140 2285 3202 occasiones
2342 3141 2706 3218 requirens,
2734 3139 2851 3221 per
2874 3159 3039 3220 quas
3071 3146 3130 3203 te
3155 3139 3232 3204 de
3255 3143 3593 3222 gehenna:
3611 3146 3779 3223 possit

547 3239 562 3277 ι
615 3235 796 3279 erare
827 3237 991 3279 sum)
1019 3236 1164 3279 ieio.

547 3221 796 3279 iberare
827 3219 1164 3280 sunnlicio.

598 3237 1302 3379 ἒΐῗίιὶθὶἓὲἱῗὲἓῖἓᾷῐηεί
1327 3298 1662 3379 undecima
1689 3297 1813 3379 diei
1845 3297 2131 3379 opereris
2167 3297 2328 3379 hora
2351 3342 2368 3370 ,
2403 3298 2718 3379 integram
2749 3303 2962 3362 tamen
2988 3300 3099 3360 tibi
3130 3305 3228 3362 est
3263 3301 3643 3363 mercedem
3677 3302 3776 3363 da-

521 3395 728 3446 turus.
761 3378 912 3439 Etsi
933 3377 1620 3458 nullatinquitefuerit
1647 3376 1763 3458 tibi
1783 3377 2292 3458 salutisoccasia,
2331 3376 2600 3457 propter
2621 3379 2916 3458 meipsum
2941 3380 3185 3458 faciam,
3221 3398 3302 3440 ne
3339 3399 3586 3442 nam
3611 3401 3776 3441 mn

521 3461 730 3539 utique
755 3457 1084 3539 polluatur
1113 3455 1364 3539 (Eucti.
1395 3456 1494 3516 36.
1531 3457 1774 3539 22.32):
1808 3457 1966 3539 Etsi
2004 3455 2394 3539 ingemueris
2427 3455 2640 3539 solum
2665 3503 2681 3530 ,
2713 3455 2908 3539 atque
2934 3455 3404 3539 lacrymaveris
3427 3503 3444 3528 .
3481 3463 3653 3538 rapit
3680 3464 3772 3520 ista

517 3535 852 3599 confestim
876 3537 939 3595 in
975 3543 1101 3616 tua;
1131 3537 1535 3616 occasionem
1573 3537 1995 3616 salutisrrNon
2026 3537 2222 3614 igitur
2259 3535 2325 3595 in
2359 3538 2729 3615 superbiam
2763 3535 3269 3600 intumesc'amus
3305 3584 3324 3612 ,
3362 3540 3485 3600 sed
3511 3535 3774 3602 dicamus

522 3617 951 3694 nosmetipsos
988 3614 1274 3680 inutiles,
1299 3621 1370 3674 ut
1391 3617 1455 3674 in
1487 3622 1733 3694 partem
1763 3614 2012 3677 utilium
2042 3614 2472 3678 transeamus.
2522 3617 2584 3677 Si
2616 3619 2785 3678 enim
2813 3623 2874 3677 te
2903 3618 3295 3678 laudandum
3324 3637 3478 3681 esse
3508 3621 3771 3682 dixeris.

519 3697 830 3772 reprobus
871 3693 1134 3756 ell'ectus
1175 3711 1242 3754 es
1269 3738 1286 3762 ,
1336 3693 1586 3756 etiamsi
1614 3695 1827 3757 fueras
1854 3700 2006 3756 ante
2034 3694 2403 3757 laudabilis.
2447 3695 2508 3755 Si
2556 3713 2708 3757 vero
2740 3697 3034 3758 inutilem
3055 3705 3114 3758 te
3143 3716 3288 3759 esse
3327 3697 3643 3770 fatearis,
3672 3699 3774 3757 fat-

517 3780 618 3834 tus
649 3793 716 3834 es
747 3773 948 3845 utilis,
977 3773 1230 3854 etiarnsi
1265 3773 1476 3835 fueras
1500 3779 1650 3854 ante
1681 3774 2053 3852 culpabilis:
2076 3779 2337 3852 propter
2364 3775 2537 3853 quod
2567 3776 2935 3838 necessaria
2966 3776 3150 3837 nobis
3181 3782 3282 3838 est
3311 3781 3770 3854 praeteritarum

515 3853 756 3934 oblivio
789 3854 1118 3934 virtutum.
1144 3853 1221 3934 Et
1248 3853 1876 3934 quomodo,iinqnis,
1908 3859 2257 3934 possumus
2285 3855 2584 3933 ignorare
2615 3855 2786 3934 quod
2819 3856 3116 3916 novimus
3141 3856 3170 3914 ‘I
3195 3853 3363 3930 Quid
3399 3857 3506 3918 ais
3536 3864 3633 3929 tu,
3655 3876 3768 3916 cun

516 3930 799 4008 quotidie
829 3931 1114 4014 offendas
1140 3932 1509 4014 Dominum,
1533 3932 1953 4014 nihilominus
1966 3931 2297 4014 _delicia_ris
2313 3930 2403 3995 'ac
2432 3935 2601 3995 rides
2628 3930 2656 4005 ξ
2673 3940 2739 3995 et
2783 3935 2952 3996 inter
2975 3951 3210 4014 magna
3252 3943 3536 4013 peccata
3582 3956 3694 3997 nec
3725 3947 3768 3995 lc

437 4084 439 4087 ι
521 4027 813 4093 peccasse
850 4012 1015 4093 nosti
1048 4056 1064 4082 ,
1097 4010 1406 4070 oblivioni
1449 4023 1682 4093 cuneta
1720 4011 2031 4073 tradendo
2065 4031 2082 4070 :
2114 4012 2318 4093 solam
2358 4030 2512 4093 vero
2547 4031 2679 4074 non
2719 4020 2900 4093 potes
2940 4010 3110 4076 recte
3140 4010 3471 4076 factorum
3510 4017 3764 4093 abjieere

520 4090 932 4185 memoriam?
952 4090 1030 4148 Et
1057 4094 1228 4150 certe
1259 4107 1405 4150 cum
1430 4091 1632 4185 multo
1657 4102 1742 4152 sxt
1765 4099 1994 4185 tertior
2019 4107 2170 4182 pars
2196 4091 2471 4185 timoris,
2503 4109 2622 4153 nos
2653 4111 2688 4154 e
2717 4090 3041 4185 contrario
3069 4094 3356 4185 quotidie
3384 4090 3764 4185 oﬂ'endentes

519 4168 878 4252 Dominum,
901 4185 1033 4252 nec
1062 4184 1440 4252 revocamus
1466 4170 1725 4252 quidem
1745 4165 1827 4232 ad
1854 4165 2230 4252 memoriam
2251 4177 2513 4247 peccata
2531 4188 2686 4252 qua
2713 4171 3022 4244 fecimus;
3059 4165 3298 4252 siivero
3343 4191 3630 4252 parvam
3660 4176 3762 4235 ali-

514 4262 710 4322 quam
741 4247 916 4325 inopi
960 4245 1362 4327 porrigamus
1401 4245 1629 4326 stipem
1656 4287 1677 4314 .
1716 4267 1977 4327 sursum
2011 4249 2078 4327 id
2106 4245 2538 4327 deorsumque
2558 4245 2886 4327 iactamus
2921 4271 2939 4311 :
2967 4251 3140 4326 quod
3170 4245 3493 4327 extrema:
3527 4255 3763 4314 omnino

497 4333 831 4394 dementiae
856 4323 983 4400 est,
1012 4337 1074 4389 et
1101 4323 1341 4405 grande
1365 4323 1563 4396 illius,
1593 4327 1704 4405 qui
1727 4326 2094 4405 spiritualia
2119 4325 2308 4387 debet
2335 4323 2662 4405 colligere,
2683 4323 3344 4405 detrimen’tum.Satis
3365 4333 3602 4389 certus
3620 4333 3757 4390 enim

499 4417 671 4474 recte
701 4411 1014 4472 factorum
1041 4403 1139 4468 est
1180 4407 1526 4466 thesaurus
1548 4448 1584 4485 ,_
1609 4403 1961 4485 ipsa’recte
1981 4403 2315 4485 factorum
2359 4403 2623 4485 oblivio.
2667 4404 2835 4478 Quia
2872 4408 3039 4464 sicut
3070 4420 3306 4485 aurum
3340 4449 3357 4478 ,
3392 4417 3752 4485 vestemque

498 4492 845 4573 pretiosam
875 4506 1022 4550 cum
1051 4488 1115 4573 in
1153 4486 1407 4573 publico
1439 4483 1772 4573 ponimus,
1824 4483 2139 4573 plurimos
2168 4484 2256 4573 ad_
2279 4483 2545 4573 insidias
2570 4499 3040 4573 provocamus:
3067 4483 3126 4573 si
3160 4501 3318 4573 vero
3346 4483 3756 4573 eairecondas

501 4561 644 4632 inus
670 4575 865 4646 atque
891 4561 1264 4646 occulamus
1289 4561 1496 4646 domi,
1529 4564 1596 4623 in
1623 4567 1761 4646 tuio
1785 4568 2019 4625 cuncta
2047 4565 2449 4646 servabimus
2483 4584 2498 4622 :
2532 4563 2800 4646 sic_sunt
2827 4563 3020 4624 etiam
3049 4561 3285 4624 divitia:
3322 4564 3686 4646 virtutum,
3715 4567 3754 4625 si

500 4669 612 4711 eas
647 4649 713 4708 in
743 4641 1054 4707 memoria
1080 4644 1268 4722 quasi
1297 4643 1558 4704 venales
1586 4641 1844 4714 assidue
1872 4647 2222 4720 portemus,
2253 4643 2582 4705 irritamus
2612 4643 2959 4722 Dominum
2983 4659 3357 4715 ,armamns
3391 4644 3657 4707 hostem
3675 4693 3690 4713 .
3717 4653 3759 4705 et

502 4729 848 4791 invitamus
883 4725 960 4786 ad
989 4721 1252 4785 furtum.
1283 4723 1392 4783 Sin
1425 4739 1796 4802 veroinemo
1817 4722 1982 4783 alter
2008 4722 2070 4782 id
2099 4723 2337 4795 scierit,
2371 4722 2494 4784 nisi
2519 4739 2714 4800 quem
2739 4721 2921 4802 nulla
2949 4722 3203 4802 occulta
3229 4723 3443 4784 latere
3472 4735 3758 4802 possunt.

502 4807 824 4870 tutissimo
854 4805 920 4865 in
947 4805 1090 4864 loco
1117 4803 1396 4881 pretiosa
1421 4800 1794 4881 consistent.
1827 4802 2250 4880 Nequaquam
2287 4803 2484 4881 igitur
2509 4800 2874 4881 hujusmodi
2908 4803 3077 4862 bona
3114 4800 3503 4880 frequenter
3535 4807 3761 4867 eventi-

502 4890 620 4957 les,
654 4905 736 4947 ne
762 4885 908 4962 quis
941 4899 1017 4945 ea
1047 4879 1209 4943 forte
1241 4881 1524 4960 diripiat.
1556 4879 1739 4954 Quod
1761 4879 1957 4944 etiam
1982 4879 2342 4943 Phariszeus
2369 4879 2738 4962 passusiest,
2772 4881 2838 4940 in
2870 4881 3091 4962 lingua
3116 4879 3756 4962 an’circumferens:

501 4967 671 5029 unde
697 4960 864 5026 eaet
887 4962 1182 5023 diabolus
1214 4963 1472 5040 rapuit:
1504 4978 1901 5040 quamquam
1931 4967 2103 5022 certe
2137 4961 2428 5040 illacum
2453 4960 2732 5038 quadam
2772 4960 3138 5040 gratiarum
3155 4960 3416 5040 actione
3455 4983 3760 5024 memora-

505 5050 636 5110 bat.
668 5050 864 5123 atque
889 5041 969 5105 ad
989 5037 1332 5123 Dominum
1364 5037 1605 5123 cuncta
1623 5039 1963 5123 referebat.
2002 5039 2120 5101 Sed
2150 5057 2232 5123 ne
2257 5039 2388 5123 hoe
2407 5037 2668 5123 quidem
2695 5037 2980 5123 profecto
3010 5037 3260 5100 suffecit
3301 5041 3387 5102 ei.
3422 5041 3578 5103 Non
3619 5046 3758 5103 enim

501 5119 859 5209 gratiarum
885 5122 1180 5209 actio‘est
1207 5120 1351 5209 aliis
1381 5120 1779 5209 exprobrare
1803 5119 2034 5209 delicta
2063 5119 2230 5209 ,,_sibi
2259 5135 2302 5209 a_
2327 5119 2630 5209 plurimis
2661 5119 2931 5209 gloriam
2967 5135 3264 5209 qurerere
3293 5162 3311 5191 ,
3349 5126 3418 5180 et
3445 5139 3653 5209 super
3676 5139 3759 5182 eos

503 5196 615 5284 qui
648 5196 1819 5285 peccaverunt_jactauter_insurgere:
1846 5198 2028 5272 Quod
2060 5200 2113 5260 si
2142 5196 2382 5278 gratias
2405 5198 2556 5285 agis
2586 5196 3054 5285 Deo,_suliicia_t
3082 5196 3193 5258 tibi
3227 5197 3367 5285 ipse
3397 5196 3592 5262 soliis
3619 5248 3639 5285 ,_
3667 5221 3758 5285 nee

505 5277 668 5346 velis
691 5301 802 5345 eas
833 5284 900 5369 in
933 5277 1266 5369 hominum
1297 5278 1586 5369 proferre
1630 5277 1966 5369 notitiam,
1996 5277 2206 5358 neque
2233 5277 2621 5369 praximnm
2634 5277 2949 5369 judicare.
2984 5277 3124 5369 Non
3159 5281 3257 5337 est
3287 5295 3592 5369 namque
3623 5280 3760 5369 istirsi

506 5365 672 5423 actio
703 5363 1082 5443 gratiarum.
1116 5359 1228 5443 Yis
1253 5356 1480 5443 autem
1508 5356 2050 5443 quemadmodum
2101 5356 2280 5443 verre
2317 5358 2449 5443 Deo
2488 5356 2708 5443 gratia;
2742 5356 3143 5443 referantur,
3179 5356 3594 5443 agnoscere?
3628 5363 3760 5422 Audi

507 5450 634 5502 tres
660 5435 892 5519 pueros
925 5441 992 5500 in
1016 5438 1230 5519 medio
1249 5437 1416 5517 ignis
1438 5438 1778 5519 loquentes
1813 5457 1828 5496 :
1871 5437 2288 5519 Beccaeimus,
2310 5435 2516 5519 inique
2543 5437 2872 5519 gessimus:
2886 5435 3104 5519 justus
3125 5454 3207 5519 es,
3228 5436 3528 5519 Damius,
3559 5441 3630 5501 in
3654 5461 3760 5501 ms-

505 5513 689 5582 nibus
704 5540 839 5600 qua:
851 5519 1056 5600 fecisti
1074 5513 1604 5600 _nobis,'quaniam
1632 5517 1701 5578 in
1718 5534 1862 5578 vero
1887 5515 2139 5600 judicio
2165 5517 2375 5600 omnia
2392 5513 2710 5600 incitavisti
2726 5513 2915 5595 super
2939 5533 3056 5576 nos
3076 5513 3277 5600 ipost.
3302 5514 3370 5600 3._
3382 5517 3637 5600 29.27.
3658 5522 3757 5590 31,.

508 5602 645 5662 Hoc
663 5593 760 5661 est
788 5593 962 5661 enim
989 5598 1230 5659 referre
1259 5593 1500 5678 gratias
1529 5598 1687 5668 Deo,
1724 5593 1996 5678 peccata
2013 5596 2072 5656 ei
2104 5596 2364 5678 pr0pria
2392 5594 2706 5678 confiteri,
2737 5593 2815 5656 ut
2835 5613 2982 5678 eum
3007 5593 3183 5654 mille
3209 5611 3279 5678 se
3310 5596 3564 5678 aliquis
3603 5619 3753 5661 reum

510 5682 788 5743 fateatur
812 5678 1157 5746 malorum,
1194 5673 1375 5740 nulla
1398 5682 1613 5739 tamen
1643 5673 1760 5754 pro
1790 5675 1888 5735 his
1915 5673 2150 5755 magna
2175 5675 2331 5736 satis
2363 5693 2432 5739 se
2471 5674 2820 5755 arbitretur
2847 5673 3016 5755 ferre
3045 5673 3393 5755 supplicia.
3422 5673 3757 5740 Careamus

510 5762 709 5842 igitur
736 5758 813 5822 de
838 5756 1316 5834 nobismetipsis
1346 5757 1556 5820 dicere
1582 5752 1865 5837 gloriosa
1893 5775 1908 5816 :
1946 5752 2068 5818 hoc
2093 5755 2264 5818 enim
2293 5772 2410 5817 nos
2438 5761 2501 5817 et
2521 5752 2896 5828 hominibus
2936 5752 3181 5823 invisos
3207 5797 3226 5830 ,
3269 5760 3338 5819 et
3363 5755 3511 5821 Deo
3531 5760 3753 5822 abomi—
