3850 6222
442 237 579 293 1013
829 247 846 266 ⁶
1629 239 1856 297 ΑΝΙΑΝΙ
1898 239 1960 294 IN

2184 237 2472 297 lETATlO.
3556 222 3662 279 101
3679 224 3704 276 ι

423 349 598 406 tiam.
633 342 817 424 Quod
842 343 1001 424 enim
1030 342 1094 424 in
1125 361 1191 402 ea
1216 350 1429 403 natum
1453 351 1559 424 est,
1592 343 1666 404 de
1692 345 1944 423 Spiritu
1975 358 2192 407 sancto
2221 356 2329 407 est.
2361 349 2612 408 Novum
2643 345 2878 408 dictum
2907 350 3101 424 atque
3130 343 3470 412 mirabile,
3504 350 3576 424 et
3608 343 3736 424 hu-

422 425 646 505 manis
682 422 1954 505 cogitationibussupereminens,’supra
2005 427 2176 505 leges
2227 427 2460 488 vadens
2514 427 2780 488 omnino
2830 422 3096 486 naturae.
3150 427 3468 505 Quonam
3527 422 3734 500 igitur

422 505 608 563 modo
635 504 768 564 htec
797 502 904 562 ille
930 502 1028 583 vir
1054 501 1362 583 crederet,
1393 503 1503 583 qui
1538 503 1696 562 nihil
1722 504 1899 579 prius
1927 505 2053 567 tale
2071 501 2376 566 sermone
2406 507 2833 583 conceperat?
2855 505 2952 564 Ex
2982 523 3204 565 corum
3233 521 3387 581 quae
3409 501 3564 580 jam
3587 521 3731 583 per-

419 591 562 663 acta
615 587 801 644 erant
841 582 1257 663 revelatione.
1286 582 1525 663 Idcirco
1556 583 1724 641 enim
1755 584 1972 645 omnia
1999 603 2143 662 qua:
2167 586 2544 646 celabantur
2573 581 2637 644 in
2680 587 2817 663 ejus
2848 584 3089 655 animo,
3127 583 3406 662 angelus
3447 581 3728 663 revela-

427 662 513 720 vit
548 683 562 720 :
596 661 1012 723 memorando
1041 669 1210 721 certe
1226 661 1779 741 quaapatiebatur,
1811 681 1954 740 quze
1986 659 2347 736 verebatur,
2379 681 2653 741 quaeque
2695 659 2888 724 etiam
2933 659 3369 724 meditabatur
3395 659 3673 741 efficere
3709 682 3723 716 :

422 747 494 832 ut
518 760 663 832 cum
695 741 1102 832 cognovisset
1130 741 1276 809 ista,
1305 740 1498 832 etiam
1526 738 2043 832 iilansusci'peret.
2074 745 2298 832 _Neque
2326 738 2478 832 vero
2507 738 2582 832 de
2618 743 3125 832 prfecedentibus
3156 742 3375 832 solum
3410 739 3503 800 ad
3538 738 3726 827 ﬁdem

422 820 598 903 ducit
626 818 1026 903 ambiguum,
1060 837 1284 903 verum
1311 818 1510 903 et_ia_m_
1536 819 1610 880 de
1643 818 1895 882 futuris.
1929 822 2144 903 Pariet
2184 818 2366 889 enim,
2406 818 2637 900 inquit,
2675 821 2891 903 ﬁlium,
2929 830 2985 881 et
3020 821 3272 903 vocabis
3315 835 3568 903 nomen
3600 818 3726 896 ejus

420 901 656 960 Jesum.
688 897 827 960 Non
857 900 1025 960 enim
1055 898 1208 975 quia
1237 916 1319 958 ex
1349 897 1586 975 Spiritu
1618 906 1838 959 sancto
1867 905 1988 972 est,
2019 901 2252 962 idcirco
2295 907 2356 962 te
2388 919 2424 962 a
2462 897 2818 962 ministerio
2851 906 3039 961 tantm
3068 901 3409 960 existimes
3437 897 3728 974 dispen-

423 981 700 1071 sationis.
721 985 1122 1071 extraneum.
1150 977 1310 1037 Nam
1340 978 1456 1071 etsi
1486 979 1645 1071 nihil
1676 979 1914 1070 habeas
1943 980 2008 1071 in
2044 981 2164 1071 hac
2193 981 3227 1071 generatione.communeLvirgo.
3255 978 3522 1071 quippe
3578 995 3729 1071 per-

423 1061 660 1120 mansit
686 1059 946 1137 intacta,
976 1062 1191 1137 tamen
1221 1056 1392 1132 quod
1423 1063 1520 1117 est
1546 1059 1877 1134 proprium
1912 1060 2131 1136 patris,
2164 1056 2465 1137 quodque
2497 1060 2654 1119 nihil
2683 1059 2959 1119 infuscat
2981 1056 3264 1137 Virginis
3291 1058 3722 1137 dignitatem.

422 1137 545 1198 hoc
572 1138 684 1198 tibi
732 1136 916 1197 facile
961 1136 1279 1216 concedo,
1306 1141 1378 1216 ut
1416 1137 1658 1197 scilicet
1701 1144 1851 1198 nato
1890 1155 2124 1198 nomen
2154 1136 2445 1216 imponas
2480 1159 2494 1197 :
2526 1145 2594 1198 tu
2634 1139 2805 1199 enim
2849 1139 3027 1198 illum
3074 1136 3362 1216 primum
3420 1136 3720 1216 vocabis.

422 1217 827 1294 Quamquam
863 1216 1035 1296 enim
1066 1232 1194 1274 non
1233 1215 1312 1296 sit
1343 1214 1511 1275 filius
1534 1223 1682 1277 tuus
1710 1217 1827 1277 iste
1859 1218 1967 1294 qui
2007 1214 2313 1289 nascitur,
2347 1223 2415 1276 tu
2449 1222 2658 1278 tamen
2688 1234 2908 1278 curam
2941 1214 3094 1296 erga
3137 1218 3322 1276 illum
3360 1221 3426 1275 et
3458 1215 3725 1296 sollici-

419 1297 704 1356 tudinem
734 1295 1028 1354 ostendes
1056 1295 1340 1371 parentis
1375 1315 1389 1353 :
1425 1301 1486 1354 et
1517 1301 1855 1372 propterea
1876 1304 1936 1356 te
1958 1297 2047 1356 illi
2079 1299 2159 1358 ab
2182 1298 2320 1374 ipsa
2350 1297 2562 1358 statim
2588 1298 2867 1357 nominis
2899 1294 3310 1374 impositione
3347 1294 3719 1374 conjungo.

420 1375 661 1435 Deinde
691 1393 772 1434 ne
799 1374 944 1451 quis
976 1374 1156 1432 illum
1179 1392 1265 1456 ex
1286 1375 1425 1456 _houc
1453 1382 1700 1456 patrem
1733 1394 1871 1436 esse
1903 1373 2362 1456 suspicaretur,
2400 1376 2548 1456 audi
2570 1394 2785 1456 quam
2810 1373 3013 1456 caute
3054 1393 3394 1456 quamque
3435 1373 3725 1456 sollicite

421 1471 681 1536 eaquze
703 1459 1087 1530 sequuntur,
1122 1452 1450 1536 addiderit.
1481 1454 1709 1536 Pariet,
1750 1452 2244 1536 inquitgﬁlium.
2278 1457 2415 1515 Non
2452 1452 2635 1526 dixit,
2678 1455 2888 1536 Pariet
2925 1452 3088 1536 tibi}
3118 1454 3227 1536 sed
3256 1455 3520 1536 posuit
3569 1453 3722 1513 illud

423 1533 822 1594 indefinitum
855 1537 916 1592 et
945 1550 1352 1609 suspensum.
1377 1533 1518 1592 Non
1549 1533 1718 1592 enim
1749 1534 1866 1604 illi,
1905 1533 2350 1596 scd'universo
2381 1552 2646 1612 prorsus
2678 1534 2815 1594 orbi
2844 1534 3091 1612 peperit
3117 1533 3490 1594 Christum.

497 1613 558 1672 7.
592 1614 937 1693 Propterea
989 1617 1050 1670 et
1095 1629 1327 1693 nomen
1371 1611 1614 1693 ejusde
1648 1613 1800 1674 caelo
1831 1615 2132 1693 angelum
2182 1611 2487 1674 detulisse
2539 1611 2937 1692 evangelista
2980 1615 3398 1681 memoravit,
3435 1616 3524 1671 ut
3565 1611 3724 1693 hinc

419 1709 682 1768 quoque
708 1690 1070 1771 ostenderet
1100 1691 1280 1749 illum
1307 1691 1661 1752 mirabilem
1684 1711 1823 1754 esse
1852 1690 2129 1770 partum,
2154 1711 2284 1770 quo
2311 1694 2448 1771 ejus
2472 1690 2812 1754 nomen'ad
2843 1693 3104 1770 Joseph,
3133 1699 3194 1752 et
3216 1711 3336 1770 per
3370 1691 3719 1771 angelum,

419 1779 480 1830 rt
509 1789 548 1832 a
575 1773 707 1831 Deo
736 1770 1001 1830 missum
1031 1769 1306 1830 doceret.
1338 1771 1497 1831 Nam
1525 1777 1587 1831 et
1635 1771 1845 1848 ipsum
1879 1769 2258 1834 vocabulum
2306 1769 2435 1832 non
2484 1772 2762 1832 inaniter
2795 1769 3072 1850 positum
3123 1769 3245 1841 est,
3301 1769 3502 1848 quod
3554 1777 3720 1830 certe

420 1851 594 1911 mille
621 1851 906 1911 continet
947 1850 1284 1930 thesauros
1319 1851 1656 1930 bonorum.
1699 1853 1964 1930 Propter
2009 1852 2181 1929 quod
2234 1852 2390 1912 illud
2445 1853 2636 1930 etiam
2669 1851 2938 1930 angelus
2973 1851 3480 1930 interpretatur,
3537 1851 3718 1908 bonis

421 1937 792 1991 maerentem
839 1931 1074 2010 spebus
1109 1928 1498 2010 animando:
1534 1935 1596 1988 et
1642 1930 1763 1990 hoc
1806 1928 2067 2010 quoque
2115 1931 2292 1991 illum
2347 1929 2534 1990 modo
2588 1929 2665 2010 ad
2715 1928 3098 1991 credendum
3123 1929 3322 2010 quod
3387 1930 3714 2010 loquitur.

420 2009 670 2070 invitat.
701 2009 912 2070 Facile
931 2025 1210 2084 namque
1227 2008 1644 2069 sollicitamur
1667 2009 1743 2070 ad
1765 2008 2096 2088 prospera,
2116 2016 2179 2072 et
2195 2010 2547 2088 promptius
2575 2008 2758 2069 fidem
2775 2008 3338 2088 accommodamus
3372 2008 3711 2068 secundis.

418 2089 574 2149 Cum
595 2089 748 2167 igitu
760 2107 880 2147 rex
893 2089 1187 2147 omnibus
1203 2089 1667 2148 construxisset
1684 2089 1891 2162 fidem,
1907 2087 1944 2151 a
1964 2090 2487 2166 praecedentibus,
2507 2105 2541 2149 a
2561 2089 3004 2166 prtesentibus,
3023 2087 3334 2167 afuturis,
3355 2089 3447 2148 ab
3466 2088 3716 2148 honore

419 2167 556 2244 ejus
579 2166 771 2245 quem
801 2168 1181 2247 promiserat
1210 2167 1630 2236 nasciturum,
1655 2167 2004 2229 introduxit
2025 2174 2384 2247 opportune
2405 2169 2595 2229 etiam
2615 2168 2988 2246 prophetam
3017 2166 3115 2228 his
3145 2169 3462 2228 omnibus
3494 2168 3719 2226 calcu-

420 2248 552 2305 lum
587 2265 776 2307 suum
807 2246 1162 2326 addentem.
1187 2247 1567 2326 Priusquam
1595 2263 1748 2307 vero
1774 2249 1912 2326 ejus
1930 2246 2366 2309 testimonium
2388 2249 2558 2317 citet,
2579 2247 2933 2326 singularia
2962 2265 3078 2325 per
3105 2248 3315 2325 ipsum
3339 2248 3528 2306 bona
3564 2249 3718 2306 uni-

420 2342 610 2385 verso
645 2326 784 2386 orbi
815 2325 1200 2405 conferenda
1231 2324 1965 2405 prmnuntiat.Quie—nam
2011 2327 2206 2405 igitur
2238 2328 2358 2388 ista
2390 2328 2584 2386 sunt?
2617 2324 2930 2387 lleinissio
2961 2324 3220 2397 scilicet,
3256 2327 3714 2403 interitusque

423 2405 685 2484 peccati.
712 2405 856 2481 Ipse
885 2404 1064 2484 enim,
1093 2404 1324 2482 inquit,
1355 2403 1594 2484 solrum
1621 2404 1802 2482 faciet
1830 2403 2134 2484 populi—tm
2158 2425 2334 2466 suum
2374 2425 2412 2464 α
2441 2406 2709 2484 peccatis
2738 2423 2968 2466 eorum.
3015 2407 3133 2466 Hic
3165 2423 3448 2483 quoque
3503 2407 3712 2465 bene-

419 2482 544 2542 licii
575 2480 829 2544 novitas
857 2480 1198 2545 indicatur.
1224 2483 1362 2542 Non
1393 2483 1563 2542 enim
1594 2480 1632 2543 a
1664 2480 2122 2549 bello—visibili.
2157 2503 2366 2562 neque
2395 2480 2673 2560 a_gladio
2705 2486 3128 2545 barbarorum
3161 2480 3344 2545 {sed'
3380 2485 3573 2561 quod
3620 2483 3707 2544 his

406 2564 597 2644 longe
629 2565 980 2644 majusest,
1019 2573 1491 2644 aipeccatosuo
1516 2566 1822 2644 populum
1852 2582 2044 2644 suum
2072 2564 2328 2644 nuntiat
2351 2563 2753 2644 liberandum
2782 2583 2800 2644 _:
2835 2567 3005 2639 quod
3045 2572 3356 2644 praestare
3393 2567 3567 2624 nulli
3611 2568 3720 2626 fuit

413 2640 748 2702 hominum
774 2643 1126 2719 aliquando
1176 2640 1501 2718 possibile.
1536 2641 1614 2700 Et
1659 2642 1870 2719 cujus,
1902 2642 2180 2720 inquies,
2223 2640 2331 2720 rei,
2365 2641 2570 2719 gratia
2609 2641 2810 2720 quasi
2844 2646 3094 2718 signate
3142 2643 3473 2720 populum
3534 2662 3717 2704 suum

410 2723 596 2792 dixit,
619 2726 681 2780 et
713 2739 842 2781 non
870 2717 1061 2782 etiam
1085 2717 1308 2782 omnes
1336 2725 1555 2798 gentes
1583 2717 1825 2797 pariter
1851 2719 2247 2780 nominavit?
2288 2717 2385 2778 Ne'
2406 2717 2646 2800 scilicet
2684 2717 2760 2778 de
2797 2717 3104 2800 inusitato
3143 2717 3384 2781 nuntio
3426 2741 3716 2800 scrupu-

414 2817 548 2860 lum
575 2807 902 2879 pateretur
929 2801 1207 2869 auditor,
1237 2817 1638 2879 quamquam
1679 2806 1850 2859 recte
1879 2800 2014 2860 haec
2044 2803 2424 2879 percepturo
2454 2799 2646 2860 etiam
2679 2802 2901 2877 gentes
2936 2799 3393 2879 designantur.
3431 2803 3715 2878 Populus

414 2879 596 2959 enim
612 2878 846 2940 Christi
885 2897 1013 2939 non
1045 2885 1292 2938 tantum
1325 2880 1499 2959 natio
1523 2878 1890 2959 Judaeorum
1922 2884 2040 2951 est,
2072 2877 2183 2959 sed
2208 2894 2430 2959 omnes
2453 2895 2714 2959 quoque
2735 2879 2847 2954 qui
2879 2877 2954 2938 ad
2984 2877 3130 2939 eum
3178 2881 3486 2959 veniunt,
3535 2877 3719 2959 ejus-

411 2976 538 3038 que
565 2957 890 3038 donantur
919 2959 1272 3038 agnitione.
1310 2956 1660 3038 Considera
1690 2975 1845 3018 vero
1875 2956 2412 3038 quemadmodum
2450 2959 2635 3017 nobis
2683 2957 2891 3038 ipsam
2931 2959 3124 3038 etiam
3168 2957 3416 3020 Christi
3471 2956 3717 3038 patet:L

413 3037 571 3116 cerit
596 3035 991 3116 dignitatem,
1023 3039 1332 3115 pOpulum
1367 3036 1504 3114 ejus
1535 3035 1906 3114 appellans,
1929 3054 2122 3115 quem
2157 3053 2274 3114 per
2311 3035 2522 3112 ipsum
2556 3053 2594 3096 a
2623 3036 2899 3116 peccatis
2931 3037 3084 3098 dicit
3111 3056 3254 3099 esse
3286 3035 3709 3099 salvandum.

413 3115 586 3176 Nihil
614 3115 784 3178 enim
822 3118 942 3178 hoc
970 3117 1142 3178 aliud
1166 3121 1285 3187 est,
1317 3133 1510 3192 quam
1541 3117 1880 3177 ostendere
1901 3116 2015 3176 Dei
2047 3116 2284 3175 Filium
2311 3132 2449 3176 esse
2470 3115 2580 3192 qui
2609 3115 2919 3196 nascitur,
2953 3134 3071 3176 nec
3101 3135 3170 3177 se
3199 3117 3280 3179 de
3316 3117 3565 3196 aliquo
3593 3119 3712 3178 ho-

416 3196 588 3275 mine
617 3214 767 3275 rege
793 3196 965 3257 hunc
990 3196 1692 3275 proferresermonem.
1731 3196 1951 3272 Neque
1982 3196 2154 3255 enim
2197 3199 2407 3272 potest
2451 3199 2713 3273 peccata
2755 3195 3096 3267 dimittere,
3138 3197 3264 3256 nisi
3297 3195 3715 3258 solummodo

415 3274 636 3336 divina
669 3274 924 3336 natura.
964 3276 1170 3336 Tanta
1217 3274 1412 3354 igitur
1441 3274 1708 3335 caelestis
1755 3275 2042 3354 muneris
2071 3275 2455 3354 liberalitate
2505 3275 2746 3347 donati,
2779 3282 3008 3337 cuncta
3054 3275 3320 3337 omnino
3353 3276 3703 3348 faciamus,

416 3371 499 3436 ne
537 3362 667 3414 tam
709 3354 1060 3436 grandibus
1108 3353 1431 3416 beneﬁciis
1481 3354 1838 3434 irrogemus
1867 3353 2193 3436 injuriam.
2231 3353 2294 3414 Si
2324 3354 2497 3414 enim
2525 3355 2714 3436 etiam
2749 3361 3094 3433 antequam
3139 3355 3276 3418 haec
3319 3375 3712 3436 caperemus

418 3433 612 3505 dona,
653 3433 1064 3494 merebamur
1088 3439 1300 3494 tamen
1342 3433 1908 3512 propter’peccata
1959 3434 2197 3511 puniri,
2229 3439 2474 3510 quanto
2525 3435 3108 3512 magis‘postquam
3160 3443 3293 3495 tam
3350 3433 3714 3499 ineﬂabilia

418 3531 642 3574 sumus
676 3513 985 3574 beneﬁcia
1013 3512 1444 3589 consequuti?
1489 3513 1567 3572 Et
1617 3513 1738 3574 hoc
1771 3531 1900 3573 non
1929 3512 2188 3584 frustra,
2239 3530 2358 3572 nec
2396 3513 2643 3590 absque
2687 3521 2862 3574 certa
2904 3532 3076 3574 nunc
3129 3516 3388 3576 ratione
3423 3535 3714 3577 comme-

417 3609 602 3652 moro
636 3612 650 3650 :
684 3593 793 3653 sed
819 3592 992 3670 quod
1019 3592 1201 3652 video
1229 3593 1572 3669 plerosque
1594 3592 1972 3657 desidiosius
2001 3597 2145 3670 post
2173 3599 2503 3668 acceptum
2524 3592 2922 3669 baptismatis
2953 3593 3169 3654 vivere
3195 3604 3708 3660 sacramentum.

417 3689 754 3754 quameos
782 3672 892 3754 qui
927 3671 1210 3754 nondum
1242 3677 1394 3754 sunt
1424 3671 1560 3754 illo_
1577 3673 1883 3754 mysterio
1915 3671 2400 3754 consecratirln
2448 3671 2740 3754 plurimis
2791 3672 2960 3732 enim
2995 3673 3174 3734 nulla
3213 3676 3490 3733 omnino
3529 3677 3709 3754 signa

419 3749 1095 3813 christianaa’invenio
1128 3751 1502 3830 disciplinae.
1538 3749 1814 3829 Ideoque
1847 3767 1978 3811 non
2013 3753 2076 3811 in
2135 3749 2407 3830 publicis
2453 3749 2629 3830 locis
2667 3757 2862 3830 atque
2911 3753 3401 3822 communibus,
3458 3749 3620 3812 non'
3649 3756 3708 3813 in

420 3830 620 3913 ipsius
650 3831 934 3913 ecclesiae
964 3826 1408 3913 conciliabulis
1447 3829 1630 3913 facile
1662 3826 1973 3908 reperias,
1993 3849 2121 3913 per
2137 3826 2326 3913 quod
2363 3826 2532 3890 inter
2557 3826 2817 3913 fidelem
2840 3831 3287 3913 infidelemque
3313 3832 3704 3913 distinguas.

420 3910 570 3970 Solo
597 3911 766 3970 enim
796 3911 918 3971 hoc
944 3909 1311 3971 celebrandi
1332 3909 1632 3989 mysterii
1661 3915 1945 3986 tempore
1973 3909 2257 3989 dignosci
2289 3913 2519 3987 potest,
2545 3927 2688 3970 cum
2719 3909 3005 3970 videlicet
3037 3911 3199 3972 alios
3233 3913 3498 3972 excludi
3532 3909 3708 3973 vide-

417 3990 533 4068 ris,
563 3989 723 4049 alios
757 4007 908 4050 vero
936 3989 1108 4048 intus
1140 3987 1368 4048 teneri.
1424 3987 1776 4068 Oportebat
1811 3996 2025 4068 autem
2047 3987 2572 4068 uniuscujusque
2612 3989 2796 4049 fidem
2851 4006 2979 4050 non
3013 3991 3200 4058 locis,
3260 3991 3369 4052 sed
3415 3994 3705 4052 moribus

422 4067 716 4128 indicari.
757 4068 1354 4149 Namusaacularium
1385 4065 1640 4144 quidem
1673 4067 1902 4149 decora
1943 4065 2354 4149 dignitatum,
2397 4075 2869 4144 consequenter
2897 4071 2987 4149 ab
3026 4070 3436 4131 extrinsecus
3484 4072 3703 4149 positis

421 4154 778 4208 cernuntur
807 4147 1168 4226 insignibus
1206 4167 1221 4206 :
1255 4151 1477 4208 nostra
1502 4164 1657 4207 vero
1689 4146 1956 4226 intelligi
1999 4146 2248 4224 Oportet
2289 4149 2755 4226 eximentibus.
2799 4148 3032 4208 Fidelis
3059 4149 3228 4210 enim
3279 4168 3415 4210 non
3449 4146 3646 4210 modo
3669 4168 3704 4211 a

424 4229 879 4288 communione
919 4225 1230 4306 mysterii,
1268 4227 1716 4306 verumetiam
1753 4226 1831 4286 de
1879 4225 2159 4287 novitate
2190 4227 2332 4288 vitae
2363 4225 2546 4286 debet
2575 4228 2860 4306 agnosci.
2907 4227 3184 4288 Fidelem
3215 4229 3389 4289 enim
3435 4231 3536 4290 sal
3570 4249 3701 4290 esse

425 4307 746 4378 convenit,
778 4313 840 4367 et
873 4305 1191 4368 luminare
1223 4306 1465 4386 mundi.
1495 4305 1605 4366 Sin
1637 4323 1788 4386 vero
1824 4324 1904 4366 ne
1945 4306 2053 4366 tibi
2089 4305 2344 4386 quidem
2400 4306 2541 4386 ipse
2574 4305 2814 4378 luceas,
2861 4313 2922 4368 et
2951 4325 3030 4367 ne
3063 4309 3394 4385 pr0priam
3443 4311 3702 4386 quidem

425 4386 828 4464 pulredinem
855 4386 1276 4464 foetoremque
1304 4385 1624 4464 detergas,
1655 4385 1892 4466 quibus
1913 4393 1984 4466 te
2023 4385 2271 4446 indiciis
2304 4403 2433 4466 ego
2469 4384 2717 4446 fidelem
2748 4392 2968 4463 potero
3009 4384 3410 4466 agnoscere?
3437 4384 3525 4448 an
3556 4391 3700 4466 quia

425 4469 658 4527 sacrati
690 4483 892 4544 aquas
925 4465 1114 4526 fontis
1149 4467 1478 4545 ingressus
1507 4466 1622 4525 es?
1650 4467 1728 4545 At
1751 4465 1874 4545 hoc
1907 4464 2116 4542 ipsum
2151 4464 2330 4545 quod
2367 4465 2586 4545 datum
2608 4465 2738 4545 tibi
2782 4465 2990 4526 fuerat
3027 4464 3106 4526 ad
3146 4467 3452 4538 salutem,
3492 4464 3701 4528 tit—tibi

423 4546 741 4624 gravioris
774 4563 971 4606 causa
1003 4543 1325 4622 supplicii.
1353 4545 1632 4604 Honoris
1663 4544 1978 4683 siEuidem
2010 4543 2378 4622 magnitudo
2403 4543 2478 4603 iis
2510 4544 2619 4620 qui
2659 4562 2786 4604 non
2809 4545 2998 4624 digne
3031 4545 3249 4605 vivunt
3280 4547 3562 4618 honore,
3603 4566 3703 4608 cu-

426 4625 640 4683 mulus
674 4625 894 4683 incinit
921 4643 1062 4683 esse
1096 4627 1450 4683 ncen‘arum.
1482 4624 1685 4683 luitur
1774 4623 1974 4683 delem
2021 4641 2151 4683 non
2193 4626 2274 4683 ab
2311 4623 2386 4683 iis
2435 4629 2683 4683 tantum
2727 4642 2870 4683 uua;
2914 4625 3156 4683 accenit
3195 4642 3231 4683 a
3266 4626 3432 4683 Deo.
3484 4644 3699 4683 verum

426 4623 640 4684 mulus
674 4625 894 4702 incipit
921 4643 1062 4685 esse
1096 4627 1450 4701 poenarum.
1482 4624 1685 4702 Igitur
1728 4623 1974 4683 fidelem
2021 4641 2151 4683 non
2193 4626 2274 4684 ab
2311 4623 2386 4684 iis
2435 4629 2683 4684 tantum
2727 4623 3156 4702 quaa’accepit
3195 4642 3232 4686 a
3266 4626 3432 4695 Deo,
3484 4644 3699 4686 verum

427 4703 621 4763 etiam
651 4705 732 4763 ab
759 4703 834 4764 iis
862 4720 1005 4781 qum
1034 4705 1339 4763 obtulerit
1368 4704 1504 4780 ipse
1531 4705 1686 4773 Deo,
1720 4703 2025 4763 convenit
2049 4702 2388 4782 refulgere,
2420 4707 2483 4763 et
2510 4702 2795 4780 undique
2823 4721 2964 4764 esse
2999 4708 3218 4764 notum
3253 4710 3457 4781 atque
3485 4708 3699 4766 mani-

427 4783 682 4850 festum,
712 4785 878 4844 etab
907 4783 1186 4854 incessu,
1215 4788 1276 4842 et
1305 4785 1387 4842 ab
1415 4787 1703 4859 aspectu,
1736 4788 1798 4843 et
1827 4799 1863 4842 a
1896 4788 2105 4855 veste,
2139 4788 2199 4842 et
2229 4799 2267 4844 a
2296 4799 2473 4843 voce.
2513 4783 2592 4841 Et
2637 4783 2769 4845 haec
2814 4783 3110 4855 dixerim,
3141 4802 3268 4844 non
3303 4790 3370 4844 ut
3408 4794 3700 4845 nosmet-

426 4863 600 4939 ipsos
629 4861 707 4923 ad
732 4862 1224 4922 ostentationem
1253 4861 1480 4933 nostri,
1513 4861 1623 4922 sed
1651 4860 1728 4921 ad
1760 4861 2239 4922 mdiﬁcationem
2269 4861 2743 4939 inspicientium
2774 4880 2890 4922 nos
2915 4863 3138 4940 utique
3172 4869 3496 4940 aptemus.
3525 4866 3698 4926 Nunc

428 4959 582 5001 vero
609 4941 1059 5019 undecumque
1090 4941 1355 5001 voluero
1387 4946 1445 5000 te
1476 4940 1872 5019 dignoscere,
1903 4941 2162 5002 invenio
2203 4946 2262 5002 te
2291 4958 2330 5002 a
2360 4942 2700 5003 contrariis
2725 4943 3062 5019 publicari.
3087 4943 3149 5002 Si
3176 4947 3237 5003 te
3258 4961 3342 5002 ex
3367 4943 3516 5003 loco
3543 4945 3697 5004 scire

427 5017 770 5090 curaverd,
803 5017 1228 5098 proculdubio
1268 5021 1335 5079 in
1377 5017 1565 5098 circo'
1581 5025 1639 5079 te
1668 5019 2049 5098 theatroque
2081 5021 2464 5098 prospiciam
2507 5026 2671 5082 totos
2720 5017 2984 5098 prorsus
3035 5021 3167 5082 dies
3219 5021 3284 5081 in
3329 5025 3695 5084 vanissimis

427 5101 553 5162 illis
581 5097 846 5162 coetibus
879 5099 1273 5180 exigentem,
1301 5099 1401 5160 vel
1431 5097 1666 5180 inuforo
1709 5097 2025 5180 corruptis
2055 5097 2422 5160 hominibus
2454 5097 2895 5180 pestiferi’sque
2925 5099 3360 5180 conjunctum.
3394 5102 3510 5162 Sin
3552 5119 3696 5164 vero

429 5199 510 5240 ex
544 5180 694 5258 ipsis
717 5177 1011 5240 motibus
1027 5179 1312 5256 corporis
1344 5177 1637 5240 notitiam
1683 5178 1773 5236 tui
1810 5177 2057 5258 habere
2088 5177 2474 5257 quaesivero,
2512 5179 2738 5241 videbo
2777 5185 2838 5240 te
2879 5177 3289 5241 horrentibus
3339 5182 3691 5248 cachinnis,

429 5265 491 5318 et
520 5255 860 5321 fdedissima
879 5255 1280 5337 jucunditate
1303 5258 1681 5328 resolutum,
1705 5262 1776 5317 ut
1798 5255 2040 5337 ﬂuxam
2066 5255 2410 5337 quamdam
2430 5259 2869 5336 perditamque
2889 5259 3310 5320 meretricem.
3343 5259 3458 5320 Sin
3488 5269 3692 5322 autem

429 5343 490 5396 te
520 5354 558 5398 a
589 5347 761 5400 veste
792 5336 1211 5408 considerem,
1243 5337 1404 5397 nihil
1433 5343 1494 5398 te
1524 5354 1562 5398 a
1589 5337 1842 5397 scenico
1874 5336 2094 5397 habitu
2119 5336 2354 5399 distare
2384 5355 2788 5416 cognoscam.
2812 5338 2951 5400 Jam
2982 5338 3036 5400 si
3065 5344 3125 5399 te
3153 5339 3419 5400 voluero
3446 5357 3488 5402 a
3510 5342 3694 5400 comi-

430 5418 600 5477 tibus
633 5419 982 5487 addiscere,
1017 5418 1342 5478 inveniam
1387 5422 1450 5476 te
1489 5416 2294 5495 adulatoribusistipatum,
2343 5424 2536 5494 atque
2567 5417 2887 5494 parasitis.
2921 5418 2983 5478 Si
3018 5434 3058 5479 a
3086 5436 3405 5490 sermone,
3449 5421 3611 5480 nihil
3640 5429 3691 5478 te

431 5495 686 5578 audiam
719 5497 984 5578 omnino
1012 5514 1270 5578 sanum,
1305 5495 1465 5578 nihil
1491 5494 1755 5578 serium,
1788 5494 2089 5578 quodque
2120 5495 2202 5578 ad
2228 5495 2635 5578 disciplinam
2677 5502 2963 5558 nostram
3000 5503 3262 5575 spectet,
3300 5499 3687 5578 loquentem.

431 5575 490 5634 Si
520 5591 558 5635 a
586 5575 753 5643 cibo,
783 5577 990 5653 major
1020 5576 1168 5636 hinc
1199 5575 1480 5653 profecto
1513 5574 1782 5636 materia
1809 5574 2240 5636 accusationis
2266 5576 2531 5636 orietur.

511 5653 572 5713 8.
601 5654 776 5715 Unde
807 5655 1026 5734 igitur,
1050 5655 1367 5734 responde
1395 5654 1574 5725 mihi,
1602 5653 1850 5734 ﬁdelem
1873 5658 1931 5713 te
1957 5671 2096 5714 esse
2119 5657 2342 5731 potero
2372 5672 2778 5734 cognoscere,
2805 5673 2949 5717 cum
2973 5655 3190 5717 omnia
3219 5656 3342 5718 ista
3372 5676 3523 5734 quae
3541 5657 3689 5717 dixi-

440 5752 600 5808 mus,
617 5733 1008 5796 contrariam
1028 5734 1104 5795 de
1129 5741 1187 5796 te
1206 5733 1411 5796 ferant
1433 5733 1840 5808 sententiam,
1857 5738 2045 5812 teque
2071 5733 2475 5812 apertissime
2493 5733 2808 5797 inﬁdelem
2832 5754 2970 5797 esse
2997 5733 3435 5800 convincam?
3458 5739 3533 5798 Et
3551 5737 3687 5814 quid
