3850 6222
304 108 443 164 “H5
1492 125 1721 181 ANIANI
1758 126 2332 186 INTERPRETATIO.
3389 124 3529 179 “3'6

281 242 493 322 dicam
525 243 738 322 utrum
763 237 963 301 fidelis
989 240 1017 298 ?
1040 238 1167 299 Nec
1211 238 1264 298 si
1302 245 1497 322 nemo
1537 254 1683 322 vere
1712 236 1846 322 sis,
1895 254 2154 322 possum
2195 235 2535 322 evidentee
2557 250 2929 322 agnoscere.
2951 232 3221 322 Quando
3248 230 3435 322 _enim
3464 239 3543 322 ut

285 315 512 377 asinus
545 319 862 387 calcitras,
898 322 970 378 ut
1001 325 1223 379 taurus
1254 316 1540 378 exsultas
1568 360 1583 387 ,
1619 314 1875 374 libidine
1895 309 2203 375 incensus
2237 315 2329 374 sic
2357 312 2571 373 hinnis
2602 309 2672 373 ut
2698 331 2929 390 equus,
2961 312 3219 391 quando
3244 311 3309 371 in
3336 309 3544 391 epulis

288 408 593 481 ursorum
620 397 887 458 imitaris
919 402 1237 468 voratum,
1265 401 1327 481 et
1357 394 1747 481 pinguedine
1778 411 2010 471 corpus
2041 394 2368 481 mulorum
2397 409 2574 481 more
2613 389 2960 481 distendis;
2984 389 3139 481 cum
3162 389 3544 481 exercenda

288 472 615 537 simultate
643 478 980 549 camelum,
1007 476 1233 551 lupum
1263 472 1529 533 imiteris
1560 473 1832 550 rapina;
1865 489 2011 532 cum
2038 473 2336 535 irascaris
2366 476 2435 530 ut
2462 488 2726 543 serpens
2748 515 2764 538 ,
2790 478 2851 533 et
2886 472 3218 532 atrocitate
3244 472 3538 547 scorpio-

279 569 438 634 num
469 555 811 634 percutias;
836 574 979 616 cum
1011 557 1273 617 subdole
1303 556 1623 617 insidieris
1656 561 1730 618 ut
1758 557 2010 634 vulpes,
2034 572 2309 633 cumque
2334 572 2583 634 veneno
2614 555 3028 634 malignitatis
3049 560 3318 620 armeris
3341 567 3413 620 ut
3442 579 3549 622 co-

278 632 468 691 luber
496 637 558 692 et
588 633 838 716 vipera;
868 653 1012 694 cum
1041 636 1227 716 quasi
1265 635 1559 716 diabolus
1583 635 1722 714 ipse
1752 632 2060 698 adversus
2093 632 2319 695 fratres
2352 633 2635 716 crudelia
2674 632 2842 697 bella
2871 637 3188 716 suscipias
3220 657 3234 696 :
3260 656 3547 716 quonam

277 728 591 793 umquam
622 712 832 793 modo,
865 729 995 790 qua
1020 714 1271 775 ratione
1300 715 1365 773 in
1393 712 1725 775 hominum
1768 721 1828 776 te
1858 731 2121 793 possum
2160 731 2431 773 numero
2473 713 2829 793 collocare,
2856 714 3035 776 nulla
3067 715 3131 774 in
3167 721 3229 777 te
3275 712 3545 781 cernens

278 789 576 872 humanm
621 792 806 869 signa
836 794 1207 854 naturae?0
1236 811 1371 854 rem
1410 794 1664 872 plenam
1709 789 1945 855 doloris
1988 798 2181 871 atque
2224 792 2956 872 lacrymarumliFidelis
3002 798 3064 854 et
3105 797 3547 859 catechumeni

278 869 753 950 distinctionem
781 873 1063 948 reperire
1094 869 1451 950 cupiebam,
1482 874 1590 933 sed
1617 892 1734 934 nec
1762 874 1929 933 inter
1954 869 2243 933 homines
2275 878 2335 932 et
2366 869 2531 933 feras
2557 871 2729 949 quod
2760 874 2843 932 sit
2870 873 3211 934 discrimen
3262 877 3545 937 invenio.

277 948 440 1022 Quid
469 949 639 1008 enim
670 954 729 1008 te
757 952 1083 1028 appellare
1112 948 1357 1013 debeo?
1391 953 1619 1013 Feram
1639 953 1803 1015 ?Sed
1830 954 1953 1015 illa:
1982 969 2113 1011 uno
2138 951 2359 1028 aliquo
2384 948 2612 1011 horum
2648 952 2797 1010 vitio
2828 956 3149 1025 tenentur,
3179 960 3248 1014 tu
3284 974 3437 1016 vero
3465 958 3550 1017 si-

276 1028 413 1110 mul
443 1028 508 1087 in
545 1033 605 1088 te
630 1030 847 1110 omnia
878 1030 1255 1109 colligendo,
1288 1032 1479 1110 longe
1509 1031 1790 1093 ferarum
1820 1032 2193 1094 irrationale
2229 1032 2625 1107 stultumque
2653 1032 3145 1109 transgrederis.
3180 1037 3278 1092 An
3309 1034 3548 1095 diabo-

276 1106 412 1191 l_um
440 1112 499 1191 te
528 1108 747 1191 potius
773 1106 1089 1191 appellem
1112 1110 1141 1191 ‘2
1163 1110 1280 1191 Sed
1306 1106 1560 1191 ille'nec
1586 1113 1890 1189 pecunias
1926 1109 2344 1191 concupiscit,
2369 1128 2494 1191 nec
2520 1106 3110 1188 tyrannidi-ventris
3142 1114 3543 1191 obsequitur.

276 1187 434 1248 Cum
465 1186 667 1267 igitur
689 1186 876 1264 plura
905 1188 971 1247 in
1001 1194 1061 1249 te
1087 1190 1241 1251 vitia
1266 1190 1415 1259 sint,
1441 1186 1635 1267 quam
1666 1191 1730 1250 in
1765 1192 1977 1252 bestiis
2008 1186 2201 1266 atque
2230 1186 2648 1261 daamonibus,
2678 1191 3017 1267 responde,
3050 1186 3339 1263 obsecro,
3377 1195 3547 1255 unde

275 1273 336 1328 te
349 1265 608 1344 possum
625 1265 772 1346 jure
800 1267 1123 1327 hominem
1155 1265 1528 1346 nuncupare
1546 1272 1574 1328 ?
1597 1269 1657 1328 Si
1687 1288 1836 1331 vero
1864 1276 1922 1332 te
1944 1265 2268 1330 hominem
2293 1269 2618 1347 appellare
2641 1265 2914 1346 nequeo,
2939 1287 3069 1347 quo
3094 1270 3345 1339 tzmdem
3364 1274 3549 1333 modo

276 1352 500 1423 potero
531 1347 779 1409 ﬁdelem
810 1363 1040 1411 vocare
1060 1348 1090 1404 ‘I
1121 1347 1360 1409 Verum
1403 1350 1519 1409 hoc
1555 1354 1649 1409 est
1684 1350 1883 1409 multo
1913 1349 2321 1410 deterrimum
2349 1393 2364 1420 ,
2393 1348 2565 1425 quod
2598 1354 2807 1408 tamen
2838 1368 2984 1410 cum
3019 1351 3307 1410 omnium
3348 1353 3547 1412 vitio-

276 1443 417 1507 rum
446 1427 745 1503 squalore
778 1433 1130 1506 turpemur.
1167 1445 1283 1490 nec
1310 1427 1723 1507 intelligimus
1751 1428 2007 1507 quidem
2040 1433 2275 1488 nostra:
2303 1429 2533 1488 anima:
2565 1426 2927 1499 foeditatem,
2962 1447 3080 1489 nec
3110 1428 3246 1507 ejus
3278 1448 3544 1507 prorsus

275 1504 556 1588 deforme
577 1504 1057 1588 cegnosci'mus.
1095 1510 1254 1571 Nam
1286 1510 1350 1569 tu
1383 1504 1640 1588 quidem
1668 1504 1837 1586 apud
1868 1515 2192 1568 tonsorem
2231 1507 2521 1588 residens
2545 1512 2607 1567 et
2639 1508 2965 1568 caasariem
3005 1504 3352 1570 detonderis
3375 1554 3391 1581 ,
3422 1511 3548 1571 ad-

276 1582 478 1665 hibito
507 1582 700 1647 etiam
730 1588 1014 1665 speculo,
1045 1590 1246 1648 multo
1272 1582 1421 1650 cum
1448 1587 1681 1661 studio,
1705 1582 2082 1665 summaque
2112 1603 2267 1648 cura
2296 1586 2724 1663 aequalitatem
2756 1588 3149 1658 consideras,
3184 1593 3246 1648 et
3275 1590 3548 1651 nitorem

277 1663 488 1747 capilli
511 1683 669 1747 :_nec
694 1663 906 1728 tamen
932 1670 1000 1726 in
1042 1666 1318 1746 imagine
1351 1670 1440 1728 tui
1471 1670 1802 1747 temetipse
1838 1663 2204 1747 inspexisse
2229 1671 2590 1747 contentus,
2624 1671 2758 1726 tum
2789 1666 2999 1747 ipsum
3029 1667 3336 1729 artificem
3359 1714 3374 1739 ,
3410 1674 3545 1729 tum

275 1742 793 1827 alios__adstantes
825 1742 1317 1811 sollicitehomo
1334 1747 1470 1827 jam
1501 1742 1710 1809 senex'
1730 1767 1857 1808 non
1892 1742 2159 1820 vereris,
2182 1745 2456 1827 juvenili
2491 1746 2761 1827 stultitia
2787 1742 3079 1827 insanus,
3112 1748 3507 1826 interrogare
3529 1794 3546 1819 ,

276 1839 360 1885 an
387 1823 622 1906 alicubi
645 1825 1042 1906 mincomptius
1074 1843 1302 1887 manus
1333 1823 1734 1905 properantis
1766 1833 2030 1906 Operata
2058 1830 2163 1897 sit,
2185 1823 2273 1888 an
2301 1826 2454 1888 satis
2482 1825 2702 1891 deceat
2737 1825 3007 1906 frontem
3035 1826 3264 1886 leniter
3291 1823 3544 1889 attonsa

277 1903 593 1984 caesaries.
622 1903 1053 1967 Animaa’vero
1102 1903 1352 1967 nostrai
1378 1903 1522 1984 qua:
1552 1924 1681 1966 non
1726 1903 1936 1968 solum
1979 1908 2277 1967 deformis
2308 1912 2405 1967 est
2429 1951 2445 1978 ,
2483 1923 2706 1968 verum
2740 1905 2934 1966 etiam
2970 1905 3249 1967 ferarum
3284 1908 3548 1967 omnino

276 1981 644 2065 conformis,
674 1988 739 2065 et
768 2002 912 2065 quae
941 1984 1149 2065 Scylla
1173 1981 1418 2064 aliqua,
1442 1986 1541 2046 vel
1576 1986 1912 2057 Chimaera,
1938 1991 2008 2047 ut
2037 1986 2254 2048 fabula
2281 1987 2581 2058 celebrat,
2615 1985 2840 2048 effecta
2863 1989 2983 2061 est,
3006 1986 3185 2047 nulla
3214 2002 3332 2046 nos
3364 2004 3544 2053 cura,

277 2062 456 2146 nulla
483 2062 853 2146 sollicitudo;
872 2062 1183 2146 umquam
1216 2062 1574 2127 remordet:
1600 2085 1744 2126 cum
1776 2074 1944 2128 certe
1974 2067 2076 2127 hic
2107 2083 2368 2143 quoque
2398 2067 2734 2142 speculum
2760 2067 2842 2126 sit
2870 2069 3163 2144 paratum
3195 2066 3548 2146 proculdu--

236 2186 243 2195 .
278 2140 380 2201 bio
411 2142 720 2226 spiritale,
749 2148 811 2204 et
839 2140 1029 2226 longe
1057 2145 1169 2204 illo
1198 2146 1418 2226 utilius
1451 2146 1734 2223 speculo,
1754 2146 2073 2226 longeque
2099 2140 2396 2207 lucidius.
2430 2140 2567 2205 Non
2598 2148 2768 2206 enim
2800 2140 3076 2207 ostendit
3103 2140 3545 2208 tantummodo

276 2237 460 2303 §ilam
490 2222 840 2303 unicuique
872 2222 1213 2285 foeditatem
1240 2270 1256 2297 ,
1290 2225 1400 2285 sed
1428 2222 1569 2287 eam
1600 2226 1665 2285 in
1699 2222 2050 2287 maximum
2088 2242 2348 2303 quoque
2373 2270 2388 2298 ,
2426 2225 2479 2285 si
2511 2226 2806 2285 volumus
2832 2270 2848 2296 ,
2877 2226 3189 2286 convertit
3226 2226 3543 2288 decorem.

274 2298 411 2384 Hoc
427 2305 523 2361 est
539 2302 709 2384 enim
734 2298 1017 2363 virorum
1046 2306 1352 2384 memoria
1382 2310 1774 2374 sanctorum,
1797 2322 1874 2366 ac
1904 2298 2391 2366 beatae-illorum
2417 2305 2925 2366 conversationis
2956 2304 3246 2373 historia,
3268 2310 3329 2365 et
3356 2323 3548 2384 gene-

275 2379 497 2462 raliter
521 2381 886 2443 divinarum
912 2383 1100 2444 lectio
1130 2382 1627 2461 Scripturarum,
1666 2386 2016 2462 positaeque
2044 2402 2083 2447 a
2111 2385 2243 2444 Deo
2270 2385 2426 2462 legis
2454 2385 2720 2462 agnitio.
2753 2384 2815 2443 Si
2849 2384 3128 2445 volueris
3160 2379 3386 2445 saltem
3416 2384 3544 2445 fixe

276 2458 645 2542 inten_te_que
675 2462 884 2522 cordis
916 2463 1105 2523 oculo
1141 2458 1453 2542 fulgentes
1502 2463 1644 2525 illas
1666 2458 2054 2525 Sanctorum
2086 2458 2396 2542 imagines
2427 2458 2702 2535 intueri,
2733 2467 2933 2523 totum
2962 2464 3269 2524 continuo
3315 2464 3543 2524 mentis

276 2543 398 2598 tuae
423 2539 704 2622 deforme
734 2543 1110 2619 conspicies.
1146 2539 1435 2620 Cumque
1464 2543 1629 2604 istud
1658 2544 1997 2622 agnoveris
2025 2587 2040 2613 ,
2076 2539 2315 2603 nullius
2347 2544 2628 2620 profecto
2658 2543 2750 2604 rei
2779 2543 3088 2621 indigebis
3118 2544 3407 2622 alterius,
3427 2561 3544 2619 per

274 2621 571 2700 quam‘ab
592 2620 954 2699 hujusmodi
975 2622 1364 2699 turpitudine
1381 2623 1670 2684 libereris
1697 2620 1866 2683 {tam
1886 2622 2070 2683 nobis
2094 2623 2247 2683 utile
2268 2623 2433 2683 istud
2457 2628 2553 2683 est
2574 2620 2933 2700 speculum,
2957 2626 3213 2699 tamque
3235 2639 3351 2682 nos
3376 2621 3543 2682 facili

274 2697 839 2781 transformatione
868 2697 1204 2763 convertit.
1232 2702 1430 2762 Nemo
1459 2702 1655 2781 igitur
1679 2702 1916 2763 diutius
1945 2703 2012 2762 in
2041 2702 2322 2762 ferarum
2356 2702 2561 2781 effigie
2595 2697 2980 2780 perseveret.
3017 2702 3077 2761 Si
3109 2697 3285 2762 enim
3318 2719 3543 2763 servus

275 2794 683 2860 nequaquam
713 2779 973 2860 domum
999 2782 1197 2858 patris
1221 2779 1611 2860 ingreditur:
1638 2800 1782 2844 cum
1815 2783 2014 2844 bestia
2044 2783 2234 2842 etiam
2265 2779 2765 2851 fueris'effeCtus,
2785 2781 3044 2859 quando
3066 2782 3304 2858 poteris
3332 2782 3542 2858 ipsum

273 2857 498 2916 saltem
543 2858 810 2919 introire
840 2857 1226 2921 vestibulum
1251 2863 1279 2920 ?
1300 2857 1380 2921 Et
1406 2861 1559 2939 quid
1602 2861 1743 2922 dico
1780 2862 1982 2923 bestia
2007 2906 2023 2932 ,
2056 2861 2317 2938 quando
2348 2857 3093 2938 unusquisque—vitiosus
3124 2860 3298 2919 omni
3334 2857 3540 2921 bestia

273 2938 724 3018 comprobetur
757 2939 1147 3001 immanior?
1173 2940 1305 3001 Illa:
1334 2938 1594 3017 quippe,
1624 2957 2018 3018 quamquam
2048 2940 2432 3001 naturaliter
2459 2941 2747 3009 saaviant,
2772 2940 2826 2999 si
2856 2940 3141 3001 humana
3162 2947 3376 2999 tamen
3403 2944 3542 2999 arte

271 3016 616 3092 palpentur
639 3062 655 3085 ,
688 3018 1069 3095 plerumque
1105 3016 1568 3081 mansuescunt
1592 3040 1606 3078 :
1629 3016 1699 3081 fu
1731 3016 1946 3080 autem
1976 3019 2086 3097 qui
2123 3020 2379 3081 illarum
2415 3019 2699 3096 profecto
2736 3020 3094 3079 naturalem
3131 3018 3445 3079 feritatem
3476 3020 3541 3077 in

270 3110 411 3154 eam
440 3113 582 3173 qua:
615 3104 838 3159 contra
864 3109 1161 3159 naturam
1192 3105 1288 3160 est
1312 3099 1867 3160 mansuetudinem
1895 3116 2061 3176 saepe
2092 3104 2473 3169 commutas,
2505 3114 2699 3174 quam
2732 3098 2996 3158 habebis
3024 3098 3535 3168 excusationem,

267 3178 444 3234 tuam
491 3177 1044 3237 mansuetudinem
1094 3178 1455 3239 naturalem
1507 3179 1572 3237 in
1624 3178 1935 3239 feritatem
1960 3221 1975 3247 ,
2006 3195 2149 3247 quae
2200 3183 2447 3238 naturae
2476 3181 2600 3237 tua;
2638 3182 2733 3236 est
2774 3176 3070 3245 inimica,
3108 3182 3490 3237 convertens
3521 3194 3539 3235 :

268 3270 543 3329 cumque
574 3256 957 3316 naturaliter
983 3254 1182 3315 feram
1221 3256 1301 3318 ad
1337 3256 1893 3316 mansuetudinem
1924 3254 2158 3325 trahis,
2185 3259 2249 3316 te
2297 3255 2678 3315 naturaliter
2706 3260 3113 3314 mansuetum
3159 3255 3224 3313 in
3262 3255 3545 3315 ferarum

264 3335 506 3394 rabiem
539 3338 769 3393 natura
797 3335 1193 3408 repugnante
1221 3329 1538 3408 perducis.
1582 3330 1652 3388 Et
1679 3332 1931 3392 leonem
1956 3330 2211 3408 quidem
2232 3329 2508 3408 mitigas,
2532 3331 2869 3407 reddisque
2896 3333 3289 3393 tractabilem
3318 3354 3331 3391 :
3358 3334 3531 3393 furo-

266 3432 400 3473 rem
437 3429 591 3472 vero
622 3409 821 3489 animi
853 3409 947 3468 tui
971 3407 1152 3489 omni
1176 3425 1446 3489 prorsus
1479 3407 1892 3489 efﬁcisleone
1921 3407 2276 3489 saeviorem.
2297 3407 2392 3489 _Et
2413 3413 2583 3468 certe
2608 3426 2753 3489 cum
2794 3409 2879 3489 ibi
2914 3410 3043 3489 sint
3076 3410 3202 3469 duo
3241 3412 3525 3489 impedi-

262 3495 474 3553 menta
503 3490 604 3553 vel
635 3488 938 3565 maxima,
967 3486 1136 3564 quod
1167 3487 1300 3547 fera
1322 3487 1461 3564 ipsa
1492 3491 1554 3566 et
1581 3488 1829 3548 ratione
1860 3488 2171 3565 privatur,
2204 3491 2265 3545 et
2297 3486 2487 3566 longe
2513 3486 2800 3546 omnium
2821 3488 3084 3547 alterius
3108 3486 3360 3566 generis
3390 3492 3531 3551 ani-
3626 3514 3627 3519 π

261 3572 524 3630 malium
553 3567 801 3631 excedit
831 3566 1110 3627 furorem
1135 3586 1150 3624 :
1180 3570 1248 3624 tu
1274 3569 1495 3645 tamen,
1520 3565 1596 3626 de
1625 3567 1806 3643 cepia
1832 3566 2079 3627 donatae
2106 3565 2216 3625 tibi
2250 3579 2289 3625 a
2315 3564 2448 3645 Deo
2476 3566 2826 3641 sapientiae,
2854 3566 3059 3643 ipsam
3090 3564 3356 3645 superas
3388 3577 3528 3632 arte

262 3654 584 3710 naturam.
618 3647 741 3720 Qui
772 3646 971 3724 igitur
1009 3649 1303 3705 naturam
1339 3644 1535 3705 vincis
1575 3646 1638 3703 in
1672 3645 1889 3705 bestiis
1913 3689 1928 3715 ,
1959 3663 2075 3724 cur
2110 3645 2176 3724 in
2220 3644 2549 3720 temetipse
2579 3660 2713 3724 una
2749 3650 3157 3724 cumnatura
3178 3644 3374 3707 etiam
3408 3666 3530 3708 vo—

260 3728 522 3790 luntatis
555 3729 795 3787 bonum
824 3723 1146 3802 prodidisti
1167 3726 1194 3782 ?
1213 3724 1437 3800 Itaque
1466 3724 1517 3783 si
1549 3728 1631 3794 te,
1660 3730 1727 3783 ut
1759 3724 1956 3784 alium
1984 3723 2303 3783 hominem
2331 3723 2868 3795 mansuefaceres,
2892 3723 3208 3802 juberem,
3232 3726 3392 3786 nihil
3425 3728 3528 3789 hic

260 3807 517 3885 quidem
548 3804 937 3885 impossibile
968 3803 1215 3864 viderer
1244 3803 2030 3885 imponere:quamquam
2073 3818 2678 3885 excusare_posses,
2739 3820 2868 3862 non
2909 3810 2965 3885 te
3016 3821 3156 3865 esse
3198 3805 3528 3868 dominum

264 3881 605 3947 voluntatis
633 3881 881 3952 aliena),
912 3900 1119 3960 neque
1156 3888 1385 3962 cuncta
1416 3883 1484 3962 in
1516 3888 1623 3943 tua
1658 3886 1969 3960 potestate
1996 3882 2371 3943 consistere.
2403 3881 2587 3943 Nunc
2616 3899 2770 3943 vero
2796 3888 2908 3944 tua
2938 3883 3072 3944 haec
3101 3886 3359 3962 proprie
3393 3886 3527 3949 fera

258 3972 375 4030 est.
413 3972 474 4025 et
509 3965 608 4024 cui
644 3962 997 4024 certissimo
1013 3963 1155 4039 jure
1181 3961 1549 4022 domineris.

336 4046 394 4104 9.
432 4046 636 4117 Quam
664 4042 859 4122 igitur
897 4041 1094 4122 habes
1134 4041 1496 4122 ap010gia_m
1522 4084 1538 4113 ,
1575 4058 1846 4122 quemve
1873 4042 2154 4122 reperies
2205 4041 2545 4101 honestum
2582 4041 3020 4122 excusationis
3068 4042 3386 4115 colorem,
3412 4046 3527 4122 qui

258 4141 402 4183 cum
434 4124 651 4182 solerti
683 4119 892 4182 studio
922 4121 1243 4180 hominem
1274 4119 1743 4199 quodammodo
1776 4119 1970 4182 facias
2005 4121 2082 4181 de
2108 4122 2328 4189 leone,
2362 4126 2431 4179 tu
2459 4124 2675 4181 tamen
2717 4121 3047 4199 negligens
3085 4122 3185 4181 leo
3226 4119 3526 4185 efﬁciaris

258 4220 341 4261 ex
372 4201 675 4260 homine?
704 4201 861 4259 Nam
895 4199 983 4257 illi
1014 4199 1268 4274 quidem
1298 4198 1497 4258 donas
1528 4216 1725 4275 supra
1755 4217 1939 4259 suam
1969 4199 2210 4276 aliquid
2234 4199 2469 4259 habere
2497 4198 2821 4269 naturam,
2846 4201 2957 4259 tibi
2991 4218 3144 4260 vero
3177 4219 3293 4262 nec
3322 4210 3526 4264 natu-

258 4277 1009 4369 rales_quidem_aff_cctus
1045 4277 1467 4369 reservas.’E‘t
1496 4277 1611 4369 _qui
1654 4279 1887 4339 bestias
1920 4278 2196 4369 ferasad
2230 4278 2738 4369 mansuetudinis
2776 4278 3075 4369 provehis
3107 4279 3480 4369 dignitatem
3507 4327 3524 4353 _.

258 4354 663 4434 temetipsum
694 4355 770 4415 de
801 4357 1031 4414 throno
1060 4354 1360 4432 dejiciens
1394 4361 1461 4435 et
1496 4355 1740 4415 honore
1770 4358 2010 4435 regali,
2042 4356 2122 4418 ad
2153 4356 2630 4416 irrationalium
2658 4354 2831 4435 cogis
2866 4354 3525 4422 furoremfPonamus

260 4437 455 4517 enim,
489 4436 541 4495 si
571 4435 799 4512 placet,
829 4435 989 4517 iram
1020 4434 1577 4517 quoquebestiam
1607 4452 1747 4495 esse
1777 4434 2120 4517 quamdam
2153 4455 2166 4493 :
2198 4440 2513 4517 quantum
2542 4434 2847 4517 igitur’ab
2867 4436 3011 4496 aliis
3038 4438 3529 4517 erga_mitigan—

259 4516 423 4597 dum,
438 4517 686 4597 leonem
708 4514 985 4597 studium
1016 4512 1476 4597 commodatur,
1497 4518 1737 4574 tantam
1760 4512 1825 4575 tu
1851 4531 2007 4597 erga
2028 4514 2424 4597 iracundiam
2454 4512 2742 4597 impende
2761 4532 3005 4597 curam,
3029 4521 3091 4575 et
3107 4512 3283 4577 effice
3307 4512 3530 4597 hujus-

259 4594 429 4655 modi
474 4594 925 4672 cogitationem
974 4594 1198 4672 mitem
1230 4597 1423 4668 atque
1476 4601 1899 4655 mansuetam.
1936 4593 2277 4671 Siquidem
2331 4593 2463 4654 haec
2508 4593 2641 4655 fera
2676 4600 2737 4655 et
2774 4594 3100 4672 unguibus
3154 4593 3523 4659 saevissimis

257 4670 577 4744 armatur,
604 4678 666 4733 et
694 4672 1026 4752 dentibus:
1052 4680 1114 4731 et
1141 4670 1471 4752 nisiiillam
1497 4672 1767 4735 sollicite
1790 4670 2313 4742 mnsuefeceris,
2337 4679 2565 4733 cuncta
2598 4674 2787 4732 simul
2818 4670 3161 4751 disperdct,
3200 4681 3393 4752 atque
3423 4677 3530 4739 la-

255 4753 519 4815 cerabit.
553 4752 776 4812 Nullus
800 4752 969 4811 enim
1000 4750 1124 4830 leo,
1154 4750 1333 4811 nulla
1364 4751 1456 4811 sic
1484 4753 1707 4828 vipera
1739 4754 1982 4814 viscera
2012 4757 2260 4830 queunt
2288 4752 2533 4813 laniare
2556 4797 2571 4817 ,
2600 4759 2672 4812 ut
2697 4753 2974 4813 hominis
3014 4750 3342 4817 iracundia
3389 4755 3530 4817 fer-

258 4834 383 4893 rcis
413 4832 796 4909 quibusdam
823 4828 1148 4910 unguibus
1180 4830 1493 4910 universa
1523 4831 1917 4893 confodiens.
1949 4828 2170 4910 Neque
2216 4832 2385 4890 enim
2434 4831 2834 4891 solummodo
2878 4834 3129 4910 corpori
3162 4840 3383 4905 nocet,
3417 4836 3527 4896 sed

254 4912 460 4992 ipsius
494 4912 688 4971 etiam
719 4909 1072 4992 corrumpit
1100 4910 1331 4992 animm
1358 4909 1699 4992 sanitatem
1726 4933 1745 4971 :
1775 4909 2390 4992 cunctasisiquidem
2416 4910 2555 4992 ejus
2596 4913 2858 4992 omnino
2903 4909 3069 4972 vires
3110 4912 3412 4992 discerpit
3452 4933 3530 4976 ac

252 4988 541 5059 devorat,
575 5007 847 5070 eamque
878 4988 955 5050 ad
987 4989 1203 5070 omnia
1230 4988 1521 5070 inutilem
1554 4988 1722 5050 facit.
1755 4992 1817 5050 Si
1844 4992 2015 5051 enim
2039 4990 2081 5070 ii
2109 4988 2217 5066 qni
2252 4988 2503 5070 vermes
2534 4990 2600 5049 in
2630 4991 3047 5051 interioribus
3080 4988 3368 5070 corporis
3401 5013 3529 5053 nu—

255 5070 457 5129 triunt
486 5114 501 5138 ,
535 5088 613 5129 ne
639 5069 961 5145 respirare
996 5068 1251 5148 quidem
1283 5069 1622 5141 sinuntur,
1652 5070 1903 5130 vexatis
1938 5068 2220 5148 profecto
2254 5068 2597 5145 adesisque
2625 5072 2981 5131 visceribus
3009 5090 3023 5127 :
3054 5068 3376 5146 quomodo
3408 5091 3525 5133 nos

256 5154 634 5230 venenatam
662 5148 829 5207 hanc
858 5148 923 5205 in
954 5148 1136 5207 nobis
1168 5147 1411 5230 alentes
1444 5148 1752 5230 viperam,
1779 5147 2133 5230 iram’dico,
2166 5166 2311 5226 qua:
2341 5148 2555 5210 omnia
2590 5149 2899 5230 interiora
2924 5150 3201 5211 hominis
3229 5152 3528 5230 depasci-

253 5236 394 5288 tur:
422 5227 575 5304 quid
606 5244 913 5308 umquam
943 5244 1171 5308 sanum
1207 5232 1319 5287 aut
1364 5225 1521 5308 forte
1552 5229 1903 5304 poterimus
1935 5228 2217 5307 cogitare
2244 5231 2357 5308 aut
2385 5230 2657 5305 parere?
2684 5229 2980 5303 Quonam
3007 5230 3203 5308 igitur
3226 5225 3414 5292 modo
3444 5235 3526 5293 ab

253 5308 374 5367 hac
400 5315 527 5367 tam
560 5307 755 5367 noxia
781 5311 956 5383 peste
986 5305 1301 5383 fugiemus
1325 5308 1353 5363 ?
1378 5306 1439 5365 Si
1477 5307 1649 5367 illam
1680 5308 1904 5384 utique
1934 5305 2257 5385 potionem
2290 5306 2608 5377 bibamus,
2630 5326 2775 5385 qua:
2798 5325 3019 5369 omnes
3037 5305 3219 5370 intra
3249 5329 3366 5371 nos
3387 5330 3526 5373 ver-

253 5406 387 5446 mes
419 5385 1261 5465 serpentesquemoirtiticet.
1289 5386 1367 5446 Et
1394 5387 1743 5463 quodnam,
1775 5388 2053 5464 inquies,
2078 5385 2243 5448 istud
2271 5391 2367 5446 est
2396 5389 2701 5463 poculum
2728 5387 2899 5463 quod
2924 5405 3065 5449 eam
3092 5389 3219 5449 vim
3250 5389 3529 5453 habeat?

250 5464 572 5527 Pretiosus
602 5466 842 5526 scilicet
870 5464 1102 5525 Christi
1130 5466 1393 5544 sanguis
1421 5510 1436 5535 ,
1465 5466 1516 5525 si
1552 5483 1697 5526 cum
1724 5465 1955 5529 fiducia
1998 5466 2223 5544 utique
2253 5470 2586 5527 sumatur:
2613 5467 2822 5526 omnis
2861 5467 3033 5528 enim
3078 5468 3202 5530 hoc
3242 5471 3523 5531 remedio

253 5547 516 5605 morbus
548 5545 1021 5624 exstinguitur:
1051 5550 1193 5621 post
1220 5544 1341 5605 hoc
1370 5550 1739 5605 sanctarum
1767 5562 2029 5623 quoque
2058 5546 2533 5624 Scripturarum
2572 5546 2843 5624 diligens
2872 5552 2934 5608 et
2968 5547 3234 5609 devotus
3270 5550 3526 5610 auditus"

252 5633 313 5683 et
344 5623 786 5687 misericordia
811 5624 1057 5686 auditui
1089 5624 1409 5701 cepulata.
1444 5626 1562 5685 Per
1589 5624 1722 5687 haec
1748 5625 1919 5687 enim
1946 5643 2168 5690 omnes
2195 5623 2563 5687 mortiﬁcari
2592 5623 2717 5687 illae
2745 5630 3039 5703 possunt,
3068 5645 3213 5707 qua:
3244 5629 3525 5690 animam
