  <div class='ocr_page' id='page_1' title='image "/cluster/home/n/w/nwhite01/storage/ocr_20150623/57-58/hvd.32044012465811/842.png"; bbox 0 0 3850 6222; ppageno 0'>
   <div class='ocr_carea' id='block_1_1' title="bbox 205 409 3416 469">
    <p class='ocr_par' dir='ltr' id='par_1_1' title="bbox 205 409 3416 469">
     <span class='ocr_line' id='line_1_1' title="bbox 205 409 3416 469; baseline -0.002 0"><span class='ocrx_word' id='word_1_1' title='bbox 205 412 337 469; x_wconf 79' lang='grc'>1019</span> <span class='ocrx_word' id='word_1_2' title='bbox 1388 409 1619 465; x_wconf 75' lang='grc' dir='ltr'><strong>ΑΝΙΑΝΙ</strong></span> <span class='ocrx_word' id='word_1_3' title='bbox 1660 409 2233 465; x_wconf 77' lang='lat' dir='ltr'><strong>INTERPRETATIO.</strong></span> <span class='ocrx_word' id='word_1_4' title='bbox 3279 411 3416 466; x_wconf 70' lang='lat'><strong>1020</strong></span> 
     </span>
    </p>
   </div>
   <div class='ocr_carea' id='block_1_2' title="bbox 195 517 3424 601">
    <p class='ocr_par' dir='ltr' id='par_1_2' title="bbox 195 517 3424 601">
     <span class='ocr_line' id='line_1_2' title="bbox 195 517 3424 601; baseline -0.001 -15"><span class='ocrx_word' id='word_1_5' title='bbox 195 544 245 586; x_wconf 76' lang='lat' dir='ltr'><strong>si</strong></span> <span class='ocrx_word' id='word_1_6' title='bbox 272 525 330 584; x_wconf 89' lang='lat' dir='ltr'><strong>id</strong></span> <span class='ocrx_word' id='word_1_7' title='bbox 351 522 1033 592; x_wconf 84' lang='lat' dir='ltr'><strong>accideret,videantur</strong></span> <span class='ocrx_word' id='word_1_8' title='bbox 1061 518 1149 579; x_wconf 87' lang='lat' dir='ltr'><strong>illi</strong></span> <span class='ocrx_word' id='word_1_9' title='bbox 1174 524 1419 601; x_wconf 74' lang='lat' dir='ltr'><strong>temere</strong></span> <span class='ocrx_word' id='word_1_10' title='bbox 1431 519 1545 601; x_wconf 85' lang='lat' dir='ltr'><strong>Dei</strong></span> <span class='ocrx_word' id='word_1_11' title='bbox 1571 519 2098 601; x_wconf 77' lang='lat' dir='ltr'><strong>omnipotentiam</strong></span> <span class='ocrx_word' id='word_1_12' title='bbox 2114 517 2514 601; x_wconf 60' lang='lat' dir='ltr'><strong>praedicasse,</strong></span> <span class='ocrx_word' id='word_1_13' title='bbox 2542 524 3018 601; x_wconf 85' lang='lat' dir='ltr'><strong>consequenter</strong></span> <span class='ocrx_word' id='word_1_14' title='bbox 3045 520 3424 601; x_wconf 89' lang='lat' dir='ltr'><strong>adjungunt,</strong></span> 
     </span>
    </p>
   </div>
   <div class='ocr_carea' id='block_1_3' title="bbox 194 597 2706 681">
    <p class='ocr_par' dir='ltr' id='par_1_3' title="bbox 194 597 2706 681">
     <span class='ocr_line' id='line_1_3' title="bbox 194 597 2706 681; baseline -0.004 -15"><span class='ocrx_word' id='word_1_15' title='bbox 194 604 374 681; x_wconf 80' lang='lat' dir='ltr'><strong>Quod</strong></span> <span class='ocrx_word' id='word_1_16' title='bbox 398 604 524 663; x_wconf 78' lang='lat' dir='ltr'><strong>etsi</strong></span> <span class='ocrx_word' id='word_1_17' title='bbox 550 601 718 662; x_wconf 78' lang='lat' dir='ltr'><strong>istud</strong></span> <span class='ocrx_word' id='word_1_18' title='bbox 745 619 876 661; x_wconf 79' lang='lat' dir='ltr'><strong>non</strong></span> <span class='ocrx_word' id='word_1_19' title='bbox 898 603 1027 679; x_wconf 82' lang='lat' dir='ltr'><strong>ﬁat,</strong></span> <span class='ocrx_word' id='word_1_20' title='bbox 1059 609 1275 681; x_wconf 56' lang='lat' dir='ltr'><strong>uotum</strong></span> <span class='ocrx_word' id='word_1_21' title='bbox 1304 598 1420 658; x_wconf 80' lang='lat' dir='ltr'><strong>tibi</strong></span> <span class='ocrx_word' id='word_1_22' title='bbox 1442 597 1548 663; x_wconf 79' lang='lat' dir='ltr'><strong>sit,</strong></span> <span class='ocrx_word' id='word_1_23' title='bbox 1580 615 1720 664; x_wconf 70' lang='lat' dir='ltr'><strong>rex,</strong></span> <span class='ocrx_word' id='word_1_24' title='bbox 1744 597 1909 677; x_wconf 80' lang='lat' dir='ltr'><strong>quod</strong></span> <span class='ocrx_word' id='word_1_25' title='bbox 1939 597 2061 658; x_wconf 75' lang='lat' dir='ltr'><strong>diis</strong></span> <span class='ocrx_word' id='word_1_26' title='bbox 2085 599 2210 681; x_wconf 66' lang='lat' dir='ltr'><strong>tuis</strong></span> <span class='ocrx_word' id='word_1_27' title='bbox 2234 615 2364 657; x_wconf 76' lang='lat' dir='ltr'><strong>non</strong></span> <span class='ocrx_word' id='word_1_28' title='bbox 2388 599 2706 681; x_wconf 60' lang='lat' dir='ltr'><strong>servimus.</strong></span> 
     </span>
    </p>
   </div>
   <div class='ocr_carea' id='block_1_4' title="bbox 273 677 3427 755">
    <p class='ocr_par' dir='ltr' id='par_1_4' title="bbox 273 677 3427 755">
     <span class='ocr_line' id='line_1_4' title="bbox 273 677 3427 755; baseline -0 -13"><span class='ocrx_word' id='word_1_29' title='bbox 273 685 366 742; x_wconf 89' lang='lat'><strong>11.</strong></span> <span class='ocrx_word' id='word_1_30' title='bbox 400 684 460 744; x_wconf 90' lang='lat' dir='ltr'><strong>Si</strong></span> <span class='ocrx_word' id='word_1_31' title='bbox 493 683 660 742; x_wconf 84' lang='lat' dir='ltr'><strong>enim</strong></span> <span class='ocrx_word' id='word_1_32' title='bbox 691 677 1003 740; x_wconf 79' lang='lat' dir='ltr'><strong>dixissent</strong></span> <span class='ocrx_word' id='word_1_33' title='bbox 1031 721 1046 748; x_wconf 94' lang='lat'><strong>,</strong></span> <span class='ocrx_word' id='word_1_34' title='bbox 1079 679 1343 755; x_wconf 87' lang='lat' dir='ltr'><strong>Pr0pter</strong></span> <span class='ocrx_word' id='word_1_35' title='bbox 1380 683 1600 737; x_wconf 91' lang='lat' dir='ltr'><strong>nostra</strong></span> <span class='ocrx_word' id='word_1_36' title='bbox 1634 683 1890 754; x_wconf 90' lang='lat' dir='ltr'><strong>peccata</strong></span> <span class='ocrx_word' id='word_1_37' title='bbox 1941 695 2072 736; x_wconf 92' lang='lat' dir='ltr'><strong>non</strong></span> <span class='ocrx_word' id='word_1_38' title='bbox 2105 678 2357 748; x_wconf 89' lang='lat' dir='ltr'><strong>liberat,</strong></span> <span class='ocrx_word' id='word_1_39' title='bbox 2413 677 2663 738; x_wconf 90' lang='lat' dir='ltr'><strong>etiamsi</strong></span> <span class='ocrx_word' id='word_1_40' title='bbox 2723 695 2848 737; x_wconf 92' lang='lat' dir='ltr'><strong>non</strong></span> <span class='ocrx_word' id='word_1_41' title='bbox 2885 679 3276 748; x_wconf 90' lang='lat' dir='ltr'><strong>liberaverit,</strong></span> <span class='ocrx_word' id='word_1_42' title='bbox 3303 680 3427 741; x_wconf 81' lang='lat' dir='ltr'><strong>illis</strong></span> 
     </span>
    </p>
   </div>
   <div class='ocr_carea' id='block_1_5' title="bbox 193 755 3431 840">
    <p class='ocr_par' dir='ltr' id='par_1_5' title="bbox 193 755 3431 840">
     <span class='ocr_line' id='line_1_5' title="bbox 193 755 3431 840; baseline -0.002 -16"><span class='ocrx_word' id='word_1_43' title='bbox 193 764 415 840; x_wconf 89' lang='lat' dir='ltr'><strong>utique</strong></span> <span class='ocrx_word' id='word_1_44' title='bbox 440 761 746 840; x_wconf 86' lang='lat' dir='ltr'><strong>creditum</strong></span> <span class='ocrx_word' id='word_1_45' title='bbox 768 758 1151 840; x_wconf 87' lang='lat' dir='ltr'><strong>nonfuisset</strong></span> <span class='ocrx_word' id='word_1_46' title='bbox 1181 777 1193 814; x_wconf 96' lang='lat'>:</span> <span class='ocrx_word' id='word_1_47' title='bbox 1239 757 1712 840; x_wconf 47' lang='lat' dir='ltr'><strong>existimassent</strong></span> <span class='ocrx_word' id='word_1_48' title='bbox 1736 756 1979 840; x_wconf 78' lang='lat' dir='ltr'><strong>quippe</strong></span> <span class='ocrx_word' id='word_1_49' title='bbox 2010 755 2186 832; x_wconf 87' lang='lat' dir='ltr'><strong>impii</strong></span> <span class='ocrx_word' id='word_1_50' title='bbox 2217 774 2347 840; x_wconf 82' lang='lat' dir='ltr'><strong>non</strong></span> <span class='ocrx_word' id='word_1_51' title='bbox 2387 756 2674 840; x_wconf 74' lang='lat' dir='ltr'><strong>potuisse</strong></span> <span class='ocrx_word' id='word_1_52' title='bbox 2721 759 2923 817; x_wconf 89' lang='lat' dir='ltr'><strong>Deum</strong></span> <span class='ocrx_word' id='word_1_53' title='bbox 2966 759 3190 836; x_wconf 88' lang='lat' dir='ltr'><strong>magis,</strong></span> <span class='ocrx_word' id='word_1_54' title='bbox 3233 777 3431 840; x_wconf 85' lang='lat' dir='ltr'><strong>quam</strong></span> 
     </span>
    </p>
   </div>
   <div class='ocr_carea' id='block_1_6' title="bbox 194 835 3433 916">
    <p class='ocr_par' dir='ltr' id='par_1_6' title="bbox 194 835 3433 916">
     <span class='ocr_line' id='line_1_6' title="bbox 194 835 3433 916; baseline -0.002 -15"><span class='ocrx_word' id='word_1_55' title='bbox 194 835 476 902; x_wconf 76' lang='lat' dir='ltr'><strong>noluisse</strong></span> <span class='ocrx_word' id='word_1_56' title='bbox 510 839 865 899; x_wconf 77' lang='lat' dir='ltr'><strong>defendere.</strong></span> <span class='ocrx_word' id='word_1_57' title='bbox 903 839 1241 916; x_wconf 87' lang='lat' dir='ltr'><strong>Propterea</strong></span> <span class='ocrx_word' id='word_1_58' title='bbox 1278 837 1380 896; x_wconf 88' lang='lat' dir='ltr'><strong>hic</strong></span> <span class='ocrx_word' id='word_1_59' title='bbox 1401 835 1658 916; x_wconf 89' lang='lat' dir='ltr'><strong>interim</strong></span> <span class='ocrx_word' id='word_1_60' title='bbox 1687 835 1852 895; x_wconf 91' lang='lat' dir='ltr'><strong>istud</strong></span> <span class='ocrx_word' id='word_1_61' title='bbox 1879 842 2110 916; x_wconf 84' lang='lat' dir='ltr'><strong>tacent,</strong></span> <span class='ocrx_word' id='word_1_62' title='bbox 2135 835 2305 916; x_wconf 89' lang='lat' dir='ltr'><strong>quod</strong></span> <span class='ocrx_word' id='word_1_63' title='bbox 2335 841 2503 916; x_wconf 82' lang='lat' dir='ltr'><strong>certe</strong></span> <span class='ocrx_word' id='word_1_64' title='bbox 2533 836 2598 894; x_wconf 91' lang='lat' dir='ltr'><strong>in</strong></span> <span class='ocrx_word' id='word_1_65' title='bbox 2629 835 2885 916; x_wconf 77' lang='lat' dir='ltr'><strong>fornace</strong></span> <span class='ocrx_word' id='word_1_66' title='bbox 2916 835 3433 916; x_wconf 64' lang='lat' dir='ltr'><strong>saepecongemi-</strong></span> 
     </span>
    </p>
   </div>
   <div class='ocr_carea' id='block_1_7' title="bbox 193 913 3432 997">
    <p class='ocr_par' dir='ltr' id='par_1_7' title="bbox 193 913 3432 997">
     <span class='ocr_line' id='line_1_7' title="bbox 193 913 3432 997; baseline -0.001 -17"><span class='ocrx_word' id='word_1_67' title='bbox 193 925 370 992; x_wconf 89' lang='lat' dir='ltr'><strong>nant,</strong></span> <span class='ocrx_word' id='word_1_68' title='bbox 404 925 662 997; x_wconf 88' lang='lat' dir='ltr'><strong>peccata</strong></span> <span class='ocrx_word' id='word_1_69' title='bbox 695 935 954 978; x_wconf 89' lang='lat' dir='ltr'><strong>sursum</strong></span> <span class='ocrx_word' id='word_1_70' title='bbox 975 913 1048 978; x_wconf 80' lang='lat' dir='ltr'><strong>ac</strong></span> <span class='ocrx_word' id='word_1_71' title='bbox 1064 915 1364 997; x_wconf 80' lang='lat' dir='ltr'><strong>deorsum</strong></span> <span class='ocrx_word' id='word_1_72' title='bbox 1393 914 1725 997; x_wconf 70' lang='lat' dir='ltr'><strong>humiliter</strong></span> <span class='ocrx_word' id='word_1_73' title='bbox 1754 914 2151 997; x_wconf 82' lang='lat' dir='ltr'><strong>conﬁtentes.</strong></span> <span class='ocrx_word' id='word_1_74' title='bbox 2182 913 2363 991; x_wconf 79' lang='lat' dir='ltr'><strong>Apud</strong></span> <span class='ocrx_word' id='word_1_75' title='bbox 2392 932 2544 975; x_wconf 88' lang='lat' dir='ltr'><strong>vero</strong></span> <span class='ocrx_word' id='word_1_76' title='bbox 2574 933 2792 992; x_wconf 81' lang='lat' dir='ltr'><strong>regem</strong></span> <span class='ocrx_word' id='word_1_77' title='bbox 2822 915 2981 974; x_wconf 85' lang='lat' dir='ltr'><strong>nihil</strong></span> <span class='ocrx_word' id='word_1_78' title='bbox 3002 916 3136 997; x_wconf 78' lang='lat' dir='ltr'><strong>tale</strong></span> <span class='ocrx_word' id='word_1_79' title='bbox 3167 913 3432 997; x_wconf 74' lang='lat' dir='ltr'><strong>prorsus</strong></span> 
     </span>
    </p>
   </div>
   <div class='ocr_carea' id='block_1_8' title="bbox 193 992 3413 1072">
    <p class='ocr_par' dir='ltr' id='par_1_8' title="bbox 193 992 3413 1072">
     <span class='ocr_line' id='line_1_8' title="bbox 193 992 3413 1072; baseline -0.002 -12"><span class='ocrx_word' id='word_1_80' title='bbox 193 992 731 1065; x_wconf 81' lang='lat' dir='ltr'><strong>commemorant,</strong></span> <span class='ocrx_word' id='word_1_81' title='bbox 765 997 874 1056; x_wconf 87' lang='lat' dir='ltr'><strong>sed</strong></span> <span class='ocrx_word' id='word_1_82' title='bbox 911 994 1082 1072; x_wconf 88' lang='lat' dir='ltr'><strong>quod</strong></span> <span class='ocrx_word' id='word_1_83' title='bbox 1124 995 1316 1054; x_wconf 89' lang='lat' dir='ltr'><strong>etiam</strong></span> <span class='ocrx_word' id='word_1_84' title='bbox 1355 995 1408 1054; x_wconf 93' lang='lat' dir='ltr'><strong>si</strong></span> <span class='ocrx_word' id='word_1_85' title='bbox 1452 993 1771 1069; x_wconf 82' lang='lat' dir='ltr'><strong>donentur</strong></span> <span class='ocrx_word' id='word_1_86' title='bbox 1813 992 2107 1053; x_wconf 87' lang='lat' dir='ltr'><strong>incendio</strong></span> <span class='ocrx_word' id='word_1_87' title='bbox 2135 1037 2149 1063; x_wconf 93' lang='lat'><strong>,</strong></span> <span class='ocrx_word' id='word_1_88' title='bbox 2183 1011 2598 1070; x_wconf 81' lang='lat' dir='ltr'><strong>nequaquam</strong></span> <span class='ocrx_word' id='word_1_89' title='bbox 2630 999 2842 1054; x_wconf 87' lang='lat' dir='ltr'><strong>tamen</strong></span> <span class='ocrx_word' id='word_1_90' title='bbox 2887 1011 2926 1054; x_wconf 91' lang='lat' dir='ltr'><strong>a</strong></span> <span class='ocrx_word' id='word_1_91' title='bbox 2952 992 3186 1071; x_wconf 82' lang='lat' dir='ltr'><strong>pietate</strong></span> <span class='ocrx_word' id='word_1_92' title='bbox 3216 996 3413 1056; x_wconf 84' lang='lat' dir='ltr'><strong>disce-</strong></span> 
     </span>
    </p>
   </div>
   <div class='ocr_carea' id='block_1_9' title="bbox 191 1071 3434 1151">
    <p class='ocr_par' dir='ltr' id='par_1_9' title="bbox 191 1071 3434 1151">
     <span class='ocr_line' id='line_1_9' title="bbox 191 1071 3434 1151; baseline -0.001 -14"><span class='ocrx_word' id='word_1_93' title='bbox 191 1079 364 1139; x_wconf 84' lang='lat' dir='ltr'><strong>dant.</strong></span> <span class='ocrx_word' id='word_1_94' title='bbox 392 1078 530 1137; x_wconf 88' lang='lat' dir='ltr'><strong>Non</strong></span> <span class='ocrx_word' id='word_1_95' title='bbox 562 1077 731 1136; x_wconf 92' lang='lat' dir='ltr'><strong>enim</strong></span> <span class='ocrx_word' id='word_1_96' title='bbox 772 1075 873 1135; x_wconf 93' lang='lat' dir='ltr'><strong>hic</strong></span> <span class='ocrx_word' id='word_1_97' title='bbox 906 1071 1023 1151; x_wconf 83' lang='lat' dir='ltr'><strong>pro</strong></span> <span class='ocrx_word' id='word_1_98' title='bbox 1051 1073 1470 1134; x_wconf 82' lang='lat' dir='ltr'><strong>retributione</strong></span> <span class='ocrx_word' id='word_1_99' title='bbox 1514 1078 1707 1149; x_wconf 89' lang='lat' dir='ltr'><strong>atque</strong></span> <span class='ocrx_word' id='word_1_100' title='bbox 1738 1071 2026 1132; x_wconf 84' lang='lat' dir='ltr'><strong>mercede</strong></span> <span class='ocrx_word' id='word_1_101' title='bbox 2049 1116 2064 1143; x_wconf 93' lang='lat'><strong>,</strong></span> <span class='ocrx_word' id='word_1_102' title='bbox 2097 1072 2205 1132; x_wconf 91' lang='lat' dir='ltr'><strong>sed</strong></span> <span class='ocrx_word' id='word_1_103' title='bbox 2238 1090 2355 1149; x_wconf 89' lang='lat' dir='ltr'><strong>pro</strong></span> <span class='ocrx_word' id='word_1_104' title='bbox 2383 1073 2519 1133; x_wconf 86' lang='lat' dir='ltr'><strong>sola</strong></span> <span class='ocrx_word' id='word_1_105' title='bbox 2561 1078 2761 1132; x_wconf 89' lang='lat' dir='ltr'><strong>totum</strong></span> <span class='ocrx_word' id='word_1_106' title='bbox 2795 1074 2905 1133; x_wconf 88' lang='lat' dir='ltr'><strong>Dei</strong></span> <span class='ocrx_word' id='word_1_107' title='bbox 2950 1076 3217 1136; x_wconf 89' lang='lat' dir='ltr'><strong>caritate</strong></span> <span class='ocrx_word' id='word_1_108' title='bbox 3247 1074 3434 1135; x_wconf 90' lang='lat' dir='ltr'><strong>facie-</strong></span> 
     </span>
    </p>
   </div>
   <div class='ocr_carea' id='block_1_10' title="bbox 193 1151 3435 1230">
    <p class='ocr_par' dir='ltr' id='par_1_10' title="bbox 193 1151 3435 1230">
     <span class='ocr_line' id='line_1_10' title="bbox 193 1151 3435 1230; baseline -0.001 -14"><span class='ocrx_word' id='word_1_109' title='bbox 193 1158 370 1216; x_wconf 86' lang='lat' dir='ltr'><strong>bant.</strong></span> <span class='ocrx_word' id='word_1_110' title='bbox 402 1157 560 1217; x_wconf 90' lang='lat' dir='ltr'><strong>Nam</strong></span> <span class='ocrx_word' id='word_1_111' title='bbox 590 1161 649 1215; x_wconf 92' lang='lat' dir='ltr'><strong>et</strong></span> <span class='ocrx_word' id='word_1_112' title='bbox 697 1154 1019 1214; x_wconf 84' lang='lat' dir='ltr'><strong>servitutis</strong></span> <span class='ocrx_word' id='word_1_113' title='bbox 1051 1154 1506 1230; x_wconf 88' lang='lat' dir='ltr'><strong>premebantur</strong></span> <span class='ocrx_word' id='word_1_114' title='bbox 1547 1151 1726 1230; x_wconf 81' lang='lat' dir='ltr'><strong>jugo,</strong></span> <span class='ocrx_word' id='word_1_115' title='bbox 1747 1158 1810 1210; x_wconf 88' lang='lat' dir='ltr'><strong>et</strong></span> <span class='ocrx_word' id='word_1_116' title='bbox 1837 1168 2156 1211; x_wconf 70' lang='lat' dir='ltr'><strong>(erumnas</strong></span> <span class='ocrx_word' id='word_1_117' title='bbox 2188 1152 2572 1227; x_wconf 81' lang='lat' dir='ltr'><strong>captivitatis</strong></span> <span class='ocrx_word' id='word_1_118' title='bbox 2611 1155 2988 1229; x_wconf 82' lang='lat' dir='ltr'><strong>gemebant,</strong></span> <span class='ocrx_word' id='word_1_119' title='bbox 3024 1157 3086 1213; x_wconf 89' lang='lat' dir='ltr'><strong>et</strong></span> <span class='ocrx_word' id='word_1_120' title='bbox 3117 1154 3296 1214; x_wconf 90' lang='lat' dir='ltr'><strong>nulla</strong></span> <span class='ocrx_word' id='word_1_121' title='bbox 3327 1173 3435 1213; x_wconf 81' lang='lat' dir='ltr'><strong>re-</strong></span> 
     </span>
    </p>
   </div>
   <div class='ocr_carea' id='block_1_11' title="bbox 194 1230 3436 1313">
    <p class='ocr_par' dir='ltr' id='par_1_11' title="bbox 194 1230 3436 1313">
     <span class='ocr_line' id='line_1_11' title="bbox 194 1230 3436 1313; baseline -0.002 -18"><span class='ocrx_word' id='word_1_122' title='bbox 194 1254 334 1295; x_wconf 88' lang='lat' dir='ltr'><strong>rum</strong></span> <span class='ocrx_word' id='word_1_123' title='bbox 365 1240 786 1313; x_wconf 83' lang='lat' dir='ltr'><strong>prosperitate</strong></span> <span class='ocrx_word' id='word_1_124' title='bbox 815 1232 1212 1313; x_wconf 78' lang='lat' dir='ltr'><strong>fruebantur.</strong></span> <span class='ocrx_word' id='word_1_125' title='bbox 1246 1231 1567 1313; x_wconf 80' lang='lat' dir='ltr'><strong>Siquidem</strong></span> <span class='ocrx_word' id='word_1_126' title='bbox 1598 1231 2002 1313; x_wconf 82' lang='lat' dir='ltr'><strong>etpatria,__et</strong></span> <span class='ocrx_word' id='word_1_127' title='bbox 2027 1230 2340 1313; x_wconf 86' lang='lat' dir='ltr'><strong>libertate,</strong></span> <span class='ocrx_word' id='word_1_128' title='bbox 2369 1237 2432 1290; x_wconf 88' lang='lat' dir='ltr'><strong>et</strong></span> <span class='ocrx_word' id='word_1_129' title='bbox 2461 1232 2759 1313; x_wconf 85' lang='lat' dir='ltr'><strong>omnibus</strong></span> <span class='ocrx_word' id='word_1_130' title='bbox 2794 1232 3028 1306; x_wconf 90' lang='lat' dir='ltr'><strong>quibus</strong></span> <span class='ocrx_word' id='word_1_131' title='bbox 3056 1238 3207 1292; x_wconf 88' lang='lat' dir='ltr'><strong>ante</strong></span> <span class='ocrx_word' id='word_1_132' title='bbox 3235 1234 3436 1313; x_wconf 80' lang='lat' dir='ltr'><strong>potie-</strong></span> 
     </span>
    </p>
   </div>
   <div class='ocr_carea' id='block_1_12' title="bbox 196 1309 3435 1388">
    <p class='ocr_par' dir='ltr' id='par_1_12' title="bbox 196 1309 3435 1388">
     <span class='ocr_line' id='line_1_12' title="bbox 196 1309 3435 1388; baseline -0 -14"><span class='ocrx_word' id='word_1_133' title='bbox 196 1309 456 1386; x_wconf 77' lang='lat' dir='ltr'><strong>bantur,</strong></span> <span class='ocrx_word' id='word_1_134' title='bbox 503 1309 892 1374; x_wconf 81' lang='lat' dir='ltr'><strong>exciderant.</strong></span> <span class='ocrx_word' id='word_1_135' title='bbox 926 1311 1064 1370; x_wconf 90' lang='lat' dir='ltr'><strong>Non</strong></span> <span class='ocrx_word' id='word_1_136' title='bbox 1091 1311 1260 1370; x_wconf 89' lang='lat' dir='ltr'><strong>enim</strong></span> <span class='ocrx_word' id='word_1_137' title='bbox 1297 1309 1449 1369; x_wconf 87' lang='lat' dir='ltr'><strong>mihi</strong></span> <span class='ocrx_word' id='word_1_138' title='bbox 1486 1310 1626 1370; x_wconf 90' lang='lat' dir='ltr'><strong>illas</strong></span> <span class='ocrx_word' id='word_1_139' title='bbox 1661 1309 1722 1368; x_wconf 91' lang='lat' dir='ltr'><strong>in</strong></span> <span class='ocrx_word' id='word_1_140' title='bbox 1752 1310 1954 1386; x_wconf 81' lang='lat' dir='ltr'><strong>regali</strong></span> <span class='ocrx_word' id='word_1_141' title='bbox 2004 1309 2156 1368; x_wconf 88' lang='lat' dir='ltr'><strong>aula</strong></span> <span class='ocrx_word' id='word_1_142' title='bbox 2185 1327 2644 1369; x_wconf 86' lang='lat' dir='ltr'><strong>commemores</strong></span> <span class='ocrx_word' id='word_1_143' title='bbox 2681 1310 3062 1388; x_wconf 85' lang='lat' dir='ltr'><strong>dignitates:</strong></span> <span class='ocrx_word' id='word_1_144' title='bbox 3101 1309 3304 1372; x_wconf 88' lang='lat' dir='ltr'><strong>sancti</strong></span> <span class='ocrx_word' id='word_1_145' title='bbox 3341 1312 3435 1373; x_wconf 87' lang='lat' dir='ltr'><strong>illi</strong></span> 
     </span>
    </p>
   </div>
   <div class='ocr_carea' id='block_1_13' title="bbox 200 1388 3438 1470">
    <p class='ocr_par' dir='ltr' id='par_1_13' title="bbox 200 1388 3438 1470">
     <span class='ocr_line' id='line_1_13' title="bbox 200 1388 3438 1470; baseline -0.001 -18"><span class='ocrx_word' id='word_1_146' title='bbox 200 1391 434 1470; x_wconf 86' lang='lat' dir='ltr'><strong>quippe</strong></span> <span class='ocrx_word' id='word_1_147' title='bbox 463 1411 606 1454; x_wconf 91' lang='lat' dir='ltr'><strong>cum</strong></span> <span class='ocrx_word' id='word_1_148' title='bbox 638 1397 850 1452; x_wconf 88' lang='lat' dir='ltr'><strong>essent</strong></span> <span class='ocrx_word' id='word_1_149' title='bbox 879 1397 1072 1466; x_wconf 88' lang='lat' dir='ltr'><strong>atque</strong></span> <span class='ocrx_word' id='word_1_150' title='bbox 1094 1388 1272 1466; x_wconf 86' lang='lat' dir='ltr'><strong>justi,</strong></span> <span class='ocrx_word' id='word_1_151' title='bbox 1327 1389 1553 1448; x_wconf 86' lang='lat' dir='ltr'><strong>millies</strong></span> <span class='ocrx_word' id='word_1_152' title='bbox 1607 1389 1671 1447; x_wconf 92' lang='lat' dir='ltr'><strong>in</strong></span> <span class='ocrx_word' id='word_1_153' title='bbox 1705 1390 1967 1466; x_wconf 79' lang='lat' dir='ltr'><strong>regione</strong></span> <span class='ocrx_word' id='word_1_154' title='bbox 1999 1389 2260 1465; x_wconf 87' lang='lat' dir='ltr'><strong>propria</strong></span> <span class='ocrx_word' id='word_1_155' title='bbox 2304 1391 2529 1464; x_wconf 84' lang='lat' dir='ltr'><strong>stipem</strong></span> <span class='ocrx_word' id='word_1_156' title='bbox 2578 1394 2790 1470; x_wconf 79' lang='lat' dir='ltr'><strong>petere</strong></span> <span class='ocrx_word' id='word_1_157' title='bbox 2826 1390 3225 1454; x_wconf 84' lang='lat' dir='ltr'><strong>maluissent.</strong></span> <span class='ocrx_word' id='word_1_158' title='bbox 3248 1390 3438 1449; x_wconf 78' lang='lat' dir='ltr'><strong>modo</strong></span> 
     </span>
    </p>
   </div>
   <div class='ocr_carea' id='block_1_14' title="bbox 206 1469 3462 1554">
    <p class='ocr_par' dir='ltr' id='par_1_14' title="bbox 206 1469 3462 1554">
     <span class='ocr_line' id='line_1_14' title="bbox 206 1469 3462 1554; baseline 0 -17"><span class='ocrx_word' id='word_1_159' title='bbox 206 1486 275 1537; x_wconf 87' lang='lat' dir='ltr'><strong>ut</strong></span> <span class='ocrx_word' id='word_1_160' title='bbox 303 1469 659 1536; x_wconf 87' lang='lat' dir='ltr'><strong>consecrati</strong></span> <span class='ocrx_word' id='word_1_161' title='bbox 706 1476 839 1554; x_wconf 82' lang='lat' dir='ltr'><strong>Deo</strong></span> <span class='ocrx_word' id='word_1_162' title='bbox 887 1473 1128 1554; x_wconf 80' lang='lat' dir='ltr'><strong>templi</strong></span> <span class='ocrx_word' id='word_1_163' title='bbox 1150 1473 1553 1554; x_wconf 88' lang='lat' dir='ltr'><strong>jucunditate</strong></span> <span class='ocrx_word' id='word_1_164' title='bbox 1613 1479 1985 1554; x_wconf 83' lang='lat' dir='ltr'><strong>gauderent.</strong></span> <span class='ocrx_word' id='word_1_165' title='bbox 2033 1470 2540 1554; x_wconf 60' lang='lat' dir='ltr'><strong>Elegi,_inquit_,_</strong></span> <span class='ocrx_word' id='word_1_166' title='bbox 2565 1469 2984 1554; x_wconf 69' lang='lat' dir='ltr'><strong>objectusesse</strong></span> <span class='ocrx_word' id='word_1_167' title='bbox 3023 1472 3092 1531; x_wconf 78' lang='lat' dir='ltr'><strong>in</strong></span> <span class='ocrx_word' id='word_1_168' title='bbox 3132 1475 3314 1535; x_wconf 83' lang='lat' dir='ltr'><strong>domo</strong></span> <span class='ocrx_word' id='word_1_169' title='bbox 3348 1479 3462 1538; x_wconf 69' lang='lat' dir='ltr'><strong>De:</strong></span> 
     </span>
    </p>
   </div>
   <div class='ocr_carea' id='block_1_15' title="bbox 203 1549 3464 1645">
    <p class='ocr_par' dir='ltr' id='par_1_15' title="bbox 203 1549 3464 1645">
     <span class='ocr_line' id='line_1_15' title="bbox 203 1549 3464 1645; baseline 0 -29"><span class='ocrx_word' id='word_1_170' title='bbox 203 1554 566 1645; x_wconf 6' lang='lat' dir='ltr'><strong>meneniugis</strong></span> <span class='ocrx_word' id='word_1_171' title='bbox 595 1572 775 1645; x_wconf 78' lang='lat' dir='ltr'><strong>quam</strong></span> <span class='ocrx_word' id='word_1_172' title='bbox 800 1549 1078 1645; x_wconf 59' lang='lat' dir='ltr'><strong>habitei&#39;e</strong></span> <span class='ocrx_word' id='word_1_173' title='bbox 1200 1549 2050 1645; x_wconf 46' lang='lat' dir='ltr'><strong>tot)echtilisv_peceator-uvn</strong></span> <span class='ocrx_word' id='word_1_174' title='bbox 2092 1551 2301 1643; x_wconf 68' lang='lat' dir='ltr'><strong>(Psal.</strong></span> <span class='ocrx_word' id='word_1_175' title='bbox 2321 1549 2445 1645; x_wconf 42' lang='lat'><strong>‘83..</strong></span> <span class='ocrx_word' id='word_1_176' title='bbox 2478 1550 2546 1607; x_wconf 88' lang='lat'><strong>11</strong></span> <span class='ocrx_word' id='word_1_177' title='bbox 2581 1549 2638 1645; x_wconf 58' lang='grc' dir='ltr'><strong>λε</strong></span> <span class='ocrx_word' id='word_1_178' title='bbox 2681 1555 2768 1645; x_wconf 38' lang='lat' dir='ltr'><strong>et,-</strong></span> <span class='ocrx_word' id='word_1_179' title='bbox 2794 1549 3030 1645; x_wconf 60' lang='lat' dir='ltr'><strong>Melior</strong></span> <span class='ocrx_word' id='word_1_180' title='bbox 3058 1561 3144 1645; x_wconf 71' lang='lat' dir='ltr'><strong>est</strong></span> <span class='ocrx_word' id='word_1_181' title='bbox 3174 1554 3464 1645; x_wconf 61' lang='lat' dir='ltr'><strong>diesima</strong></span> 
     </span>
    </p>
   </div>
   <div class='ocr_carea' id='block_1_16' title="bbox 204 1628 3460 1714">
    <p class='ocr_par' dir='ltr' id='par_1_16' title="bbox 204 1628 3460 1714">
     <span class='ocr_line' id='line_1_16' title="bbox 204 1628 3460 1714; baseline 0 -17"><span class='ocrx_word' id='word_1_182' title='bbox 204 1637 271 1698; x_wconf 74' lang='lat' dir='ltr'><strong>in</strong></span> <span class='ocrx_word' id='word_1_183' title='bbox 298 1628 493 1695; x_wconf 68' lang='lat' dir='ltr'><strong>atriis</strong></span> <span class='ocrx_word' id='word_1_184' title='bbox 521 1628 644 1694; x_wconf 69' lang='lat' dir='ltr'><strong>tuis</strong></span> <span class='ocrx_word' id='word_1_185' title='bbox 673 1650 857 1714; x_wconf 79' lang='lat' dir='ltr'><strong>super</strong></span> <span class='ocrx_word' id='word_1_186' title='bbox 901 1631 1103 1714; x_wconf 63' lang='lat' dir='ltr'><strong>millia</strong></span> <span class='ocrx_word' id='word_1_187' title='bbox 1136 1633 1154 1713; x_wconf 96' lang='lat'>(</span> <span class='ocrx_word' id='word_1_188' title='bbox 1186 1632 1490 1714; x_wconf 84' lang='lat' dir='ltr'><strong>Ibidem).</strong></span> <span class='ocrx_word' id='word_1_189' title='bbox 1526 1628 1727 1695; x_wconf 87' lang='lat' dir='ltr'><strong>Multo</strong></span> <span class='ocrx_word' id='word_1_190' title='bbox 1765 1635 1962 1713; x_wconf 84' lang='lat' dir='ltr'><strong>igitur</strong></span> <span class='ocrx_word' id='word_1_191' title='bbox 2022 1628 2224 1710; x_wconf 85' lang='lat' dir='ltr'><strong>magis</strong></span> <span class='ocrx_word' id='word_1_192' title='bbox 2281 1628 2623 1714; x_wconf 73' lang='lat' dir='ltr'><strong>eicgissent</strong></span> <span class='ocrx_word' id='word_1_193' title='bbox 2667 1628 2895 1714; x_wconf 85' lang='lat' dir='ltr'><strong>abjecti</strong></span> <span class='ocrx_word' id='word_1_194' title='bbox 2930 1647 3070 1692; x_wconf 90' lang='lat' dir='ltr'><strong>esse</strong></span> <span class='ocrx_word' id='word_1_195' title='bbox 3107 1634 3169 1692; x_wconf 93' lang='lat' dir='ltr'><strong>in</strong></span> <span class='ocrx_word' id='word_1_196' title='bbox 3202 1635 3460 1700; x_wconf 80' lang='lat' dir='ltr'><strong>civitate</strong></span> 
     </span>
    </p>
   </div>
   <div class='ocr_carea' id='block_1_17' title="bbox 122 1708 3460 1792">
    <p class='ocr_par' dir='ltr' id='par_1_17' title="bbox 122 1708 3460 1792">
     <span class='ocr_line' id='line_1_17' title="bbox 122 1708 3460 1792; baseline -0.002 -16"><span class='ocrx_word' id='word_1_197' title='bbox 122 1758 135 1766; x_wconf 61' lang='grc' dir='ltr'><strong>ε</strong></span> <span class='ocrx_word' id='word_1_198' title='bbox 202 1715 338 1785; x_wconf 86' lang='lat' dir='ltr'><strong>Dei,</strong></span> <span class='ocrx_word' id='word_1_199' title='bbox 385 1731 581 1790; x_wconf 92' lang='lat' dir='ltr'><strong>quam</strong></span> <span class='ocrx_word' id='word_1_200' title='bbox 616 1714 682 1772; x_wconf 92' lang='lat' dir='ltr'><strong>in</strong></span> <span class='ocrx_word' id='word_1_201' title='bbox 725 1708 1079 1792; x_wconf 81' lang='lat' dir='ltr'><strong>Babylonia</strong></span> <span class='ocrx_word' id='word_1_202' title='bbox 1129 1708 1402 1790; x_wconf 80' lang='lat' dir='ltr'><strong>regnare</strong></span> <span class='ocrx_word' id='word_1_203' title='bbox 1423 1708 1455 1782; x_wconf 62' lang='lat'><strong>;&#39;</strong></span> <span class='ocrx_word' id='word_1_204' title='bbox 1487 1714 1680 1791; x_wconf 88' lang='lat' dir='ltr'><strong>idque</strong></span> <span class='ocrx_word' id='word_1_205' title='bbox 1713 1708 2034 1792; x_wconf 67' lang='lat' dir='ltr'><strong>praecipue</strong></span> <span class='ocrx_word' id='word_1_206' title='bbox 2064 1708 2154 1772; x_wconf 58' lang='lat' dir='ltr'><strong>ei</strong></span> <span class='ocrx_word' id='word_1_207' title='bbox 2182 1709 2442 1792; x_wconf 82' lang='lat' dir='ltr'><strong>vocibus</strong></span> <span class='ocrx_word' id='word_1_208' title='bbox 2476 1708 3254 1792; x_wconf 34' lang='lat' dir='ltr'><strong>itlisapprohaturtquas</strong></span> <span class='ocrx_word' id='word_1_209' title='bbox 3292 1717 3460 1778; x_wconf 66' lang='lat' dir='ltr'><strong>inter</strong></span> 
     </span>
    </p>
   </div>
   <div class='ocr_carea' id='block_1_18' title="bbox 205 1788 3461 1869">
    <p class='ocr_par' dir='ltr' id='par_1_18' title="bbox 205 1788 3461 1869">
     <span class='ocr_line' id='line_1_18' title="bbox 205 1788 3461 1869; baseline 0.002 -17"><span class='ocrx_word' id='word_1_210' title='bbox 205 1788 486 1855; x_wconf 80' lang='lat' dir='ltr'><strong>flammas</strong></span> <span class='ocrx_word' id='word_1_211' title='bbox 523 1788 890 1869; x_wconf 83' lang='lat' dir='ltr'><strong>frequenter</strong></span> <span class='ocrx_word' id='word_1_212' title='bbox 939 1788 1272 1863; x_wconf 75' lang='lat' dir='ltr'><strong>emittunt,</strong></span> <span class='ocrx_word' id='word_1_213' title='bbox 1307 1788 1930 1854; x_wconf 46' lang='lat' dir='ltr'><strong>habitatione—illius</strong></span> <span class='ocrx_word' id='word_1_214' title='bbox 1951 1790 2232 1868; x_wconf 89' lang='lat' dir='ltr'><strong>regionis</strong></span> <span class='ocrx_word' id='word_1_215' title='bbox 2265 1788 2536 1867; x_wconf 85' lang='lat' dir='ltr'><strong>gravati.</strong></span> <span class='ocrx_word' id='word_1_216' title='bbox 2586 1788 2716 1846; x_wconf 80' lang='lat' dir='ltr'><strong>Etsi</strong></span> <span class='ocrx_word' id='word_1_217' title='bbox 2759 1789 2927 1847; x_wconf 90' lang='lat' dir='ltr'><strong>enim</strong></span> <span class='ocrx_word' id='word_1_218' title='bbox 2961 1789 3081 1866; x_wconf 88' lang='lat' dir='ltr'><strong>ipsi</strong></span> <span class='ocrx_word' id='word_1_219' title='bbox 3113 1788 3262 1854; x_wconf 83' lang='lat' dir='ltr'><strong>ante</strong></span> <span class='ocrx_word' id='word_1_220' title='bbox 3294 1796 3461 1860; x_wconf 90' lang='lat' dir='ltr'><strong>hanc</strong></span> 
     </span>
    </p>
   </div>
   <div class='ocr_carea' id='block_1_19' title="bbox 204 1871 3458 1950">
    <p class='ocr_par' dir='ltr' id='par_1_19' title="bbox 204 1871 3458 1950">
     <span class='ocr_line' id='line_1_19' title="bbox 204 1871 3458 1950; baseline -0.001 -18"><span class='ocrx_word' id='word_1_221' title='bbox 204 1872 573 1934; x_wconf 89' lang='lat' dir='ltr'><strong>tentationis</strong></span> <span class='ocrx_word' id='word_1_222' title='bbox 600 1871 949 1950; x_wconf 84' lang='lat' dir='ltr'><strong>procellam</strong></span> <span class='ocrx_word' id='word_1_223' title='bbox 979 1871 1257 1948; x_wconf 90' lang='lat' dir='ltr'><strong>plurimo</strong></span> <span class='ocrx_word' id='word_1_224' title='bbox 1301 1872 1471 1948; x_wconf 90' lang='lat' dir='ltr'><strong>apud</strong></span> <span class='ocrx_word' id='word_1_225' title='bbox 1512 1874 1654 1932; x_wconf 89' lang='lat' dir='ltr'><strong>illos</strong></span> <span class='ocrx_word' id='word_1_226' title='bbox 1682 1873 1927 1933; x_wconf 91' lang='lat' dir='ltr'><strong>honore</strong></span> <span class='ocrx_word' id='word_1_227' title='bbox 1971 1872 2362 1950; x_wconf 86' lang='lat' dir='ltr'><strong>fruerentur,</strong></span> <span class='ocrx_word' id='word_1_228' title='bbox 2396 1873 2728 1950; x_wconf 79' lang='lat' dir='ltr'><strong>cernentes</strong></span> <span class='ocrx_word' id='word_1_229' title='bbox 2762 1875 2972 1950; x_wconf 83' lang='lat' dir='ltr'><strong>tamen</strong></span> <span class='ocrx_word' id='word_1_230' title='bbox 3002 1874 3184 1950; x_wconf 87' lang='lat' dir='ltr'><strong>varia</strong></span> <span class='ocrx_word' id='word_1_231' title='bbox 3223 1874 3458 1936; x_wconf 83' lang='lat' dir='ltr'><strong>civium</strong></span> 
     </span>
    </p>
   </div>
   <div class='ocr_carea' id='block_1_20' title="bbox 203 1946 3462 2031">
    <p class='ocr_par' dir='ltr' id='par_1_20' title="bbox 203 1946 3462 2031">
     <span class='ocr_line' id='line_1_20' title="bbox 203 1946 3462 2031; baseline 0.001 -19"><span class='ocrx_word' id='word_1_232' title='bbox 203 1969 466 2013; x_wconf 89' lang='lat' dir='ltr'><strong>suorum</strong></span> <span class='ocrx_word' id='word_1_233' title='bbox 494 1956 557 2012; x_wconf 86' lang='lat' dir='ltr'><strong>et</strong></span> <span class='ocrx_word' id='word_1_234' title='bbox 603 1946 841 2028; x_wconf 77' lang='lat' dir='ltr'><strong>magna</strong></span> <span class='ocrx_word' id='word_1_235' title='bbox 889 1946 1294 2022; x_wconf 39' lang='lat' dir='ltr'><strong>dis—crimina,</strong></span> <span class='ocrx_word' id='word_1_236' title='bbox 1333 1946 1685 2011; x_wconf 73' lang='lat' dir='ltr'><strong>vehementi</strong></span> <span class='ocrx_word' id='word_1_237' title='bbox 1735 1953 2039 2011; x_wconf 88' lang='lat' dir='ltr'><strong>nimirum</strong></span> <span class='ocrx_word' id='word_1_238' title='bbox 2068 1949 2526 2031; x_wconf 85' lang='lat' dir='ltr'><strong>mordebantur</strong></span> <span class='ocrx_word' id='word_1_239' title='bbox 2559 1946 2799 2031; x_wconf 84' lang='lat' dir='ltr'><strong>dolore.</strong></span> <span class='ocrx_word' id='word_1_240' title='bbox 2838 1948 3018 2021; x_wconf 88' lang='lat' dir='ltr'><strong>Quod</strong></span> <span class='ocrx_word' id='word_1_241' title='bbox 3045 1953 3267 2029; x_wconf 90' lang='lat' dir='ltr'><strong>utique</strong></span> <span class='ocrx_word' id='word_1_242' title='bbox 3305 1974 3462 2031; x_wconf 90' lang='lat' dir='ltr'><strong>pro-</strong></span> 
     </span>
    </p>
   </div>
   <div class='ocr_carea' id='block_1_21' title="bbox 203 2027 3454 2109">
    <p class='ocr_par' dir='ltr' id='par_1_21' title="bbox 203 2027 3454 2109">
     <span class='ocr_line' id='line_1_21' title="bbox 203 2027 3454 2109; baseline 0.001 -19"><span class='ocrx_word' id='word_1_243' title='bbox 203 2033 413 2109; x_wconf 89' lang='lat' dir='ltr'><strong>prium</strong></span> <span class='ocrx_word' id='word_1_244' title='bbox 443 2031 603 2090; x_wconf 88' lang='lat' dir='ltr'><strong>solet</strong></span> <span class='ocrx_word' id='word_1_245' title='bbox 636 2027 778 2090; x_wconf 76' lang='lat' dir='ltr'><strong>esse</strong></span> <span class='ocrx_word' id='word_1_246' title='bbox 815 2036 1209 2109; x_wconf 88' lang='lat' dir='ltr'><strong>sanctorum,</strong></span> <span class='ocrx_word' id='word_1_247' title='bbox 1263 2047 1391 2089; x_wconf 91' lang='lat' dir='ltr'><strong>non</strong></span> <span class='ocrx_word' id='word_1_248' title='bbox 1440 2031 1682 2092; x_wconf 87' lang='lat' dir='ltr'><strong>scilicet</strong></span> <span class='ocrx_word' id='word_1_249' title='bbox 1711 2031 1982 2109; x_wconf 82' lang='lat' dir='ltr'><strong>gloriam</strong></span> <span class='ocrx_word' id='word_1_250' title='bbox 2024 2028 2377 2109; x_wconf 86' lang='lat' dir='ltr'><strong>propriam,</strong></span> <span class='ocrx_word' id='word_1_251' title='bbox 2413 2044 2540 2085; x_wconf 87' lang='lat' dir='ltr'><strong>non</strong></span> <span class='ocrx_word' id='word_1_252' title='bbox 2577 2027 2910 2109; x_wconf 75' lang='lat' dir='ltr'><strong>honorem,</strong></span> <span class='ocrx_word' id='word_1_253' title='bbox 2945 2047 3070 2089; x_wconf 91' lang='lat' dir='ltr'><strong>non</strong></span> <span class='ocrx_word' id='word_1_254' title='bbox 3103 2027 3454 2109; x_wconf 78' lang='lat' dir='ltr'><strong>quidquam</strong></span> 
     </span>
    </p>
   </div>
   <div class='ocr_carea' id='block_1_22' title="bbox 203 2106 3460 2186">
    <p class='ocr_par' dir='ltr' id='par_1_22' title="bbox 203 2106 3460 2186">
     <span class='ocr_line' id='line_1_22' title="bbox 203 2106 3460 2186; baseline 0.001 -15"><span class='ocrx_word' id='word_1_255' title='bbox 203 2106 375 2172; x_wconf 78' lang='lat' dir='ltr'><strong>aliud</strong></span> <span class='ocrx_word' id='word_1_256' title='bbox 403 2110 669 2169; x_wconf 89' lang='lat' dir='ltr'><strong>omnino</strong></span> <span class='ocrx_word' id='word_1_257' title='bbox 700 2108 1018 2170; x_wconf 88' lang='lat' dir='ltr'><strong>anteferre</strong></span> <span class='ocrx_word' id='word_1_258' title='bbox 1049 2111 1498 2186; x_wconf 78' lang='lat' dir='ltr'><strong>proximorum</strong></span> <span class='ocrx_word' id='word_1_259' title='bbox 1529 2106 1747 2171; x_wconf 71' lang='lat' dir='ltr'><strong>saluti.</strong></span> <span class='ocrx_word' id='word_1_260' title='bbox 1780 2106 2131 2170; x_wconf 86' lang='lat' dir='ltr'><strong>Considera</strong></span> <span class='ocrx_word' id='word_1_261' title='bbox 2164 2108 2357 2185; x_wconf 82' lang='lat' dir='ltr'><strong>igitur</strong></span> <span class='ocrx_word' id='word_1_262' title='bbox 2387 2123 2581 2182; x_wconf 88' lang='lat' dir='ltr'><strong>quam</strong></span> <span class='ocrx_word' id='word_1_263' title='bbox 2615 2106 2906 2167; x_wconf 90' lang='lat' dir='ltr'><strong>diversus</strong></span> <span class='ocrx_word' id='word_1_264' title='bbox 2950 2111 3030 2168; x_wconf 89' lang='lat' dir='ltr'><strong>ab</strong></span> <span class='ocrx_word' id='word_1_265' title='bbox 3062 2106 3188 2170; x_wconf 86' lang='lat' dir='ltr'><strong>illis</strong></span> <span class='ocrx_word' id='word_1_266' title='bbox 3221 2106 3300 2172; x_wconf 79' lang='lat' dir='ltr'><strong>sit</strong></span> <span class='ocrx_word' id='word_1_267' title='bbox 3329 2133 3460 2173; x_wconf 75' lang='lat' dir='ltr'><strong>no—</strong></span> 
     </span>
    </p>
   </div>
   <div class='ocr_carea' id='block_1_23' title="bbox 203 2186 3454 2272">
    <p class='ocr_par' dir='ltr' id='par_1_23' title="bbox 203 2186 3454 2272">
     <span class='ocr_line' id='line_1_23' title="bbox 203 2186 3454 2272; baseline -0.003 -21"><span class='ocrx_word' id='word_1_268' title='bbox 203 2198 331 2272; x_wconf 83' lang='lat' dir='ltr'><strong>ster</strong></span> <span class='ocrx_word' id='word_1_269' title='bbox 355 2188 644 2250; x_wconf 72' lang='lat' dir='ltr'><strong>allectus.</strong></span> <span class='ocrx_word' id='word_1_270' title='bbox 673 2189 773 2248; x_wconf 82' lang='lat' dir='ltr'><strong>Illi</strong></span> <span class='ocrx_word' id='word_1_271' title='bbox 805 2189 975 2272; x_wconf 83' lang='lat' dir='ltr'><strong>enim</strong></span> <span class='ocrx_word' id='word_1_272' title='bbox 1008 2189 1070 2247; x_wconf 94' lang='lat' dir='ltr'><strong>in</strong></span> <span class='ocrx_word' id='word_1_273' title='bbox 1116 2189 1338 2272; x_wconf 87' lang='lat' dir='ltr'><strong>mediis</strong></span> <span class='ocrx_word' id='word_1_274' title='bbox 1384 2207 1644 2272; x_wconf 83' lang='lat' dir='ltr'><strong>quoque</strong></span> <span class='ocrx_word' id='word_1_275' title='bbox 1673 2190 1930 2272; x_wconf 85' lang='lat' dir='ltr'><strong>ignibus</strong></span> <span class='ocrx_word' id='word_1_276' title='bbox 1968 2187 2297 2272; x_wconf 81' lang='lat' dir='ltr'><strong>constituti</strong></span> <span class='ocrx_word' id='word_1_277' title='bbox 2329 2230 2344 2257; x_wconf 91' lang='lat'><strong>,</strong></span> <span class='ocrx_word' id='word_1_278' title='bbox 2379 2203 2495 2262; x_wconf 89' lang='lat' dir='ltr'><strong>pro</strong></span> <span class='ocrx_word' id='word_1_279' title='bbox 2538 2186 2845 2272; x_wconf 86' lang='lat' dir='ltr'><strong>universo</strong></span> <span class='ocrx_word' id='word_1_280' title='bbox 2881 2190 3120 2272; x_wconf 69' lang='lat' dir='ltr'><strong>pupillo</strong></span> <span class='ocrx_word' id='word_1_281' title='bbox 3153 2191 3265 2272; x_wconf 85' lang='lat' dir='ltr'><strong>Dei</strong></span> <span class='ocrx_word' id='word_1_282' title='bbox 3301 2212 3454 2272; x_wconf 70' lang='grc' dir='ltr'><strong>ευρ-</strong></span> 
     </span>
    </p>
   </div>
   <div class='ocr_carea' id='block_1_24' title="bbox 203 2267 3457 2348">
    <p class='ocr_par' dir='ltr' id='par_1_24' title="bbox 203 2267 3457 2348">
     <span class='ocr_line' id='line_1_24' title="bbox 203 2267 3457 2348; baseline 0.001 -19"><span class='ocrx_word' id='word_1_283' title='bbox 203 2270 475 2348; x_wconf 73' lang='lat' dir='ltr'><strong>plicant;</strong></span> <span class='ocrx_word' id='word_1_284' title='bbox 507 2285 624 2328; x_wconf 90' lang='lat' dir='ltr'><strong>nos</strong></span> <span class='ocrx_word' id='word_1_285' title='bbox 649 2285 802 2328; x_wconf 86' lang='lat' dir='ltr'><strong>vero</strong></span> <span class='ocrx_word' id='word_1_286' title='bbox 828 2287 906 2328; x_wconf 90' lang='lat' dir='ltr'><strong>ne</strong></span> <span class='ocrx_word' id='word_1_287' title='bbox 933 2268 996 2326; x_wconf 91' lang='lat' dir='ltr'><strong>in</strong></span> <span class='ocrx_word' id='word_1_288' title='bbox 1025 2270 1369 2328; x_wconf 89' lang='lat' dir='ltr'><strong>securitate</strong></span> <span class='ocrx_word' id='word_1_289' title='bbox 1396 2269 1653 2344; x_wconf 86' lang='lat' dir='ltr'><strong>quidem</strong></span> <span class='ocrx_word' id='word_1_290' title='bbox 1683 2267 1965 2330; x_wconf 76' lang='lat' dir='ltr'><strong>maxima</strong></span> <span class='ocrx_word' id='word_1_291' title='bbox 1991 2267 2395 2328; x_wconf 88' lang='lat' dir='ltr'><strong>meminimus</strong></span> <span class='ocrx_word' id='word_1_292' title='bbox 2422 2267 2886 2348; x_wconf 77' lang='lat' dir='ltr'><strong>proximorum.</strong></span> <span class='ocrx_word' id='word_1_293' title='bbox 2912 2268 3028 2348; x_wconf 86' lang='lat' dir='ltr'><strong>Sed</strong></span> <span class='ocrx_word' id='word_1_294' title='bbox 3055 2275 3113 2330; x_wconf 88' lang='lat' dir='ltr'><strong>et</strong></span> <span class='ocrx_word' id='word_1_295' title='bbox 3136 2271 3213 2329; x_wconf 83' lang='lat' dir='ltr'><strong>ad</strong></span> <span class='ocrx_word' id='word_1_296' title='bbox 3245 2267 3457 2333; x_wconf 73' lang='lat' dir='ltr'><strong>inter-</strong></span> 
     </span>
    </p>
   </div>
   <div class='ocr_carea' id='block_1_25' title="bbox 203 2345 3454 2427">
    <p class='ocr_par' dir='ltr' id='par_1_25' title="bbox 203 2345 3454 2427">
     <span class='ocr_line' id='line_1_25' title="bbox 203 2345 3454 2427; baseline 0.002 -19"><span class='ocrx_word' id='word_1_297' title='bbox 203 2345 584 2427; x_wconf 78' lang='lat' dir='ltr'><strong>pretandum</strong></span> <span class='ocrx_word' id='word_1_298' title='bbox 607 2348 775 2426; x_wconf 89' lang='lat' dir='ltr'><strong>regis</strong></span> <span class='ocrx_word' id='word_1_299' title='bbox 809 2347 1127 2407; x_wconf 89' lang='lat' dir='ltr'><strong>somnium</strong></span> <span class='ocrx_word' id='word_1_300' title='bbox 1161 2348 1453 2424; x_wconf 87' lang='lat' dir='ltr'><strong>requisiti</strong></span> <span class='ocrx_word' id='word_1_301' title='bbox 1487 2365 1614 2408; x_wconf 90' lang='lat' dir='ltr'><strong>non</strong></span> <span class='ocrx_word' id='word_1_302' title='bbox 1651 2349 1911 2426; x_wconf 91' lang='lat' dir='ltr'><strong>propria</strong></span> <span class='ocrx_word' id='word_1_303' title='bbox 1940 2349 2162 2424; x_wconf 87' lang='lat' dir='ltr'><strong>aliqua</strong></span> <span class='ocrx_word' id='word_1_304' title='bbox 2207 2345 2536 2406; x_wconf 89' lang='lat' dir='ltr'><strong>commoda</strong></span> <span class='ocrx_word' id='word_1_305' title='bbox 2569 2346 2894 2427; x_wconf 84' lang='lat' dir='ltr'><strong>proposita</strong></span> <span class='ocrx_word' id='word_1_306' title='bbox 2946 2347 3267 2410; x_wconf 85' lang='lat' dir='ltr'><strong>habebant</strong></span> <span class='ocrx_word' id='word_1_307' title='bbox 3297 2397 3312 2424; x_wconf 95' lang='lat'><strong>,</strong></span> <span class='ocrx_word' id='word_1_308' title='bbox 3346 2354 3454 2413; x_wconf 91' lang='lat' dir='ltr'><strong>scd</strong></span> 
     </span>
    </p>
   </div>
   <div class='ocr_carea' id='block_1_26' title="bbox 202 2425 3452 2506">
    <p class='ocr_par' dir='ltr' id='par_1_26' title="bbox 202 2425 3452 2506">
     <span class='ocr_line' id='line_1_26' title="bbox 202 2425 3452 2506; baseline 0.002 -18"><span class='ocrx_word' id='word_1_309' title='bbox 202 2425 371 2506; x_wconf 78' lang='lat' dir='ltr'><strong>quod</strong></span> <span class='ocrx_word' id='word_1_310' title='bbox 400 2427 478 2490; x_wconf 90' lang='lat' dir='ltr'><strong>ad</strong></span> <span class='ocrx_word' id='word_1_311' title='bbox 509 2425 886 2487; x_wconf 85' lang='lat' dir='ltr'><strong>cunctorum</strong></span> <span class='ocrx_word' id='word_1_312' title='bbox 917 2427 1254 2487; x_wconf 89' lang='lat' dir='ltr'><strong>utilitatem</strong></span> <span class='ocrx_word' id='word_1_313' title='bbox 1293 2427 1529 2487; x_wconf 92' lang='lat' dir='ltr'><strong>civium</strong></span> <span class='ocrx_word' id='word_1_314' title='bbox 1562 2425 1912 2505; x_wconf 83' lang='lat' dir='ltr'><strong>pertineret</strong></span> <span class='ocrx_word' id='word_1_315' title='bbox 1942 2447 1955 2485; x_wconf 92' lang='lat'>:</span> <span class='ocrx_word' id='word_1_316' title='bbox 1995 2434 2264 2488; x_wconf 89' lang='lat' dir='ltr'><strong>mortem</strong></span> <span class='ocrx_word' id='word_1_317' title='bbox 2312 2441 2468 2485; x_wconf 82' lang='lat' dir='ltr'><strong>vero</strong></span> <span class='ocrx_word' id='word_1_318' title='bbox 2499 2443 2692 2506; x_wconf 84' lang='lat' dir='ltr'><strong>quam</strong></span> <span class='ocrx_word' id='word_1_319' title='bbox 2734 2425 2916 2487; x_wconf 85' lang='lat' dir='ltr'><strong>facile</strong></span> <span class='ocrx_word' id='word_1_320' title='bbox 2947 2434 3452 2502; x_wconf 84' lang='lat' dir='ltr'><strong>contemnerent,</strong></span> 
     </span>
    </p>
   </div>
   <div class='ocr_carea' id='block_1_27' title="bbox 203 2505 3458 2586">
    <p class='ocr_par' dir='ltr' id='par_1_27' title="bbox 203 2505 3458 2586">
     <span class='ocr_line' id='line_1_27' title="bbox 203 2505 3458 2586; baseline 0.001 -18"><span class='ocrx_word' id='word_1_321' title='bbox 203 2505 538 2568; x_wconf 82' lang='lat' dir='ltr'><strong>clarissimi</strong></span> <span class='ocrx_word' id='word_1_322' title='bbox 573 2507 996 2582; x_wconf 84' lang='lat' dir='ltr'><strong>experimenti</strong></span> <span class='ocrx_word' id='word_1_323' title='bbox 1025 2506 1403 2584; x_wconf 84' lang='lat' dir='ltr'><strong>probatione</strong></span> <span class='ocrx_word' id='word_1_324' title='bbox 1444 2508 1824 2570; x_wconf 90' lang='lat' dir='ltr'><strong>docuerunt.</strong></span> <span class='ocrx_word' id='word_1_325' title='bbox 1862 2507 2108 2583; x_wconf 84' lang='lat' dir='ltr'><strong>Ubique</strong></span> <span class='ocrx_word' id='word_1_326' title='bbox 2151 2511 2473 2586; x_wconf 14' lang='lat' dir='ltr'><strong>autetm‘se</strong></span> <span class='ocrx_word' id='word_1_327' title='bbox 2526 2505 2623 2582; x_wconf 88' lang='lat' dir='ltr'><strong>pie</strong></span> <span class='ocrx_word' id='word_1_328' title='bbox 2656 2523 2773 2586; x_wconf 90' lang='lat' dir='ltr'><strong>pro</strong></span> <span class='ocrx_word' id='word_1_329' title='bbox 2804 2508 3073 2578; x_wconf 89' lang='lat' dir='ltr'><strong>cunctis,</strong></span> <span class='ocrx_word' id='word_1_330' title='bbox 3106 2516 3300 2586; x_wconf 83' lang='lat' dir='ltr'><strong>atque</strong></span> <span class='ocrx_word' id='word_1_331' title='bbox 3329 2513 3458 2572; x_wconf 87' lang='lat' dir='ltr'><strong>hu-</strong></span> 
     </span>
    </p>
   </div>
   <div class='ocr_carea' id='block_1_28' title="bbox 204 2583 3456 2664">
    <p class='ocr_par' dir='ltr' id='par_1_28' title="bbox 204 2583 3456 2664">
     <span class='ocr_line' id='line_1_28' title="bbox 204 2583 3456 2664; baseline 0.001 -18"><span class='ocrx_word' id='word_1_332' title='bbox 204 2589 440 2647; x_wconf 87' lang='lat' dir='ltr'><strong>militer</strong></span> <span class='ocrx_word' id='word_1_333' title='bbox 477 2591 835 2664; x_wconf 75' lang='lat' dir='ltr'><strong>apponunt,</strong></span> <span class='ocrx_word' id='word_1_334' title='bbox 880 2586 1082 2647; x_wconf 91' lang='lat' dir='ltr'><strong>Deum</strong></span> <span class='ocrx_word' id='word_1_335' title='bbox 1125 2603 1240 2663; x_wconf 88' lang='lat' dir='ltr'><strong>per</strong></span> <span class='ocrx_word' id='word_1_336' title='bbox 1264 2586 1482 2648; x_wconf 89' lang='lat' dir='ltr'><strong>omnia</strong></span> <span class='ocrx_word' id='word_1_337' title='bbox 1511 2588 1770 2664; x_wconf 88' lang='lat' dir='ltr'><strong>placare</strong></span> <span class='ocrx_word' id='word_1_338' title='bbox 1799 2587 2151 2663; x_wconf 88' lang='lat' dir='ltr'><strong>cupientes.</strong></span> <span class='ocrx_word' id='word_1_339' title='bbox 2200 2583 2437 2644; x_wconf 87' lang='lat' dir='ltr'><strong>Deinde</strong></span> <span class='ocrx_word' id='word_1_340' title='bbox 2473 2583 3210 2664; x_wconf 77' lang='lat' dir='ltr'><strong>quoniamsemetipsos</strong></span> <span class='ocrx_word' id='word_1_341' title='bbox 3228 2590 3305 2652; x_wconf 89' lang='lat' dir='ltr'><strong>ad</strong></span> <span class='ocrx_word' id='word_1_342' title='bbox 3338 2593 3456 2650; x_wconf 91' lang='lat' dir='ltr'><strong>im-</strong></span> 
     </span>
    </p>
   </div>
   <div class='ocr_carea' id='block_1_29' title="bbox 205 2663 3454 2746">
    <p class='ocr_par' dir='ltr' id='par_1_29' title="bbox 205 2663 3454 2746">
     <span class='ocr_line' id='line_1_29' title="bbox 205 2663 3454 2746; baseline 0.002 -20"><span class='ocrx_word' id='word_1_343' title='bbox 205 2663 581 2743; x_wconf 86' lang='lat' dir='ltr'><strong>petrandam</strong></span> <span class='ocrx_word' id='word_1_344' title='bbox 607 2666 846 2746; x_wconf 90' lang='lat' dir='ltr'><strong>populo</strong></span> <span class='ocrx_word' id='word_1_345' title='bbox 878 2667 1129 2746; x_wconf 79' lang='lat' dir='ltr'><strong>veniam</strong></span> <span class='ocrx_word' id='word_1_346' title='bbox 1167 2664 1457 2746; x_wconf 78' lang='lat' dir='ltr'><strong>sufticere</strong></span> <span class='ocrx_word' id='word_1_347' title='bbox 1489 2663 1616 2726; x_wconf 85' lang='lat' dir='ltr'><strong>non</strong></span> <span class='ocrx_word' id='word_1_348' title='bbox 1646 2666 1935 2746; x_wconf 87' lang='lat' dir='ltr'><strong>credunt,</strong></span> <span class='ocrx_word' id='word_1_349' title='bbox 1969 2666 2049 2726; x_wconf 91' lang='lat' dir='ltr'><strong>ad</strong></span> <span class='ocrx_word' id='word_1_350' title='bbox 2100 2671 2356 2746; x_wconf 84' lang='lat' dir='ltr'><strong>patrum</strong></span> <span class='ocrx_word' id='word_1_351' title='bbox 2401 2664 2626 2724; x_wconf 89' lang='lat' dir='ltr'><strong>merita</strong></span> <span class='ocrx_word' id='word_1_352' title='bbox 2657 2663 3094 2746; x_wconf 45' lang='lat' dir='ltr'><strong>eonfugiunte</strong></span> <span class='ocrx_word' id='word_1_353' title='bbox 3143 2669 3264 2746; x_wconf 92' lang='lat' dir='ltr'><strong>ipsi</strong></span> <span class='ocrx_word' id='word_1_354' title='bbox 3303 2689 3454 2730; x_wconf 87' lang='lat' dir='ltr'><strong>vero</strong></span> 
     </span>
    </p>
   </div>
   <div class='ocr_carea' id='block_1_30' title="bbox 206 2741 3457 2823">
    <p class='ocr_par' dir='ltr' id='par_1_30' title="bbox 206 2741 3457 2823">
     <span class='ocr_line' id='line_1_30' title="bbox 206 2741 3457 2823; baseline 0.002 -19"><span class='ocrx_word' id='word_1_355' title='bbox 206 2741 362 2805; x_wconf 81' lang='lat' dir='ltr'><strong>nihil</strong></span> <span class='ocrx_word' id='word_1_356' title='bbox 387 2764 454 2805; x_wconf 89' lang='lat' dir='ltr'><strong>se</strong></span> <span class='ocrx_word' id='word_1_357' title='bbox 482 2741 756 2821; x_wconf 83' lang='lat' dir='ltr'><strong>amplius</strong></span> <span class='ocrx_word' id='word_1_358' title='bbox 786 2744 1168 2821; x_wconf 89' lang='lat' dir='ltr'><strong>profitentur</strong></span> <span class='ocrx_word' id='word_1_359' title='bbox 1194 2743 1446 2816; x_wconf 89' lang='lat' dir='ltr'><strong>afferre,</strong></span> <span class='ocrx_word' id='word_1_360' title='bbox 1475 2763 1672 2823; x_wconf 91' lang='lat' dir='ltr'><strong>quam</strong></span> <span class='ocrx_word' id='word_1_361' title='bbox 1721 2741 2129 2805; x_wconf 83' lang='lat' dir='ltr'><strong>humiliatum</strong></span> <span class='ocrx_word' id='word_1_362' title='bbox 2175 2741 2507 2821; x_wconf 87' lang='lat' dir='ltr'><strong>spiritum,</strong></span> <span class='ocrx_word' id='word_1_363' title='bbox 2539 2760 2615 2803; x_wconf 89' lang='lat' dir='ltr'><strong>ac</strong></span> <span class='ocrx_word' id='word_1_364' title='bbox 2643 2741 2881 2804; x_wconf 55' lang='lat' dir='ltr'><strong>dolore&#39;</strong></span> <span class='ocrx_word' id='word_1_365' title='bbox 2909 2741 3279 2807; x_wconf 80' lang='lat' dir='ltr'><strong>contritum.</strong></span> <span class='ocrx_word' id='word_1_366' title='bbox 3327 2750 3457 2809; x_wconf 85' lang='lat' dir='ltr'><strong>Ho-</strong></span> 
     </span>
    </p>
   </div>
   <div class='ocr_carea' id='block_1_31' title="bbox 204 2823 3458 2907">
    <p class='ocr_par' dir='ltr' id='par_1_31' title="bbox 204 2823 3458 2907">
     <span class='ocr_line' id='line_1_31' title="bbox 204 2823 3458 2907; baseline 0.002 -23"><span class='ocrx_word' id='word_1_367' title='bbox 204 2844 348 2907; x_wconf 89' lang='lat' dir='ltr'><strong>rnm</strong></span> <span class='ocrx_word' id='word_1_368' title='bbox 379 2825 580 2903; x_wconf 86' lang='lat' dir='ltr'><strong>igitur</strong></span> <span class='ocrx_word' id='word_1_369' title='bbox 605 2825 1048 2907; x_wconf 70' lang='lat' dir='ltr'><strong>virtutemnos</strong></span> <span class='ocrx_word' id='word_1_370' title='bbox 1076 2841 1337 2907; x_wconf 85' lang='lat' dir='ltr'><strong>quoque</strong></span> <span class='ocrx_word' id='word_1_371' title='bbox 1367 2824 1670 2907; x_wconf 84' lang='lat' dir='ltr'><strong>debemus</strong></span> <span class='ocrx_word' id='word_1_372' title='bbox 1695 2825 1955 2907; x_wconf 48' lang='lat' dir='ltr'><strong>imitari:</strong></span> <span class='ocrx_word' id='word_1_373' title='bbox 1981 2823 2304 2900; x_wconf 85' lang='lat' dir='ltr'><strong>Siquidem</strong></span> <span class='ocrx_word' id='word_1_374' title='bbox 2335 2823 2524 2907; x_wconf 76' lang='lat' dir='ltr'><strong>etiam</strong></span> <span class='ocrx_word' id='word_1_375' title='bbox 2555 2841 2724 2882; x_wconf 85' lang='lat' dir='ltr'><strong>nunc.</strong></span> <span class='ocrx_word' id='word_1_376' title='bbox 2748 2827 3192 2907; x_wconf 71' lang='lat' dir='ltr'><strong>aureaimago</strong></span> <span class='ocrx_word' id='word_1_377' title='bbox 3224 2846 3458 2907; x_wconf 90' lang='lat' dir='ltr'><strong>propo-</strong></span> 
     </span>
    </p>
   </div>
   <div class='ocr_carea' id='block_1_32' title="bbox 204 2901 3456 2982">
    <p class='ocr_par' dir='ltr' id='par_1_32' title="bbox 204 2901 3456 2982">
     <span class='ocr_line' id='line_1_32' title="bbox 204 2901 3456 2982; baseline 0.002 -18"><span class='ocrx_word' id='word_1_378' title='bbox 204 2905 326 2965; x_wconf 89' lang='lat' dir='ltr'><strong>sita</strong></span> <span class='ocrx_word' id='word_1_379' title='bbox 371 2901 489 2973; x_wconf 83' lang='lat' dir='ltr'><strong>est,</strong></span> <span class='ocrx_word' id='word_1_380' title='bbox 524 2903 794 2980; x_wconf 86' lang='lat' dir='ltr'><strong>pecunia</strong></span> <span class='ocrx_word' id='word_1_381' title='bbox 825 2903 1062 2963; x_wconf 90' lang='lat' dir='ltr'><strong>scilicet</strong></span> <span class='ocrx_word' id='word_1_382' title='bbox 1093 2947 1108 2974; x_wconf 95' lang='lat'><strong>,</strong></span> <span class='ocrx_word' id='word_1_383' title='bbox 1143 2903 1209 2962; x_wconf 92' lang='lat' dir='ltr'><strong>in</strong></span> <span class='ocrx_word' id='word_1_384' title='bbox 1249 2920 1378 2980; x_wconf 90' lang='lat' dir='ltr'><strong>qua</strong></span> <span class='ocrx_word' id='word_1_385' title='bbox 1410 2905 1746 2982; x_wconf 84' lang='lat' dir='ltr'><strong>tyrannica</strong></span> <span class='ocrx_word' id='word_1_386' title='bbox 1774 2905 2066 2982; x_wconf 68' lang='lat' dir='ltr'><strong>quaedam</strong></span> <span class='ocrx_word' id='word_1_387' title='bbox 2095 2919 2409 2963; x_wconf 65' lang='lat' dir='ltr'><strong>mamonae</strong></span> <span class='ocrx_word' id='word_1_388' title='bbox 2460 2901 2772 2982; x_wconf 86' lang='lat' dir='ltr'><strong>formatur</strong></span> <span class='ocrx_word' id='word_1_389' title='bbox 2803 2902 3040 2981; x_wconf 81' lang='lat' dir='ltr'><strong>efﬁgies</strong></span> <span class='ocrx_word' id='word_1_390' title='bbox 3065 2950 3080 2975; x_wconf 93' lang='lat'><strong>,</strong></span> <span class='ocrx_word' id='word_1_391' title='bbox 3117 2901 3188 2966; x_wconf 59' lang='lat' dir='ltr'><strong>&#39;et</strong></span> <span class='ocrx_word' id='word_1_392' title='bbox 3215 2901 3292 2968; x_wconf 77' lang='lat' dir='ltr'><strong>ad</strong></span> <span class='ocrx_word' id='word_1_393' title='bbox 3323 2901 3456 2969; x_wconf 56' lang='lat' dir='ltr'><strong>s&#39;er-</strong></span> 
     </span>
    </p>
   </div>
   <div class='ocr_carea' id='block_1_33' title="bbox 203 2981 3448 3059">
    <p class='ocr_par' dir='ltr' id='par_1_33' title="bbox 203 2981 3448 3059">
     <span class='ocr_line' id='line_1_33' title="bbox 203 2981 3448 3059; baseline 0.002 -17"><span class='ocrx_word' id='word_1_394' title='bbox 203 2982 502 3042; x_wconf 88' lang='lat' dir='ltr'><strong>viendum</strong></span> <span class='ocrx_word' id='word_1_395' title='bbox 534 2983 653 3043; x_wconf 90' lang='lat' dir='ltr'><strong>sibi</strong></span> <span class='ocrx_word' id='word_1_396' title='bbox 679 2983 1057 3059; x_wconf 90' lang='lat' dir='ltr'><strong>cupidorum</strong></span> <span class='ocrx_word' id='word_1_397' title='bbox 1088 2982 1279 3044; x_wconf 88' lang='lat' dir='ltr'><strong>corda</strong></span> <span class='ocrx_word' id='word_1_398' title='bbox 1311 2981 1633 3043; x_wconf 88' lang='lat' dir='ltr'><strong>sollicitat.</strong></span> <span class='ocrx_word' id='word_1_399' title='bbox 1667 2981 2228 3059; x_wconf 29' lang='lat' dir='ltr'><strong>Sed’nequaquam</strong></span> <span class='ocrx_word' id='word_1_400' title='bbox 2260 2998 2376 3040; x_wconf 91' lang='lat' dir='ltr'><strong>nos</strong></span> <span class='ocrx_word' id='word_1_401' title='bbox 2409 2987 2521 3041; x_wconf 90' lang='lat' dir='ltr'><strong>aut</strong></span> <span class='ocrx_word' id='word_1_402' title='bbox 2563 2981 2810 3041; x_wconf 89' lang='lat' dir='ltr'><strong>sonitus</strong></span> <span class='ocrx_word' id='word_1_403' title='bbox 2857 2985 3198 3058; x_wconf 90' lang='lat' dir='ltr'><strong>tubarum,</strong></span> <span class='ocrx_word' id='word_1_404' title='bbox 3235 2994 3348 3048; x_wconf 91' lang='lat' dir='ltr'><strong>aut</strong></span> <span class='ocrx_word' id='word_1_405' title='bbox 3379 2991 3448 3048; x_wconf 88' lang='lat' dir='ltr'><strong>ti-</strong></span> 
     </span>
    </p>
   </div>
   <div class='ocr_carea' id='block_1_34' title="bbox 203 3061 3455 3144">
    <p class='ocr_par' dir='ltr' id='par_1_34' title="bbox 203 3061 3455 3144">
     <span class='ocr_line' id='line_1_34' title="bbox 203 3061 3455 3144; baseline 0.001 -20"><span class='ocrx_word' id='word_1_406' title='bbox 203 3063 455 3144; x_wconf 89' lang='lat' dir='ltr'><strong>biarum</strong></span> <span class='ocrx_word' id='word_1_407' title='bbox 475 3106 490 3133; x_wconf 95' lang='lat'><strong>,</strong></span> <span class='ocrx_word' id='word_1_408' title='bbox 519 3063 907 3144; x_wconf 69' lang='lat' dir='ltr'><strong>citharreque</strong></span> <span class='ocrx_word' id='word_1_409' title='bbox 934 3068 1305 3144; x_wconf 77' lang='lat' dir='ltr'><strong>concentus,</strong></span> <span class='ocrx_word' id='word_1_410' title='bbox 1339 3067 1451 3144; x_wconf 90' lang='lat' dir='ltr'><strong>aut</strong></span> <span class='ocrx_word' id='word_1_411' title='bbox 1479 3063 1730 3144; x_wconf 83' lang='lat' dir='ltr'><strong>reliqua</strong></span> <span class='ocrx_word' id='word_1_412' title='bbox 1762 3061 2126 3144; x_wconf 85' lang='lat' dir='ltr'><strong>divitiarum</strong></span> <span class='ocrx_word' id='word_1_413' title='bbox 2158 3061 2478 3121; x_wconf 90' lang='lat' dir='ltr'><strong>incentiva</strong></span> <span class='ocrx_word' id='word_1_414' title='bbox 2520 3069 2985 3135; x_wconf 89' lang='lat' dir='ltr'><strong>commoveant,</strong></span> <span class='ocrx_word' id='word_1_415' title='bbox 3014 3069 3084 3123; x_wconf 92' lang='lat' dir='ltr'><strong>ut</strong></span> <span class='ocrx_word' id='word_1_416' title='bbox 3112 3065 3455 3144; x_wconf 87' lang='lat' dir='ltr'><strong>imaginem</strong></span> 
     </span>
    </p>
   </div>
   <div class='ocr_carea' id='block_1_35' title="bbox 203 3141 3457 3217">
    <p class='ocr_par' dir='ltr' id='par_1_35' title="bbox 203 3141 3457 3217">
     <span class='ocr_line' id='line_1_35' title="bbox 203 3141 3457 3217; baseline 0.002 -15"><span class='ocrx_word' id='word_1_417' title='bbox 203 3141 543 3202; x_wconf 86' lang='lat' dir='ltr'><strong>adoremus</strong></span> <span class='ocrx_word' id='word_1_418' title='bbox 571 3143 860 3202; x_wconf 64' lang='lat' dir='ltr'><strong>avaritiae</strong></span> <span class='ocrx_word' id='word_1_419' title='bbox 885 3160 899 3198; x_wconf 91' lang='lat'><strong>:</strong></span> <span class='ocrx_word' id='word_1_420' title='bbox 921 3141 1026 3201; x_wconf 85' lang='lat' dir='ltr'><strong>sed</strong></span> <span class='ocrx_word' id='word_1_421' title='bbox 1049 3142 1298 3202; x_wconf 90' lang='lat' dir='ltr'><strong>etiamsi</strong></span> <span class='ocrx_word' id='word_1_422' title='bbox 1331 3141 1660 3202; x_wconf 88' lang='lat' dir='ltr'><strong>ardentem</strong></span> <span class='ocrx_word' id='word_1_423' title='bbox 1698 3141 2020 3204; x_wconf 87' lang='lat' dir='ltr'><strong>fornacem</strong></span> <span class='ocrx_word' id='word_1_424' title='bbox 2045 3142 2285 3200; x_wconf 90' lang='lat' dir='ltr'><strong>intrare</strong></span> <span class='ocrx_word' id='word_1_425' title='bbox 2308 3152 2638 3217; x_wconf 83' lang='lat' dir='ltr'><strong>cogamur;</strong></span> <span class='ocrx_word' id='word_1_426' title='bbox 2660 3147 3099 3217; x_wconf 88' lang='lat' dir='ltr'><strong>paupertatem</strong></span> <span class='ocrx_word' id='word_1_427' title='bbox 3120 3141 3284 3217; x_wconf 53' lang='lat' dir='ltr'><strong>dico]</strong></span> <span class='ocrx_word' id='word_1_428' title='bbox 3313 3164 3457 3207; x_wconf 90' lang='lat' dir='ltr'><strong>eam</strong></span> 
     </span>
    </p>
   </div>
   <div class='ocr_carea' id='block_1_36' title="bbox 202 3219 3458 3298">
    <p class='ocr_par' dir='ltr' id='par_1_36' title="bbox 202 3219 3458 3298">
     <span class='ocr_line' id='line_1_36' title="bbox 202 3219 3458 3298; baseline 0.002 -18"><span class='ocrx_word' id='word_1_429' title='bbox 202 3227 417 3280; x_wconf 83' lang='lat' dir='ltr'><strong>tamen</strong></span> <span class='ocrx_word' id='word_1_430' title='bbox 457 3228 880 3297; x_wconf 74' lang='lat' dir='ltr'><strong>praeoptemus</strong></span> <span class='ocrx_word' id='word_1_431' title='bbox 923 3222 1134 3298; x_wconf 90' lang='lat' dir='ltr'><strong>potius</strong></span> <span class='ocrx_word' id='word_1_432' title='bbox 1164 3238 1356 3297; x_wconf 90' lang='lat' dir='ltr'><strong>quam</strong></span> <span class='ocrx_word' id='word_1_433' title='bbox 1388 3221 1564 3280; x_wconf 89' lang='lat' dir='ltr'><strong>illam</strong></span> <span class='ocrx_word' id='word_1_434' title='bbox 1593 3221 1879 3283; x_wconf 73' lang='lat' dir='ltr'><strong>avaritia:</strong></span> <span class='ocrx_word' id='word_1_435' title='bbox 1908 3221 2249 3298; x_wconf 87' lang='lat' dir='ltr'><strong>imaginem</strong></span> <span class='ocrx_word' id='word_1_436' title='bbox 2282 3219 2620 3279; x_wconf 87' lang='lat' dir='ltr'><strong>adoremus</strong></span> <span class='ocrx_word' id='word_1_437' title='bbox 2656 3239 2670 3277; x_wconf 89' lang='lat'><strong>:</strong></span> <span class='ocrx_word' id='word_1_438' title='bbox 2700 3228 2851 3280; x_wconf 89' lang='lat' dir='ltr'><strong>tunc</strong></span> <span class='ocrx_word' id='word_1_439' title='bbox 2877 3223 3046 3280; x_wconf 88' lang='lat' dir='ltr'><strong>enim</strong></span> <span class='ocrx_word' id='word_1_440' title='bbox 3078 3241 3196 3284; x_wconf 88' lang='lat' dir='ltr'><strong>nos</strong></span> <span class='ocrx_word' id='word_1_441' title='bbox 3233 3226 3297 3284; x_wconf 92' lang='lat' dir='ltr'><strong>in</strong></span> <span class='ocrx_word' id='word_1_442' title='bbox 3325 3245 3458 3286; x_wconf 90' lang='lat' dir='ltr'><strong>me-</strong></span> 
     </span>
    </p>
   </div>
   <div class='ocr_carea' id='block_1_37' title="bbox 200 3238 3452 3378">
    <p class='ocr_par' dir='ltr' id='par_1_37' title="bbox 200 3238 3452 3378">
     <span class='ocr_line' id='line_1_37' title="bbox 202 3238 3452 3356; baseline 0.002 -76"><span class='ocrx_word' id='word_1_443' title='bbox 202 3238 417 3280; x_wconf 78' lang='lat' dir='ltr'><strong>lamen</strong></span> <span class='ocrx_word' id='word_1_444' title='bbox 457 3238 880 3297; x_wconf 74' lang='lat' dir='ltr'><strong>praeoptemus</strong></span> <span class='ocrx_word' id='word_1_445' title='bbox 919 3238 1134 3356; x_wconf 60' lang='lat' dir='ltr'><strong>Romus</strong></span> <span class='ocrx_word' id='word_1_446' title='bbox 1164 3238 1356 3297; x_wconf 90' lang='lat' dir='ltr'><strong>quam</strong></span> <span class='ocrx_word' id='word_1_447' title='bbox 1388 3238 1564 3280; x_wconf 76' lang='lat' dir='ltr'><strong>luam</strong></span> <span class='ocrx_word' id='word_1_448' title='bbox 1593 3238 1879 3283; x_wconf 73' lang='lat' dir='ltr'><strong>avaritia:</strong></span> <span class='ocrx_word' id='word_1_449' title='bbox 1908 3238 2249 3298; x_wconf 78' lang='lat' dir='ltr'><strong>imaginem</strong></span> <span class='ocrx_word' id='word_1_450' title='bbox 2282 3238 2620 3279; x_wconf 80' lang='lat' dir='ltr'><strong>adoremus</strong></span> <span class='ocrx_word' id='word_1_451' title='bbox 2656 3239 2670 3277; x_wconf 88' lang='lat'><strong>:</strong></span> <span class='ocrx_word' id='word_1_452' title='bbox 2700 3238 2851 3280; x_wconf 78' lang='lat' dir='ltr'><strong>tunc</strong></span> <span class='ocrx_word' id='word_1_453' title='bbox 2877 3239 3046 3280; x_wconf 80' lang='lat' dir='ltr'><strong>enim</strong></span> <span class='ocrx_word' id='word_1_454' title='bbox 3078 3241 3196 3284; x_wconf 89' lang='lat' dir='ltr'><strong>nos</strong></span> <span class='ocrx_word' id='word_1_455' title='bbox 3233 3243 3297 3284; x_wconf 79' lang='lat' dir='ltr'><strong>In</strong></span> <span class='ocrx_word' id='word_1_456' title='bbox 3325 3245 3452 3286; x_wconf 89' lang='lat' dir='ltr'><strong>me-</strong></span> 
     </span>
     <span class='ocr_line' id='line_1_38' title="bbox 200 3299 3452 3378; baseline 0.002 -17"><span class='ocrx_word' id='word_1_457' title='bbox 200 3300 307 3361; x_wconf 91' lang='lat' dir='ltr'><strong>dio</strong></span> <span class='ocrx_word' id='word_1_458' title='bbox 337 3299 733 3361; x_wconf 86' lang='lat' dir='ltr'><strong>flammarum</strong></span> <span class='ocrx_word' id='word_1_459' title='bbox 767 3301 912 3359; x_wconf 91' lang='lat' dir='ltr'><strong>blan</strong></span> <span class='ocrx_word' id='word_1_460' title='bbox 961 3317 997 3360; x_wconf 89' lang='lat' dir='ltr'><strong>a</strong></span> <span class='ocrx_word' id='word_1_461' title='bbox 1041 3299 1458 3359; x_wconf 90' lang='lat' dir='ltr'><strong>circumdabit</strong></span> <span class='ocrx_word' id='word_1_462' title='bbox 1482 3302 1647 3359; x_wconf 89' lang='lat' dir='ltr'><strong>roris</strong></span> <span class='ocrx_word' id='word_1_463' title='bbox 1692 3300 2000 3378; x_wconf 87' lang='lat' dir='ltr'><strong>aspersio.</strong></span> <span class='ocrx_word' id='word_1_464' title='bbox 2038 3301 2127 3359; x_wconf 91' lang='lat' dir='ltr'><strong>Ne</strong></span> <span class='ocrx_word' id='word_1_465' title='bbox 2161 3299 2356 3377; x_wconf 89' lang='lat' dir='ltr'><strong>igitur</strong></span> <span class='ocrx_word' id='word_1_466' title='bbox 2387 3299 2714 3375; x_wconf 85' lang='lat' dir='ltr'><strong>pauperiei</strong></span> <span class='ocrx_word' id='word_1_467' title='bbox 2747 3299 3070 3361; x_wconf 83' lang='lat' dir='ltr'><strong>fornacem</strong></span> <span class='ocrx_word' id='word_1_468' title='bbox 3113 3303 3452 3366; x_wconf 86' lang='lat' dir='ltr'><strong>horresca-</strong></span> 
     </span>
    </p>
   </div>
   <div class='ocr_carea' id='block_1_38' title="bbox 200 3377 3458 3462">
    <p class='ocr_par' dir='ltr' id='par_1_38' title="bbox 200 3377 3458 3462">
     <span class='ocr_line' id='line_1_39' title="bbox 200 3377 3458 3462; baseline 0.002 -24"><span class='ocrx_word' id='word_1_469' title='bbox 200 3397 368 3441; x_wconf 85' lang='lat' dir='ltr'><strong>mus.</strong></span> <span class='ocrx_word' id='word_1_470' title='bbox 401 3381 558 3462; x_wconf 70' lang='lat' dir='ltr'><strong>Nam</strong></span> <span class='ocrx_word' id='word_1_471' title='bbox 581 3385 714 3437; x_wconf 90' lang='lat' dir='ltr'><strong>tum</strong></span> <span class='ocrx_word' id='word_1_472' title='bbox 743 3395 1003 3455; x_wconf 90' lang='lat' dir='ltr'><strong>quoque</strong></span> <span class='ocrx_word' id='word_1_473' title='bbox 1030 3379 1098 3437; x_wconf 90' lang='lat' dir='ltr'><strong>in</strong></span> <span class='ocrx_word' id='word_1_474' title='bbox 1131 3379 1344 3462; x_wconf 79' lang='lat' dir='ltr'><strong>ignem</strong></span> <span class='ocrx_word' id='word_1_475' title='bbox 1383 3379 1649 3462; x_wconf 72' lang='lat' dir='ltr'><strong>co‘njecti</strong></span> <span class='ocrx_word' id='word_1_476' title='bbox 1671 3423 1687 3450; x_wconf 88' lang='lat'><strong>,</strong></span> <span class='ocrx_word' id='word_1_477' title='bbox 1713 3377 1826 3462; x_wconf 76' lang='lat' dir='ltr'><strong>per</strong></span> <span class='ocrx_word' id='word_1_478' title='bbox 1850 3380 2058 3457; x_wconf 91' lang='lat' dir='ltr'><strong>ipsum</strong></span> <span class='ocrx_word' id='word_1_479' title='bbox 2081 3377 2320 3438; x_wconf 85' lang='lat' dir='ltr'><strong>ostensi</strong></span> <span class='ocrx_word' id='word_1_480' title='bbox 2350 3378 2660 3462; x_wconf 86' lang='lat' dir='ltr'><strong>_cla_riores</strong></span> <span class='ocrx_word' id='word_1_481' title='bbox 2689 3385 2839 3462; x_wconf 86' lang='lat' dir='ltr'><strong>sunt</strong></span> <span class='ocrx_word' id='word_1_482' title='bbox 2867 3399 2881 3437; x_wconf 90' lang='lat'><strong>:</strong></span> <span class='ocrx_word' id='word_1_483' title='bbox 2916 3381 3027 3456; x_wconf 90' lang='lat' dir='ltr'><strong>qui</strong></span> <span class='ocrx_word' id='word_1_484' title='bbox 3061 3400 3212 3441; x_wconf 88' lang='lat' dir='ltr'><strong>vero</strong></span> <span class='ocrx_word' id='word_1_485' title='bbox 3235 3384 3458 3462; x_wconf 86' lang='lat' dir='ltr'><strong>imagi-</strong></span> 
     </span>
    </p>
   </div>
   <div class='ocr_carea' id='block_1_39' title="bbox 201 3456 3458 3540">
    <p class='ocr_par' dir='ltr' id='par_1_39' title="bbox 201 3456 3458 3540">
     <span class='ocr_line' id='line_1_40' title="bbox 201 3456 3458 3540; baseline 0.002 -21"><span class='ocrx_word' id='word_1_486' title='bbox 201 3477 352 3540; x_wconf 83' lang='lat' dir='ltr'><strong>nem</strong></span> <span class='ocrx_word' id='word_1_487' title='bbox 386 3459 818 3520; x_wconf 84' lang='lat' dir='ltr'><strong>adoraverunt</strong></span> <span class='ocrx_word' id='word_1_488' title='bbox 864 3456 1177 3529; x_wconf 54' lang='lat' dir='ltr'><strong>auream,</strong></span> <span class='ocrx_word' id='word_1_489' title='bbox 1201 3458 1435 3540; x_wconf 80' lang='lat' dir='ltr'><strong>subito</strong></span> <span class='ocrx_word' id='word_1_490' title='bbox 1464 3456 1632 3540; x_wconf 82' lang='lat' dir='ltr'><strong>ignis</strong></span> <span class='ocrx_word' id='word_1_491' title='bbox 1687 3456 2307 3540; x_wconf 82' lang='lat' dir='ltr'><strong>perierunt_voratu.</strong></span> <span class='ocrx_word' id='word_1_492' title='bbox 2345 3456 2460 3516; x_wconf 87' lang='lat' dir='ltr'><strong>Sed</strong></span> <span class='ocrx_word' id='word_1_493' title='bbox 2500 3462 2654 3540; x_wconf 77' lang='lat' dir='ltr'><strong>tune</strong></span> <span class='ocrx_word' id='word_1_494' title='bbox 2681 3458 2938 3540; x_wconf 80' lang='lat' dir='ltr'><strong>quidem</strong></span> <span class='ocrx_word' id='word_1_495' title='bbox 2968 3462 3191 3522; x_wconf 87' lang='lat' dir='ltr'><strong>omnia</strong></span> <span class='ocrx_word' id='word_1_496' title='bbox 3217 3456 3458 3540; x_wconf 68' lang='lat' dir='ltr'><strong>pariter</strong></span> 
     </span>
    </p>
   </div>
   <div class='ocr_carea' id='block_1_40' title="bbox 200 3536 3456 3615">
    <p class='ocr_par' dir='ltr' id='par_1_40' title="bbox 200 3536 3456 3615">
     <span class='ocr_line' id='line_1_41' title="bbox 200 3536 3456 3615; baseline 0.002 -18"><span class='ocrx_word' id='word_1_497' title='bbox 200 3538 462 3615; x_wconf 88' lang='lat' dir='ltr'><strong>impleta</strong></span> <span class='ocrx_word' id='word_1_498' title='bbox 495 3543 686 3596; x_wconf 90' lang='lat' dir='ltr'><strong>sunt:</strong></span> <span class='ocrx_word' id='word_1_499' title='bbox 726 3555 898 3596; x_wconf 88' lang='lat' dir='ltr'><strong>nunc</strong></span> <span class='ocrx_word' id='word_1_500' title='bbox 927 3542 1139 3596; x_wconf 88' lang='lat' dir='ltr'><strong>autem</strong></span> <span class='ocrx_word' id='word_1_501' title='bbox 1170 3537 1298 3597; x_wconf 90' lang='lat' dir='ltr'><strong>alia</strong></span> <span class='ocrx_word' id='word_1_502' title='bbox 1330 3537 1587 3614; x_wconf 88' lang='lat' dir='ltr'><strong>quidem</strong></span> <span class='ocrx_word' id='word_1_503' title='bbox 1615 3538 1680 3596; x_wconf 89' lang='lat' dir='ltr'><strong>in</strong></span> <span class='ocrx_word' id='word_1_504' title='bbox 1713 3538 1833 3598; x_wconf 88' lang='lat' dir='ltr'><strong>hoc</strong></span> <span class='ocrx_word' id='word_1_505' title='bbox 1858 3537 2115 3607; x_wconf 69' lang='lat' dir='ltr'><strong>saeculo,</strong></span> <span class='ocrx_word' id='word_1_506' title='bbox 2150 3537 2276 3597; x_wconf 90' lang='lat' dir='ltr'><strong>alia</strong></span> <span class='ocrx_word' id='word_1_507' title='bbox 2313 3553 2464 3595; x_wconf 90' lang='lat' dir='ltr'><strong>vero</strong></span> <span class='ocrx_word' id='word_1_508' title='bbox 2494 3542 2555 3596; x_wconf 90' lang='lat' dir='ltr'><strong>et</strong></span> <span class='ocrx_word' id='word_1_509' title='bbox 2592 3536 2694 3596; x_wconf 92' lang='lat' dir='ltr'><strong>hic</strong></span> <span class='ocrx_word' id='word_1_510' title='bbox 2725 3543 2786 3596; x_wconf 92' lang='lat' dir='ltr'><strong>et</strong></span> <span class='ocrx_word' id='word_1_511' title='bbox 2821 3538 2885 3595; x_wconf 94' lang='lat' dir='ltr'><strong>in</strong></span> <span class='ocrx_word' id='word_1_512' title='bbox 2913 3536 3126 3598; x_wconf 90' lang='lat' dir='ltr'><strong>futuro</strong></span> <span class='ocrx_word' id='word_1_513' title='bbox 3155 3536 3303 3602; x_wconf 78' lang='lat' dir='ltr'><strong>sunt</strong></span> <span class='ocrx_word' id='word_1_514' title='bbox 3331 3543 3456 3602; x_wconf 85' lang='lat' dir='ltr'><strong>im-</strong></span> 
     </span>
    </p>
   </div>
   <div class='ocr_carea' id='block_1_41' title="bbox 200 3615 3454 3696">
    <p class='ocr_par' dir='ltr' id='par_1_41' title="bbox 200 3615 3454 3696">
     <span class='ocr_line' id='line_1_42' title="bbox 200 3615 3454 3696; baseline 0.002 -20"><span class='ocrx_word' id='word_1_515' title='bbox 200 3617 434 3695; x_wconf 89' lang='lat' dir='ltr'><strong>plenda</strong></span> <span class='ocrx_word' id='word_1_516' title='bbox 459 3616 721 3696; x_wconf 87' lang='lat' dir='ltr'><strong>judicio.</strong></span> <span class='ocrx_word' id='word_1_517' title='bbox 767 3616 847 3674; x_wconf 89' lang='lat' dir='ltr'><strong>Hi</strong></span> <span class='ocrx_word' id='word_1_518' title='bbox 871 3615 1112 3696; x_wconf 86' lang='lat' dir='ltr'><strong>quippe</strong></span> <span class='ocrx_word' id='word_1_519' title='bbox 1142 3617 1264 3696; x_wconf 90' lang='lat' dir='ltr'><strong>qui</strong></span> <span class='ocrx_word' id='word_1_520' title='bbox 1300 3634 1380 3696; x_wconf 87' lang='lat' dir='ltr'><strong>ne</strong></span> <span class='ocrx_word' id='word_1_521' title='bbox 1433 3634 1801 3677; x_wconf 90' lang='lat' dir='ltr'><strong>mamonam</strong></span> <span class='ocrx_word' id='word_1_522' title='bbox 1837 3617 2138 3696; x_wconf 89' lang='lat' dir='ltr'><strong>adorent,</strong></span> <span class='ocrx_word' id='word_1_523' title='bbox 2209 3616 2455 3694; x_wconf 90' lang='lat' dir='ltr'><strong>eligunt</strong></span> <span class='ocrx_word' id='word_1_524' title='bbox 2501 3617 2740 3675; x_wconf 90' lang='lat' dir='ltr'><strong>sentire</strong></span> <span class='ocrx_word' id='word_1_525' title='bbox 2799 3619 3211 3696; x_wconf 85' lang='lat' dir='ltr'><strong>pauperiem;</strong></span> <span class='ocrx_word' id='word_1_526' title='bbox 3258 3627 3319 3681; x_wconf 90' lang='lat' dir='ltr'><strong>et</strong></span> <span class='ocrx_word' id='word_1_527' title='bbox 3353 3622 3454 3684; x_wconf 89' lang='lat' dir='ltr'><strong>hic</strong></span> 
     </span>
    </p>
   </div>
   <div class='ocr_carea' id='block_1_42' title="bbox 198 3695 3458 3775">
    <p class='ocr_par' dir='ltr' id='par_1_42' title="bbox 198 3695 3458 3775">
     <span class='ocr_line' id='line_1_43' title="bbox 198 3695 3458 3775; baseline 0.002 -20"><span class='ocrx_word' id='word_1_528' title='bbox 198 3696 459 3773; x_wconf 89' lang='lat' dir='ltr'><strong>quidem</strong></span> <span class='ocrx_word' id='word_1_529' title='bbox 483 3712 740 3774; x_wconf 88' lang='lat' dir='ltr'><strong>magna,</strong></span> <span class='ocrx_word' id='word_1_530' title='bbox 774 3695 883 3775; x_wconf 88' lang='lat' dir='ltr'><strong>sed</strong></span> <span class='ocrx_word' id='word_1_531' title='bbox 915 3696 1116 3775; x_wconf 87' lang='lat' dir='ltr'><strong>multo</strong></span> <span class='ocrx_word' id='word_1_532' title='bbox 1145 3695 1372 3774; x_wconf 88' lang='lat' dir='ltr'><strong>majori</strong></span> <span class='ocrx_word' id='word_1_533' title='bbox 1407 3697 1471 3754; x_wconf 93' lang='lat' dir='ltr'><strong>in</strong></span> <span class='ocrx_word' id='word_1_534' title='bbox 1503 3696 1719 3755; x_wconf 92' lang='lat' dir='ltr'><strong>futuro</strong></span> <span class='ocrx_word' id='word_1_535' title='bbox 1750 3697 2036 3757; x_wconf 88' lang='lat' dir='ltr'><strong>claritate</strong></span> <span class='ocrx_word' id='word_1_536' title='bbox 2069 3695 2424 3773; x_wconf 85' lang='lat' dir='ltr'><strong>fulgebunt.</strong></span> <span class='ocrx_word' id='word_1_537' title='bbox 2458 3695 2578 3768; x_wconf 88' lang='lat' dir='ltr'><strong>Qui</strong></span> <span class='ocrx_word' id='word_1_538' title='bbox 2615 3711 2765 3756; x_wconf 89' lang='lat' dir='ltr'><strong>vero</strong></span> <span class='ocrx_word' id='word_1_539' title='bbox 2795 3695 2898 3756; x_wconf 90' lang='lat' dir='ltr'><strong>hic</strong></span> <span class='ocrx_word' id='word_1_540' title='bbox 2929 3698 3271 3775; x_wconf 86' lang='lat' dir='ltr'><strong>imaginem</strong></span> <span class='ocrx_word' id='word_1_541' title='bbox 3306 3701 3458 3761; x_wconf 87' lang='lat' dir='ltr'><strong>ado-</strong></span> 
     </span>
    </p>
   </div>
   <div class='ocr_carea' id='block_1_43' title="bbox 198 3774 3459 3853">
    <p class='ocr_par' dir='ltr' id='par_1_43' title="bbox 198 3774 3459 3853">
     <span class='ocr_line' id='line_1_44' title="bbox 198 3774 3459 3853; baseline 0.002 -19"><span class='ocrx_word' id='word_1_542' title='bbox 198 3782 419 3836; x_wconf 88' lang='lat' dir='ltr'><strong>rantes</strong></span> <span class='ocrx_word' id='word_1_543' title='bbox 464 3792 728 3836; x_wconf 89' lang='lat' dir='ltr'><strong>auream</strong></span> <span class='ocrx_word' id='word_1_544' title='bbox 749 3820 764 3845; x_wconf 91' lang='lat'><strong>,</strong></span> <span class='ocrx_word' id='word_1_545' title='bbox 794 3774 870 3835; x_wconf 90' lang='lat' dir='ltr'><strong>de</strong></span> <span class='ocrx_word' id='word_1_546' title='bbox 908 3774 1245 3851; x_wconf 85' lang='lat' dir='ltr'><strong>iniquitate</strong></span> <span class='ocrx_word' id='word_1_547' title='bbox 1276 3775 1561 3834; x_wconf 89' lang='lat' dir='ltr'><strong>ditantur</strong></span> <span class='ocrx_word' id='word_1_548' title='bbox 1581 3819 1596 3844; x_wconf 93' lang='lat'><strong>,</strong></span> <span class='ocrx_word' id='word_1_549' title='bbox 1629 3780 1782 3835; x_wconf 87' lang='lat' dir='ltr'><strong>tunc</strong></span> <span class='ocrx_word' id='word_1_550' title='bbox 1808 3776 2089 3853; x_wconf 88' lang='lat' dir='ltr'><strong>profecto</strong></span> <span class='ocrx_word' id='word_1_551' title='bbox 2129 3780 2416 3835; x_wconf 83' lang='lat' dir='ltr'><strong>extrema</strong></span> <span class='ocrx_word' id='word_1_552' title='bbox 2448 3775 2764 3852; x_wconf 84' lang='lat' dir='ltr'><strong>supplicia</strong></span> <span class='ocrx_word' id='word_1_553' title='bbox 2794 3774 3184 3852; x_wconf 81' lang='lat' dir='ltr'><strong>persolvent.</strong></span> <span class='ocrx_word' id='word_1_554' title='bbox 3215 3779 3304 3840; x_wconf 90' lang='lat' dir='ltr'><strong>De</strong></span> <span class='ocrx_word' id='word_1_555' title='bbox 3323 3780 3459 3840; x_wconf 87' lang='lat' dir='ltr'><strong>hu-</strong></span> 
     </span>
    </p>
   </div>
   <div class='ocr_carea' id='block_1_44' title="bbox 194 3854 3459 3936">
    <p class='ocr_par' dir='ltr' id='par_1_44' title="bbox 194 3854 3459 3936">
     <span class='ocr_line' id='line_1_45' title="bbox 194 3854 3459 3936; baseline 0.003 -22"><span class='ocrx_word' id='word_1_556' title='bbox 194 3854 475 3936; x_wconf 76' lang='lat' dir='ltr'><strong>jnsmedi</strong></span> <span class='ocrx_word' id='word_1_557' title='bbox 506 3855 674 3915; x_wconf 88' lang='lat' dir='ltr'><strong>enim</strong></span> <span class='ocrx_word' id='word_1_558' title='bbox 708 3854 964 3913; x_wconf 87' lang='lat' dir='ltr'><strong>fornace</strong></span> <span class='ocrx_word' id='word_1_559' title='bbox 991 3855 1441 3936; x_wconf 85' lang='lat' dir='ltr'><strong>Laza_rus_n_on</strong></span> <span class='ocrx_word' id='word_1_560' title='bbox 1471 3855 1682 3936; x_wconf 88' lang='lat' dir='ltr'><strong>minus</strong></span> <span class='ocrx_word' id='word_1_561' title='bbox 1711 3872 1906 3932; x_wconf 86' lang='lat' dir='ltr'><strong>quam</strong></span> <span class='ocrx_word' id='word_1_562' title='bbox 1928 3854 2021 3936; x_wconf 84' lang='lat' dir='ltr'><strong>illi</strong></span> <span class='ocrx_word' id='word_1_563' title='bbox 2047 3860 2174 3914; x_wconf 92' lang='lat' dir='ltr'><strong>tres</strong></span> <span class='ocrx_word' id='word_1_564' title='bbox 2208 3854 2352 3936; x_wconf 91' lang='lat' dir='ltr'><strong>viri,</strong></span> <span class='ocrx_word' id='word_1_565' title='bbox 2380 3854 2592 3936; x_wconf 85' lang='lat' dir='ltr'><strong>clarus</strong></span> <span class='ocrx_word' id='word_1_566' title='bbox 2615 3857 2913 3936; x_wconf 79' lang='lat' dir='ltr'><strong>egressus</strong></span> <span class='ocrx_word' id='word_1_567' title='bbox 2941 3864 3034 3916; x_wconf 92' lang='lat' dir='ltr'><strong>cst</strong></span> <span class='ocrx_word' id='word_1_568' title='bbox 3068 3876 3082 3914; x_wconf 91' lang='lat'><strong>:</strong></span> <span class='ocrx_word' id='word_1_569' title='bbox 3132 3862 3198 3918; x_wconf 92' lang='lat' dir='ltr'><strong>at</strong></span> <span class='ocrx_word' id='word_1_570' title='bbox 3233 3865 3459 3923; x_wconf 89' lang='lat' dir='ltr'><strong>contra</strong></span> 
     </span>
    </p>
   </div>
   <div class='ocr_carea' id='block_1_45' title="bbox 201 3932 3459 4018">
    <p class='ocr_par' dir='ltr' id='par_1_45' title="bbox 201 3932 3459 4018">
     <span class='ocr_line' id='line_1_46' title="bbox 201 3932 3459 4018; baseline 0.003 -27"><span class='ocrx_word' id='word_1_571' title='bbox 201 3932 312 4018; x_wconf 86' lang='lat' dir='ltr'><strong>ille</strong></span> <span class='ocrx_word' id='word_1_572' title='bbox 341 3934 518 3994; x_wconf 90' lang='lat' dir='ltr'><strong>dives</strong></span> <span class='ocrx_word' id='word_1_573' title='bbox 551 3939 944 4018; x_wconf 82' lang='lat' dir='ltr'><strong>purpuratus</strong></span> <span class='ocrx_word' id='word_1_574' title='bbox 972 3949 1048 4018; x_wconf 81' lang='lat' dir='ltr'><strong>ac</strong></span> <span class='ocrx_word' id='word_1_575' title='bbox 1079 3932 1471 4018; x_wconf 77' lang='lat' dir='ltr'><strong>splendidus,</strong></span> <span class='ocrx_word' id='word_1_576' title='bbox 1495 3935 1614 4018; x_wconf 81' lang='lat' dir='ltr'><strong>qui</strong></span> <span class='ocrx_word' id='word_1_577' title='bbox 1647 3935 1710 3992; x_wconf 93' lang='lat' dir='ltr'><strong>in</strong></span> <span class='ocrx_word' id='word_1_578' title='bbox 1735 3940 1914 4018; x_wconf 85' lang='lat' dir='ltr'><strong>parte</strong></span> <span class='ocrx_word' id='word_1_579' title='bbox 1950 3934 2359 4018; x_wconf 79' lang='lat' dir='ltr'><strong>adorantium</strong></span> <span class='ocrx_word' id='word_1_580' title='bbox 2383 3932 2725 4018; x_wconf 75' lang='lat' dir='ltr'><strong>imaginem</strong></span> <span class='ocrx_word' id='word_1_581' title='bbox 2751 3934 2898 4018; x_wconf 86' lang='lat' dir='ltr'><strong>jure</strong></span> <span class='ocrx_word' id='word_1_582' title='bbox 2915 3943 3329 4018; x_wconf 79' lang='lat' dir='ltr'><strong>numeratur,</strong></span> <span class='ocrx_word' id='word_1_583' title='bbox 3355 3959 3459 4018; x_wconf 83' lang='lat' dir='ltr'><strong>ge-</strong></span> 
     </span>
    </p>
   </div>
   <div class='ocr_carea' id='block_1_46' title="bbox 197 4011 3460 4095">
    <p class='ocr_par' dir='ltr' id='par_1_46' title="bbox 197 4011 3460 4095">
     <span class='ocr_line' id='line_1_47' title="bbox 197 4011 3460 4095; baseline 0.002 -23"><span class='ocrx_word' id='word_1_584' title='bbox 197 4013 432 4095; x_wconf 75' lang='lat' dir='ltr'><strong>lienme</strong></span> <span class='ocrx_word' id='word_1_585' title='bbox 467 4019 562 4074; x_wconf 90' lang='lat' dir='ltr'><strong>est</strong></span> <span class='ocrx_word' id='word_1_586' title='bbox 590 4013 946 4095; x_wconf 73' lang='lat' dir='ltr'><strong>deputatus</strong></span> <span class='ocrx_word' id='word_1_587' title='bbox 969 4011 1285 4095; x_wconf 84' lang='lat' dir='ltr'><strong>incendio.</strong></span> <span class='ocrx_word' id='word_1_588' title='bbox 1313 4013 1468 4095; x_wconf 65' lang='lat' dir='ltr'><strong>Quae</strong></span> <span class='ocrx_word' id='word_1_589' title='bbox 1491 4013 1685 4095; x_wconf 82' lang='lat' dir='ltr'><strong>igitur</strong></span> <span class='ocrx_word' id='word_1_590' title='bbox 1705 4014 1998 4095; x_wconf 77' lang='lat' dir='ltr'><strong>superius</strong></span> <span class='ocrx_word' id='word_1_591' title='bbox 2030 4013 2195 4095; x_wconf 82' lang='lat' dir='ltr'><strong>dicta</strong></span> <span class='ocrx_word' id='word_1_592' title='bbox 2217 4017 2390 4095; x_wconf 91' lang='lat' dir='ltr'><strong>sunt,</strong></span> <span class='ocrx_word' id='word_1_593' title='bbox 2421 4011 2695 4095; x_wconf 78' lang='lat' dir='ltr'><strong>ﬁguram</strong></span> <span class='ocrx_word' id='word_1_594' title='bbox 2728 4011 3059 4076; x_wconf 82' lang='lat' dir='ltr'><strong>manifeste</strong></span> <span class='ocrx_word' id='word_1_595' title='bbox 3086 4011 3460 4095; x_wconf 70' lang='lat' dir='ltr'><strong>exprimunt</strong></span> 
     </span>
    </p>
   </div>
   <div class='ocr_carea' id='block_1_47' title="bbox 205 4091 3460 4171">
    <p class='ocr_par' dir='ltr' id='par_1_47' title="bbox 205 4091 3460 4171">
     <span class='ocr_line' id='line_1_48' title="bbox 205 4091 3460 4171; baseline 0.002 -20"><span class='ocrx_word' id='word_1_596' title='bbox 205 4091 595 4152; x_wconf 85' lang='lat' dir='ltr'><strong>futurorum.</strong></span> <span class='ocrx_word' id='word_1_597' title='bbox 629 4093 802 4153; x_wconf 89' lang='lat' dir='ltr'><strong>Sicut</strong></span> <span class='ocrx_word' id='word_1_598' title='bbox 845 4091 1015 4152; x_wconf 90' lang='lat' dir='ltr'><strong>enim</strong></span> <span class='ocrx_word' id='word_1_599' title='bbox 1053 4091 1139 4150; x_wconf 90' lang='lat' dir='ltr'><strong>ibi</strong></span> <span class='ocrx_word' id='word_1_600' title='bbox 1191 4092 1257 4150; x_wconf 93' lang='lat' dir='ltr'><strong>in</strong></span> <span class='ocrx_word' id='word_1_601' title='bbox 1308 4092 1519 4170; x_wconf 91' lang='lat' dir='ltr'><strong>ignem</strong></span> <span class='ocrx_word' id='word_1_602' title='bbox 1550 4093 1748 4164; x_wconf 90' lang='lat' dir='ltr'><strong>missi,</strong></span> <span class='ocrx_word' id='word_1_603' title='bbox 1781 4093 1942 4152; x_wconf 91' lang='lat' dir='ltr'><strong>nihil</strong></span> <span class='ocrx_word' id='word_1_604' title='bbox 1988 4093 2237 4152; x_wconf 88' lang='lat' dir='ltr'><strong>adversi</strong></span> <span class='ocrx_word' id='word_1_605' title='bbox 2268 4091 2534 4151; x_wconf 88' lang='lat' dir='ltr'><strong>omnino</strong></span> <span class='ocrx_word' id='word_1_606' title='bbox 2565 4098 2907 4153; x_wconf 89' lang='lat' dir='ltr'><strong>senserunt</strong></span> <span class='ocrx_word' id='word_1_607' title='bbox 2935 4114 2950 4152; x_wconf 92' lang='lat'>:</span> <span class='ocrx_word' id='word_1_608' title='bbox 2979 4096 3090 4171; x_wconf 91' lang='lat' dir='ltr'><strong>qui</strong></span> <span class='ocrx_word' id='word_1_609' title='bbox 3122 4091 3276 4158; x_wconf 76' lang='lat' dir='ltr'><strong>vero</strong></span> <span class='ocrx_word' id='word_1_610' title='bbox 3309 4097 3460 4159; x_wconf 88' lang='lat' dir='ltr'><strong>foris</strong></span> 
     </span>
    </p>
   </div>
   <div class='ocr_carea' id='block_1_48' title="bbox 202 4171 3462 4242">
    <p class='ocr_par' dir='ltr' id='par_1_48' title="bbox 202 4171 3462 4242">
     <span class='ocr_line' id='line_1_49' title="bbox 202 4171 3462 4242; baseline 0.002 -12"><span class='ocrx_word' id='word_1_611' title='bbox 202 4176 548 4242; x_wconf 82' lang='lat' dir='ltr'><strong>steterunt,</strong></span> <span class='ocrx_word' id='word_1_612' title='bbox 582 4173 793 4232; x_wconf 91' lang='lat' dir='ltr'><strong>subito</strong></span> <span class='ocrx_word' id='word_1_613' title='bbox 825 4187 900 4231; x_wconf 88' lang='lat' dir='ltr'><strong>ac</strong></span> <span class='ocrx_word' id='word_1_614' title='bbox 932 4171 1288 4230; x_wconf 88' lang='lat' dir='ltr'><strong>vehementi</strong></span> <span class='ocrx_word' id='word_1_615' title='bbox 1324 4172 1618 4231; x_wconf 89' lang='lat' dir='ltr'><strong>incendio</strong></span> <span class='ocrx_word' id='word_1_616' title='bbox 1653 4172 2042 4232; x_wconf 87' lang='lat' dir='ltr'><strong>concremati</strong></span> <span class='ocrx_word' id='word_1_617' title='bbox 2071 4175 2260 4231; x_wconf 86' lang='lat' dir='ltr'><strong>sunt:</strong></span> <span class='ocrx_word' id='word_1_618' title='bbox 2285 4171 2377 4230; x_wconf 90' lang='lat' dir='ltr'><strong>sic</strong></span> <span class='ocrx_word' id='word_1_619' title='bbox 2411 4171 2602 4231; x_wconf 85' lang='lat' dir='ltr'><strong>etiam</strong></span> <span class='ocrx_word' id='word_1_620' title='bbox 2633 4179 2784 4232; x_wconf 89' lang='lat' dir='ltr'><strong>tunc</strong></span> <span class='ocrx_word' id='word_1_621' title='bbox 2819 4173 3105 4234; x_wconf 90' lang='lat' dir='ltr'><strong>futurum</strong></span> <span class='ocrx_word' id='word_1_622' title='bbox 3152 4185 3270 4237; x_wconf 89' lang='lat' dir='ltr'><strong>est.</strong></span> <span class='ocrx_word' id='word_1_623' title='bbox 3301 4179 3462 4238; x_wconf 86' lang='lat' dir='ltr'><strong>Nam</strong></span> 
     </span>
    </p>
   </div>
   <div class='ocr_carea' id='block_1_49' title="bbox 204 4248 3466 4331">
    <p class='ocr_par' dir='ltr' id='par_1_49' title="bbox 204 4248 3466 4331">
     <span class='ocr_line' id='line_1_50' title="bbox 204 4248 3466 4331; baseline 0.003 -23"><span class='ocrx_word' id='word_1_624' title='bbox 204 4253 271 4331; x_wconf 85' lang='lat' dir='ltr'><strong>et</strong></span> <span class='ocrx_word' id='word_1_625' title='bbox 311 4252 514 4331; x_wconf 80' lang='lat' dir='ltr'><strong>sancti</strong></span> <span class='ocrx_word' id='word_1_626' title='bbox 551 4250 802 4331; x_wconf 81' lang='lat' dir='ltr'><strong>etiamsi</strong></span> <span class='ocrx_word' id='word_1_627' title='bbox 840 4248 1075 4331; x_wconf 81' lang='lat' dir='ltr'><strong>flumen</strong></span> <span class='ocrx_word' id='word_1_628' title='bbox 1111 4251 1369 4331; x_wconf 83' lang='lat' dir='ltr'><strong>igneum</strong></span> <span class='ocrx_word' id='word_1_629' title='bbox 1423 4255 1776 4323; x_wconf 88' lang='lat' dir='ltr'><strong>transeant,</strong></span> <span class='ocrx_word' id='word_1_630' title='bbox 1809 4251 1971 4331; x_wconf 87' lang='lat' dir='ltr'><strong>nihil</strong></span> <span class='ocrx_word' id='word_1_631' title='bbox 2014 4267 2280 4331; x_wconf 74' lang='lat' dir='ltr'><strong>prorsus</strong></span> <span class='ocrx_word' id='word_1_632' title='bbox 2316 4250 2495 4331; x_wconf 81' lang='lat' dir='ltr'><strong>triste</strong></span> <span class='ocrx_word' id='word_1_633' title='bbox 2525 4251 2869 4327; x_wconf 87' lang='lat' dir='ltr'><strong>patientur,</strong></span> <span class='ocrx_word' id='word_1_634' title='bbox 2911 4253 3018 4312; x_wconf 90' lang='lat' dir='ltr'><strong>sed</strong></span> <span class='ocrx_word' id='word_1_635' title='bbox 3061 4259 3466 4331; x_wconf 79' lang='lat' dir='ltr'><strong>apparebunt</strong></span> 
     </span>
    </p>
   </div>
   <div class='ocr_carea' id='block_1_50' title="bbox 198 4328 3461 4407">
    <p class='ocr_par' dir='ltr' id='par_1_50' title="bbox 198 4328 3461 4407">
     <span class='ocr_line' id='line_1_51' title="bbox 198 4328 3461 4407; baseline 0.003 -21"><span class='ocrx_word' id='word_1_636' title='bbox 198 4329 449 4403; x_wconf 86' lang='lat' dir='ltr'><strong>absque</strong></span> <span class='ocrx_word' id='word_1_637' title='bbox 480 4328 674 4387; x_wconf 82' lang='lat' dir='ltr'><strong>dubio</strong></span> <span class='ocrx_word' id='word_1_638' title='bbox 708 4328 1012 4407; x_wconf 80' lang='lat' dir='ltr'><strong>clariores</strong></span> <span class='ocrx_word' id='word_1_639' title='bbox 1053 4347 1066 4384; x_wconf 91' lang='lat'>:</span> <span class='ocrx_word' id='word_1_640' title='bbox 1102 4328 1472 4388; x_wconf 89' lang='lat' dir='ltr'><strong>adoratores</strong></span> <span class='ocrx_word' id='word_1_641' title='bbox 1513 4346 1667 4388; x_wconf 87' lang='lat' dir='ltr'><strong>vero</strong></span> <span class='ocrx_word' id='word_1_642' title='bbox 1711 4329 2009 4407; x_wconf 89' lang='lat' dir='ltr'><strong>imaginis</strong></span> <span class='ocrx_word' id='word_1_643' title='bbox 2047 4328 2356 4388; x_wconf 90' lang='lat' dir='ltr'><strong>videbunt</strong></span> <span class='ocrx_word' id='word_1_644' title='bbox 2386 4328 2599 4406; x_wconf 87' lang='lat' dir='ltr'><strong>ignem</strong></span> <span class='ocrx_word' id='word_1_645' title='bbox 2635 4332 2807 4389; x_wconf 86' lang='lat' dir='ltr'><strong>omni</strong></span> <span class='ocrx_word' id='word_1_646' title='bbox 2847 4349 2909 4389; x_wconf 82' lang='lat' dir='ltr'><strong>in</strong></span> <span class='ocrx_word' id='word_1_647' title='bbox 2953 4351 3022 4392; x_wconf 90' lang='lat' dir='ltr'><strong>se</strong></span> <span class='ocrx_word' id='word_1_648' title='bbox 3062 4328 3192 4394; x_wconf 68' lang='lat' dir='ltr'><strong>fera</strong></span> <span class='ocrx_word' id='word_1_649' title='bbox 3235 4338 3461 4396; x_wconf 71' lang='lat' dir='ltr'><strong>saevius</strong></span> 
     </span>
    </p>
   </div>
   <div class='ocr_carea' id='block_1_51' title="bbox 202 4404 3461 4488">
    <p class='ocr_par' dir='ltr' id='par_1_51' title="bbox 202 4404 3461 4488">
     <span class='ocr_line' id='line_1_52' title="bbox 202 4404 3461 4488; baseline 0.002 -22"><span class='ocrx_word' id='word_1_650' title='bbox 202 4408 582 4476; x_wconf 86' lang='lat' dir='ltr'><strong>irruentem,</strong></span> <span class='ocrx_word' id='word_1_651' title='bbox 625 4424 824 4482; x_wconf 87' lang='lat' dir='ltr'><strong>seque</strong></span> <span class='ocrx_word' id='word_1_652' title='bbox 871 4404 948 4463; x_wconf 84' lang='lat' dir='ltr'><strong>ad</strong></span> <span class='ocrx_word' id='word_1_653' title='bbox 992 4423 1324 4482; x_wconf 74' lang='lat' dir='ltr'><strong>pcenarum</strong></span> <span class='ocrx_word' id='word_1_654' title='bbox 1371 4407 1678 4467; x_wconf 88' lang='lat' dir='ltr'><strong>interiora</strong></span> <span class='ocrx_word' id='word_1_655' title='bbox 1712 4404 2088 4483; x_wconf 78' lang='lat' dir='ltr'><strong>rapientem.</strong></span> <span class='ocrx_word' id='word_1_656' title='bbox 2122 4407 2184 4466; x_wconf 89' lang='lat' dir='ltr'><strong>Si</strong></span> <span class='ocrx_word' id='word_1_657' title='bbox 2220 4407 2366 4484; x_wconf 89' lang='lat' dir='ltr'><strong>quis</strong></span> <span class='ocrx_word' id='word_1_658' title='bbox 2407 4404 2560 4486; x_wconf 74' lang='lat' dir='ltr'><strong>ergo</strong></span> <span class='ocrx_word' id='word_1_659' title='bbox 2591 4425 2719 4467; x_wconf 91' lang='lat' dir='ltr'><strong>non</strong></span> <span class='ocrx_word' id='word_1_660' title='bbox 2747 4410 2944 4470; x_wconf 89' lang='lat' dir='ltr'><strong>credit</strong></span> <span class='ocrx_word' id='word_1_661' title='bbox 2973 4411 3354 4488; x_wconf 86' lang='lat' dir='ltr'><strong>gehennam,</strong></span> <span class='ocrx_word' id='word_1_662' title='bbox 3385 4416 3461 4477; x_wconf 90' lang='lat' dir='ltr'><strong>ad</strong></span> 
     </span>
    </p>
   </div>
   <div class='ocr_carea' id='block_1_52' title="bbox 215 4488 3471 4567">
    <p class='ocr_par' dir='ltr' id='par_1_52' title="bbox 215 4488 3471 4567">
     <span class='ocr_line' id='line_1_53' title="bbox 215 4488 3471 4567; baseline -0.002 -7"><span class='ocrx_word' id='word_1_663' title='bbox 215 4501 498 4560; x_wconf 85' lang='lat' dir='ltr'><strong>fornacis</strong></span> <span class='ocrx_word' id='word_1_664' title='bbox 538 4497 709 4557; x_wconf 89' lang='lat' dir='ltr'><strong>illius</strong></span> <span class='ocrx_word' id='word_1_665' title='bbox 745 4496 1071 4556; x_wconf 84' lang='lat' dir='ltr'><strong>flammam</strong></span> <span class='ocrx_word' id='word_1_666' title='bbox 1104 4498 1315 4552; x_wconf 91' lang='lat' dir='ltr'><strong>mente</strong></span> <span class='ocrx_word' id='word_1_667' title='bbox 1371 4489 1708 4567; x_wconf 88' lang='lat' dir='ltr'><strong>respiciat,</strong></span> <span class='ocrx_word' id='word_1_668' title='bbox 1749 4495 1811 4548; x_wconf 90' lang='lat' dir='ltr'><strong>et</strong></span> <span class='ocrx_word' id='word_1_669' title='bbox 1840 4506 1922 4548; x_wconf 82' lang='lat' dir='ltr'><strong>ex</strong></span> <span class='ocrx_word' id='word_1_670' title='bbox 1950 4488 2492 4564; x_wconf 90' lang='lat' dir='ltr'><strong>contemplatione</strong></span> <span class='ocrx_word' id='word_1_671' title='bbox 2528 4489 2935 4563; x_wconf 67' lang='lat' dir='ltr'><strong>praesentium</strong></span> <span class='ocrx_word' id='word_1_672' title='bbox 2962 4490 3178 4550; x_wconf 90' lang='lat' dir='ltr'><strong>credat</strong></span> <span class='ocrx_word' id='word_1_673' title='bbox 3206 4491 3420 4553; x_wconf 86' lang='lat' dir='ltr'><strong>futura</strong></span> <span class='ocrx_word' id='word_1_674' title='bbox 3453 4539 3471 4564; x_wconf 94' lang='lat'><strong>,</strong></span> 
     </span>
    </p>
   </div>
   <div class='ocr_carea' id='block_1_53' title="bbox 203 4566 3476 4656">
    <p class='ocr_par' dir='ltr' id='par_1_53' title="bbox 203 4566 3476 4656">
     <span class='ocr_line' id='line_1_54' title="bbox 203 4566 3476 4656; baseline -0.002 -17"><span class='ocrx_word' id='word_1_675' title='bbox 203 4596 339 4639; x_wconf 82' lang='lat' dir='ltr'><strong>nec</strong></span> <span class='ocrx_word' id='word_1_676' title='bbox 358 4577 782 4656; x_wconf 86' lang='lat' dir='ltr'><strong>paupertatis,</strong></span> <span class='ocrx_word' id='word_1_677' title='bbox 814 4575 918 4635; x_wconf 90' lang='lat' dir='ltr'><strong>sed</strong></span> <span class='ocrx_word' id='word_1_678' title='bbox 944 4572 1300 4656; x_wconf 48' lang='lat' dir='ltr'><strong>iniquitatis</strong></span> <span class='ocrx_word' id='word_1_679' title='bbox 1325 4566 1651 4656; x_wconf 72' lang='lat' dir='ltr'><strong>fornacem</strong></span> <span class='ocrx_word' id='word_1_680' title='bbox 1687 4567 2446 4656; x_wconf 42' lang='lat' dir='ltr'><strong>expavescat:_liic&#39;enim</strong></span> <span class='ocrx_word' id='word_1_681' title='bbox 2475 4572 2541 4656; x_wconf 68' lang='lat' dir='ltr'><strong>et</strong></span> <span class='ocrx_word' id='word_1_682' title='bbox 2558 4566 2721 4646; x_wconf 91' lang='lat' dir='ltr'><strong>ignis</strong></span> <span class='ocrx_word' id='word_1_683' title='bbox 2752 4568 3015 4656; x_wconf 79' lang='lat' dir='ltr'><strong>etdoler</strong></span> <span class='ocrx_word' id='word_1_684' title='bbox 3037 4574 3173 4656; x_wconf 69' lang='lat' dir='ltr'><strong>est:</strong></span> <span class='ocrx_word' id='word_1_685' title='bbox 3201 4570 3284 4630; x_wconf 92' lang='lat' dir='ltr'><strong>ibi</strong></span> <span class='ocrx_word' id='word_1_686' title='bbox 3324 4589 3476 4632; x_wconf 89' lang='lat' dir='ltr'><strong>vero</strong></span> 
     </span>
    </p>
   </div>
   <div class='ocr_carea' id='block_1_54' title="bbox 212 4643 3476 4730">
    <p class='ocr_par' dir='ltr' id='par_1_54' title="bbox 212 4643 3476 4730">
     <span class='ocr_line' id='line_1_55' title="bbox 212 4643 3476 4730; baseline -0.002 -12"><span class='ocrx_word' id='word_1_687' title='bbox 212 4662 281 4719; x_wconf 86' lang='lat' dir='ltr'><strong>et</strong></span> <span class='ocrx_word' id='word_1_688' title='bbox 309 4643 414 4717; x_wconf 71' lang='lat' dir='ltr'><strong>res</strong></span> <span class='ocrx_word' id='word_1_689' title='bbox 447 4643 740 4727; x_wconf 74' lang='lat' dir='ltr'><strong>sentitur,</strong></span> <span class='ocrx_word' id='word_1_690' title='bbox 768 4643 847 4714; x_wconf 83' lang='lat' dir='ltr'><strong>ac</strong></span> <span class='ocrx_word' id='word_1_691' title='bbox 875 4643 1154 4730; x_wconf 73' lang='lat' dir='ltr'><strong>requies.</strong></span> <span class='ocrx_word' id='word_1_692' title='bbox 1178 4651 1254 4710; x_wconf 91' lang='lat' dir='ltr'><strong>Et</strong></span> <span class='ocrx_word' id='word_1_693' title='bbox 1276 4650 1339 4709; x_wconf 93' lang='lat' dir='ltr'><strong>in</strong></span> <span class='ocrx_word' id='word_1_694' title='bbox 1364 4650 1475 4710; x_wconf 89' lang='lat' dir='ltr'><strong>illa</strong></span> <span class='ocrx_word' id='word_1_695' title='bbox 1503 4647 1761 4726; x_wconf 91' lang='lat' dir='ltr'><strong>quidem</strong></span> <span class='ocrx_word' id='word_1_696' title='bbox 1791 4646 2045 4710; x_wconf 86' lang='lat' dir='ltr'><strong>flamma</strong></span> <span class='ocrx_word' id='word_1_697' title='bbox 2065 4643 2357 4708; x_wconf 87' lang='lat' dir='ltr'><strong>diabolus</strong></span> <span class='ocrx_word' id='word_1_698' title='bbox 2379 4643 2624 4706; x_wconf 78' lang='lat' dir='ltr'><strong>medius</strong></span> <span class='ocrx_word' id='word_1_699' title='bbox 2645 4646 2907 4720; x_wconf 91' lang='lat' dir='ltr'><strong>assistit,</strong></span> <span class='ocrx_word' id='word_1_700' title='bbox 2943 4647 3008 4707; x_wconf 90' lang='lat' dir='ltr'><strong>in</strong></span> <span class='ocrx_word' id='word_1_701' title='bbox 3034 4649 3154 4710; x_wconf 88' lang='lat' dir='ltr'><strong>hac</strong></span> <span class='ocrx_word' id='word_1_702' title='bbox 3184 4667 3332 4711; x_wconf 88' lang='lat' dir='ltr'><strong>vero</strong></span> <span class='ocrx_word' id='word_1_703' title='bbox 3359 4668 3476 4712; x_wconf 85' lang='lat' dir='ltr'><strong>an-</strong></span> 
     </span>
    </p>
   </div>
   <div class='ocr_carea' id='block_1_55' title="bbox 211 4733 1098 4817">
    <p class='ocr_par' dir='ltr' id='par_1_55' title="bbox 211 4733 1098 4817">
     <span class='ocr_line' id='line_1_56' title="bbox 211 4733 1098 4817; baseline -0.01 -19"><span class='ocrx_word' id='word_1_704' title='bbox 211 4735 665 4817; x_wconf 78' lang='lat' dir='ltr'><strong>geliincendia</strong></span> <span class='ocrx_word' id='word_1_705' title='bbox 694 4733 1098 4817; x_wconf 83' lang='lat' dir='ltr'><strong>repellentes.</strong></span> 
     </span>
    </p>
   </div>
   <div class='ocr_carea' id='block_1_56' title="bbox 297 4804 3474 4892">
    <p class='ocr_par' dir='ltr' id='par_1_56' title="bbox 297 4804 3474 4892">
     <span class='ocr_line' id='line_1_57' title="bbox 297 4804 3474 4892; baseline -0.002 -17"><span class='ocrx_word' id='word_1_706' title='bbox 297 4815 396 4876; x_wconf 80' lang='grc'>12.</span> <span class='ocrx_word' id='word_1_707' title='bbox 435 4815 711 4874; x_wconf 83' lang='lat' dir='ltr'><strong>Audiant</strong></span> <span class='ocrx_word' id='word_1_708' title='bbox 735 4804 928 4892; x_wconf 81' lang='lat' dir='ltr'><strong>igitur</strong></span> <span class='ocrx_word' id='word_1_709' title='bbox 955 4811 1078 4892; x_wconf 88' lang='lat' dir='ltr'><strong>ista</strong></span> <span class='ocrx_word' id='word_1_710' title='bbox 1114 4807 1338 4868; x_wconf 89' lang='lat' dir='ltr'><strong>divites</strong></span> <span class='ocrx_word' id='word_1_711' title='bbox 1371 4807 1483 4884; x_wconf 89' lang='lat' dir='ltr'><strong>qui</strong></span> <span class='ocrx_word' id='word_1_712' title='bbox 1512 4806 1836 4892; x_wconf 83' lang='lat' dir='ltr'><strong>fornacem</strong></span> <span class='ocrx_word' id='word_1_713' title='bbox 1866 4805 2224 4892; x_wconf 80' lang='lat' dir='ltr'><strong>iniquitatis</strong></span> <span class='ocrx_word' id='word_1_714' title='bbox 2243 4804 2628 4892; x_wconf 65' lang='lat' dir='ltr'><strong>acuenilunt,</strong></span> <span class='ocrx_word' id='word_1_715' title='bbox 2661 4809 2723 4866; x_wconf 92' lang='lat' dir='ltr'><strong>ct</strong></span> <span class='ocrx_word' id='word_1_716' title='bbox 2747 4807 2858 4883; x_wconf 91' lang='lat' dir='ltr'><strong>qui</strong></span> <span class='ocrx_word' id='word_1_717' title='bbox 2883 4809 3283 4892; x_wconf 83' lang='lat' dir='ltr'><strong>pauperibus</strong></span> <span class='ocrx_word' id='word_1_718' title='bbox 3313 4809 3474 4871; x_wconf 89' lang='lat' dir='ltr'><strong>nihil</strong></span> 
     </span>
    </p>
   </div>
   <div class='ocr_carea' id='block_1_57' title="bbox 207 4883 3473 4965">
    <p class='ocr_par' dir='ltr' id='par_1_57' title="bbox 207 4883 3473 4965">
     <span class='ocr_line' id='line_1_58' title="bbox 207 4883 3473 4965; baseline -0.002 -9"><span class='ocrx_word' id='word_1_719' title='bbox 207 4900 472 4963; x_wconf 88' lang='lat' dir='ltr'><strong>nocent,</strong></span> <span class='ocrx_word' id='word_1_720' title='bbox 504 4894 719 4955; x_wconf 90' lang='lat' dir='ltr'><strong>divina</strong></span> <span class='ocrx_word' id='word_1_721' title='bbox 749 4883 874 4951; x_wconf 69' lang='lat' dir='ltr'><strong>illis</strong></span> <span class='ocrx_word' id='word_1_722' title='bbox 913 4891 1144 4952; x_wconf 88' lang='lat' dir='ltr'><strong>virtute</strong></span> <span class='ocrx_word' id='word_1_723' title='bbox 1180 4883 1483 4949; x_wconf 84' lang='lat' dir='ltr'><strong>rorante:</strong></span> <span class='ocrx_word' id='word_1_724' title='bbox 1514 4905 1582 4946; x_wconf 90' lang='lat' dir='ltr'><strong>se</strong></span> <span class='ocrx_word' id='word_1_725' title='bbox 1613 4903 1767 4946; x_wconf 81' lang='lat' dir='ltr'><strong>vero</strong></span> <span class='ocrx_word' id='word_1_726' title='bbox 1790 4886 1854 4945; x_wconf 93' lang='lat' dir='ltr'><strong>in</strong></span> <span class='ocrx_word' id='word_1_727' title='bbox 1883 4885 2054 4946; x_wconf 91' lang='lat' dir='ltr'><strong>illius</strong></span> <span class='ocrx_word' id='word_1_728' title='bbox 2083 4884 2407 4946; x_wconf 85' lang='lat' dir='ltr'><strong>horribilis</strong></span> <span class='ocrx_word' id='word_1_729' title='bbox 2435 4883 2702 4946; x_wconf 68' lang='lat' dir='ltr'><strong>flamma:</strong></span> <span class='ocrx_word' id='word_1_730' title='bbox 2731 4883 3273 4964; x_wconf 57' lang='lat' dir='ltr'><strong>praedanfsponte</strong></span> <span class='ocrx_word' id='word_1_731' title='bbox 3303 4908 3473 4965; x_wconf 69' lang='lat' dir='ltr'><strong>pra:-</strong></span> 
     </span>
    </p>
   </div>
   <div class='ocr_carea' id='block_1_58' title="bbox 207 4965 3467 5051">
    <p class='ocr_par' dir='ltr' id='par_1_58' title="bbox 207 4965 3467 5051">
     <span class='ocr_line' id='line_1_59' title="bbox 207 4965 3467 5051; baseline -0.002 -15"><span class='ocrx_word' id='word_1_732' title='bbox 207 4975 483 5051; x_wconf 87' lang='lat' dir='ltr'><strong>cipitant</strong></span> <span class='ocrx_word' id='word_1_733' title='bbox 508 5017 523 5040; x_wconf 89' lang='lat'><strong>,</strong></span> <span class='ocrx_word' id='word_1_734' title='bbox 552 4990 748 5049; x_wconf 90' lang='lat' dir='ltr'><strong>quam</strong></span> <span class='ocrx_word' id='word_1_735' title='bbox 776 4970 1051 5051; x_wconf 89' lang='lat' dir='ltr'><strong>propriis</strong></span> <span class='ocrx_word' id='word_1_736' title='bbox 1081 4974 1249 5029; x_wconf 88' lang='lat' dir='ltr'><strong>certe</strong></span> <span class='ocrx_word' id='word_1_737' title='bbox 1269 4967 1566 5051; x_wconf 84' lang='lat' dir='ltr'><strong>manibus</strong></span> <span class='ocrx_word' id='word_1_738' title='bbox 1585 4965 1974 5051; x_wconf 80' lang='lat' dir='ltr'><strong>accendunt.</strong></span> <span class='ocrx_word' id='word_1_739' title='bbox 1992 4966 2178 5051; x_wconf 83' lang='lat' dir='ltr'><strong>_Tunc</strong></span> <span class='ocrx_word' id='word_1_740' title='bbox 2208 4966 2424 5042; x_wconf 90' lang='lat' dir='ltr'><strong>itaque</strong></span> <span class='ocrx_word' id='word_1_741' title='bbox 2447 4965 2715 5051; x_wconf 88' lang='lat' dir='ltr'><strong>angelus</strong></span> <span class='ocrx_word' id='word_1_742' title='bbox 2740 4965 3064 5051; x_wconf 88' lang='lat' dir='ltr'><strong>descendit</strong></span> <span class='ocrx_word' id='word_1_743' title='bbox 3093 4967 3169 5051; x_wconf 79' lang='lat' dir='ltr'><strong>ad</strong></span> <span class='ocrx_word' id='word_1_744' title='bbox 3207 4985 3467 5051; x_wconf 80' lang='lat' dir='ltr'><strong>pueros,</strong></span> 
     </span>
    </p>
   </div>
   <div class='ocr_carea' id='block_1_59' title="bbox 207 4990 3471 5182">
    <p class='ocr_par' dir='ltr' id='par_1_59' title="bbox 207 4990 3471 5182">
     <span class='ocr_line' id='line_1_60' title="bbox 207 4990 3467 5051; baseline -0.002 -15"><span class='ocrx_word' id='word_1_745' title='bbox 207 4990 483 5051; x_wconf 79' lang='lat' dir='ltr'><strong>Clpltanl</strong></span> <span class='ocrx_word' id='word_1_746' title='bbox 508 5017 523 5040; x_wconf 84' lang='lat'><strong>,</strong></span> <span class='ocrx_word' id='word_1_747' title='bbox 552 4990 748 5049; x_wconf 90' lang='lat' dir='ltr'><strong>quam</strong></span> <span class='ocrx_word' id='word_1_748' title='bbox 822 4990 1051 5048; x_wconf 83' lang='lat' dir='ltr'><strong>roprlls</strong></span> <span class='ocrx_word' id='word_1_749' title='bbox 1081 4990 1249 5029; x_wconf 79' lang='lat' dir='ltr'><strong>certe</strong></span> <span class='ocrx_word' id='word_1_750' title='bbox 1269 4990 1566 5026; x_wconf 71' lang='lat' dir='ltr'><strong>malumus</strong></span> <span class='ocrx_word' id='word_1_751' title='bbox 1585 4990 1960 5025; x_wconf 80' lang='lat' dir='ltr'><strong>accenuum.</strong></span> <span class='ocrx_word' id='word_1_752' title='bbox 2008 4990 2033 5024; x_wconf 82' lang='lat'><strong>1</strong></span> <span class='ocrx_word' id='word_1_753' title='bbox 2054 4990 2178 5026; x_wconf 78' lang='lat' dir='ltr'><strong>unt;</strong></span> <span class='ocrx_word' id='word_1_754' title='bbox 2208 4990 2424 5042; x_wconf 78' lang='lat' dir='ltr'><strong>Itaque</strong></span> <span class='ocrx_word' id='word_1_755' title='bbox 2447 4990 2715 5043; x_wconf 77' lang='lat' dir='ltr'><strong>angelus</strong></span> <span class='ocrx_word' id='word_1_756' title='bbox 2740 4990 3064 5026; x_wconf 74' lang='lat' dir='ltr'><strong>uesccnuu</strong></span> <span class='ocrx_word' id='word_1_757' title='bbox 3093 4990 3169 5026; x_wconf 78' lang='lat' dir='ltr'><strong>au</strong></span> <span class='ocrx_word' id='word_1_758' title='bbox 3207 4990 3467 5044; x_wconf 75' lang='lat' dir='ltr'><strong>pueros,</strong></span> 
     </span>
     <span class='ocr_line' id='line_1_61' title="bbox 207 4990 3471 5182; baseline -0.002 -69"><span class='ocrx_word' id='word_1_759' title='bbox 207 5071 392 5113; x_wconf 87' lang='lat' dir='ltr'><strong>nunc</strong></span> <span class='ocrx_word' id='word_1_760' title='bbox 419 5069 573 5112; x_wconf 70' lang='lat' dir='ltr'><strong>vero</strong></span> <span class='ocrx_word' id='word_1_761' title='bbox 605 5069 720 5112; x_wconf 91' lang='lat' dir='ltr'><strong>nos</strong></span> <span class='ocrx_word' id='word_1_762' title='bbox 761 4990 1216 5110; x_wconf 43' lang='lat' dir='ltr'><strong>fescendamus</strong></span> <span class='ocrx_word' id='word_1_763' title='bbox 1253 5045 1329 5107; x_wconf 93' lang='lat' dir='ltr'><strong>ad</strong></span> <span class='ocrx_word' id='word_1_764' title='bbox 1362 5064 1471 5106; x_wconf 89' lang='lat' dir='ltr'><strong>eos</strong></span> <span class='ocrx_word' id='word_1_765' title='bbox 1503 5045 1615 5122; x_wconf 88' lang='lat' dir='ltr'><strong>qui</strong></span> <span class='ocrx_word' id='word_1_766' title='bbox 1651 5045 1717 5102; x_wconf 89' lang='lat' dir='ltr'><strong>in</strong></span> <span class='ocrx_word' id='word_1_767' title='bbox 1741 5045 2040 5182; x_wconf 61' lang='lat' dir='ltr'><strong>egestatis</strong></span> <span class='ocrx_word' id='word_1_768' title='bbox 2065 5045 2323 5105; x_wconf 90' lang='lat' dir='ltr'><strong>fornace</strong></span> <span class='ocrx_word' id='word_1_769' title='bbox 2355 5050 2681 5104; x_wconf 89' lang='lat' dir='ltr'><strong>torrentur</strong></span> <span class='ocrx_word' id='word_1_770' title='bbox 2709 5088 2724 5115; x_wconf 92' lang='lat'><strong>,</strong></span> <span class='ocrx_word' id='word_1_771' title='bbox 2757 5044 2981 5122; x_wconf 90' lang='lat' dir='ltr'><strong>eisque</strong></span> <span class='ocrx_word' id='word_1_772' title='bbox 3016 5045 3350 5124; x_wconf 86' lang='lat' dir='ltr'><strong>refrigeria</strong></span> <span class='ocrx_word' id='word_1_773' title='bbox 3393 5048 3471 5108; x_wconf 90' lang='lat' dir='ltr'><strong>de</strong></span> 
     </span>
     <span class='ocr_line' id='line_1_62' title="bbox 207 5122 3471 5182; baseline 0 0"><span class='ocrx_word' id='word_1_774' title='bbox 207 5131 662 5182; x_wconf 64' lang='lat' dir='ltr'><strong>miserimrdim</strong></span> <span class='ocrx_word' id='word_1_775' title='bbox 705 5146 848 5182; x_wconf 78' lang='lat' dir='ltr'><strong>rore</strong></span> <span class='ocrx_word' id='word_1_776' title='bbox 882 5131 1254 5182; x_wconf 72' lang='lat' dir='ltr'><strong>nrzestemus</strong></span> <span class='ocrx_word' id='word_1_777' title='bbox 1304 5145 1319 5182; x_wconf 90' lang='lat'><strong>:</strong></span> <span class='ocrx_word' id='word_1_778' title='bbox 1382 5130 1452 5182; x_wconf 92' lang='lat' dir='ltr'><strong>ut</strong></span> <span class='ocrx_word' id='word_1_779' title='bbox 1497 5127 1580 5182; x_wconf 89' lang='lat' dir='ltr'><strong>ab</strong></span> <span class='ocrx_word' id='word_1_780' title='bbox 1626 5123 1752 5182; x_wconf 90' lang='lat' dir='ltr'><strong>illis</strong></span> <span class='ocrx_word' id='word_1_781' title='bbox 1801 5122 2104 5182; x_wconf 91' lang='lat' dir='ltr'><strong>lammam</strong></span> <span class='ocrx_word' id='word_1_782' title='bbox 2132 5125 2367 5182; x_wconf 65' lang='lat' dir='ltr'><strong>inoniaa</strong></span> <span class='ocrx_word' id='word_1_783' title='bbox 2396 5123 2812 5182; x_wconf 88' lang='lat' dir='ltr'><strong>renellentes.</strong></span> <span class='ocrx_word' id='word_1_784' title='bbox 2847 5124 3168 5182; x_wconf 81' lang='lat' dir='ltr'><strong>possimus</strong></span> <span class='ocrx_word' id='word_1_785' title='bbox 3199 5143 3471 5182; x_wconf 84' lang='lat' dir='ltr'><strong>corona-</strong></span> 
     </span>
    </p>
   </div>
   <div class='ocr_carea' id='block_1_60' title="bbox 206 5122 3473 5205">
    <p class='ocr_par' dir='ltr' id='par_1_60' title="bbox 206 5122 3473 5205">
     <span class='ocr_line' id='line_1_63' title="bbox 206 5122 3473 5205; baseline -0.002 -13"><span class='ocrx_word' id='word_1_786' title='bbox 206 5131 662 5193; x_wconf 72' lang='lat' dir='ltr'><strong>miserimrdize</strong></span> <span class='ocrx_word' id='word_1_787' title='bbox 705 5146 848 5190; x_wconf 88' lang='lat' dir='ltr'><strong>rore</strong></span> <span class='ocrx_word' id='word_1_788' title='bbox 882 5131 1254 5205; x_wconf 60' lang='lat' dir='ltr'><strong>prastemus</strong></span> <span class='ocrx_word' id='word_1_789' title='bbox 1304 5145 1319 5184; x_wconf 89' lang='lat'><strong>:</strong></span> <span class='ocrx_word' id='word_1_790' title='bbox 1382 5130 1452 5186; x_wconf 90' lang='lat' dir='ltr'><strong>ut</strong></span> <span class='ocrx_word' id='word_1_791' title='bbox 1497 5127 1580 5185; x_wconf 89' lang='lat' dir='ltr'><strong>ab</strong></span> <span class='ocrx_word' id='word_1_792' title='bbox 1626 5123 1752 5183; x_wconf 89' lang='lat' dir='ltr'><strong>illis</strong></span> <span class='ocrx_word' id='word_1_793' title='bbox 1785 5122 2104 5205; x_wconf 78' lang='lat' dir='ltr'><strong>flammam</strong></span> <span class='ocrx_word' id='word_1_794' title='bbox 2132 5125 2367 5201; x_wconf 59' lang='lat' dir='ltr'><strong>inopiae</strong></span> <span class='ocrx_word' id='word_1_795' title='bbox 2396 5122 3473 5205; x_wconf 38' lang='lat' dir='ltr'><strong>repellentes,possimus—corona-</strong></span> 
     </span>
    </p>
   </div>
   <div class='ocr_carea' id='block_1_61' title="bbox 207 5203 3465 5289">
    <p class='ocr_par' dir='ltr' id='par_1_61' title="bbox 207 5203 3465 5289">
     <span class='ocr_line' id='line_1_64' title="bbox 207 5203 3465 5289; baseline -0.001 -18"><span class='ocrx_word' id='word_1_796' title='bbox 207 5231 362 5271; x_wconf 89' lang='lat' dir='ltr'><strong>rum</strong></span> <span class='ocrx_word' id='word_1_797' title='bbox 417 5228 679 5289; x_wconf 90' lang='lat' dir='ltr'><strong>quoque</strong></span> <span class='ocrx_word' id='word_1_798' title='bbox 733 5203 955 5289; x_wconf 71' lang='lat' dir='ltr'><strong>eorum</strong></span> <span class='ocrx_word' id='word_1_799' title='bbox 992 5225 1173 5289; x_wconf 84' lang='lat' dir='ltr'><strong>_esse_</strong></span> <span class='ocrx_word' id='word_1_800' title='bbox 1210 5205 1550 5289; x_wconf 76' lang='lat' dir='ltr'><strong>participes</strong></span> <span class='ocrx_word' id='word_1_801' title='bbox 1599 5224 1613 5262; x_wconf 91' lang='lat'><strong>:</strong></span> <span class='ocrx_word' id='word_1_802' title='bbox 1672 5203 1991 5289; x_wconf 71' lang='lat' dir='ltr'><strong>atqueita</strong></span> <span class='ocrx_word' id='word_1_803' title='bbox 2026 5203 2343 5289; x_wconf 82' lang='lat' dir='ltr'><strong>flammam</strong></span> <span class='ocrx_word' id='word_1_804' title='bbox 2401 5203 2714 5289; x_wconf 62' lang='lat' dir='ltr'><strong>gehennae</strong></span> <span class='ocrx_word' id='word_1_805' title='bbox 2760 5203 2994 5264; x_wconf 87' lang='lat' dir='ltr'><strong>Christi</strong></span> <span class='ocrx_word' id='word_1_806' title='bbox 3033 5220 3072 5264; x_wconf 91' lang='lat' dir='ltr'><strong>a</strong></span> <span class='ocrx_word' id='word_1_807' title='bbox 3114 5204 3465 5289; x_wconf 65' lang='lat' dir='ltr'><strong>nobisvox</strong></span> 
     </span>
    </p>
   </div>
   <div class='ocr_carea' id='block_1_62' title="bbox 206 5282 3473 5368">
    <p class='ocr_par' dir='ltr' id='par_1_62' title="bbox 206 5282 3473 5368">
     <span class='ocr_line' id='line_1_65' title="bbox 206 5282 3473 5368; baseline -0.002 -16"><span class='ocrx_word' id='word_1_808' title='bbox 206 5292 327 5352; x_wconf 91' lang='lat' dir='ltr'><strong>illa</strong></span> <span class='ocrx_word' id='word_1_809' title='bbox 367 5282 664 5368; x_wconf 70' lang='lat' dir='ltr'><strong>depellat,</strong></span> <span class='ocrx_word' id='word_1_810' title='bbox 699 5286 1051 5368; x_wconf 71' lang='lat' dir='ltr'><strong>quzedicit</strong></span> <span class='ocrx_word' id='word_1_811' title='bbox 1066 5305 1080 5344; x_wconf 91' lang='lat'><strong>:</strong></span> <span class='ocrx_word' id='word_1_812' title='bbox 1111 5284 1514 5368; x_wconf 68' lang='lat' dir='ltr'><strong>Esurientem</strong></span> <span class='ocrx_word' id='word_1_813' title='bbox 1536 5303 1638 5368; x_wconf 71' lang='lat' dir='ltr'><strong>me</strong></span> <span class='ocrx_word' id='word_1_814' title='bbox 1669 5282 1938 5368; x_wconf 59' lang='lat' dir='ltr'><strong>uidistis,</strong></span> <span class='ocrx_word' id='word_1_815' title='bbox 1965 5290 2021 5341; x_wconf 84' lang='lat' dir='ltr'><strong>et</strong></span> <span class='ocrx_word' id='word_1_816' title='bbox 2036 5283 2316 5368; x_wconf 68' lang='lat' dir='ltr'><strong>papistis</strong></span> <span class='ocrx_word' id='word_1_817' title='bbox 2342 5303 2364 5368; x_wconf 60' lang='grc' dir='ltr'>ί</span> <span class='ocrx_word' id='word_1_818' title='bbox 2394 5282 2737 5368; x_wconf 37' lang='lat' dir='ltr'><strong>sitientem:</strong></span> <span class='ocrx_word' id='word_1_819' title='bbox 2757 5290 2814 5342; x_wconf 84' lang='lat' dir='ltr'><strong>et</strong></span> <span class='ocrx_word' id='word_1_820' title='bbox 2849 5283 3260 5368; x_wconf 38' lang='lat' dir='ltr'><strong>potu-nemihi</strong></span> <span class='ocrx_word' id='word_1_821' title='bbox 3283 5285 3473 5368; x_wconf 72' lang='lat' dir='ltr'><strong>dedi-</strong></span> 
     </span>
    </p>
   </div>
   <div class='ocr_carea' id='block_1_63' title="bbox 204 5361 3467 5450">
    <p class='ocr_par' dir='ltr' id='par_1_63' title="bbox 204 5361 3467 5450">
     <span class='ocr_line' id='line_1_66' title="bbox 204 5361 3467 5450; baseline -0.001 -22"><span class='ocrx_word' id='word_1_822' title='bbox 204 5372 329 5450; x_wconf 20' lang='lat' dir='ltr'><strong>silis</strong></span> <span class='ocrx_word' id='word_1_823' title='bbox 363 5369 380 5450; x_wconf 94' lang='lat'><strong>(</strong></span> <span class='ocrx_word' id='word_1_824' title='bbox 416 5361 779 5450; x_wconf 74' lang='lat' dir='ltr'><strong>Matth._25.</strong></span> <span class='ocrx_word' id='word_1_825' title='bbox 814 5366 892 5450; x_wconf 82' lang='lat'><strong>3_5</strong></span> <span class='ocrx_word' id='word_1_826' title='bbox 917 5367 962 5444; x_wconf 93' lang='lat'><strong>).</strong></span> <span class='ocrx_word' id='word_1_827' title='bbox 993 5365 1143 5450; x_wconf 65' lang='lat' dir='ltr'><strong>Haec</strong></span> <span class='ocrx_word' id='word_1_828' title='bbox 1170 5364 1340 5423; x_wconf 91' lang='lat' dir='ltr'><strong>enim</strong></span> <span class='ocrx_word' id='word_1_829' title='bbox 1371 5367 1504 5450; x_wconf 88' lang='lat' dir='ltr'><strong>tum</strong></span> <span class='ocrx_word' id='word_1_830' title='bbox 1535 5361 1718 5422; x_wconf 91' lang='lat' dir='ltr'><strong>nobis</strong></span> <span class='ocrx_word' id='word_1_831' title='bbox 1752 5380 1883 5424; x_wconf 79' lang='lat' dir='ltr'><strong>vox</strong></span> <span class='ocrx_word' id='word_1_832' title='bbox 1918 5361 2086 5450; x_wconf 81' lang='lat' dir='ltr'><strong>roris</strong></span> <span class='ocrx_word' id='word_1_833' title='bbox 2133 5363 2304 5450; x_wconf 77' lang='lat' dir='ltr'><strong>loeo,</strong></span> <span class='ocrx_word' id='word_1_834' title='bbox 2329 5362 2594 5450; x_wconf 83' lang='lat' dir='ltr'><strong>fratres,</strong></span> <span class='ocrx_word' id='word_1_835' title='bbox 2625 5361 2914 5450; x_wconf 80' lang='lat' dir='ltr'><strong>erit,_per</strong></span> <span class='ocrx_word' id='word_1_836' title='bbox 2939 5363 3208 5450; x_wconf 71' lang='lat' dir='ltr'><strong>inediam</strong></span> <span class='ocrx_word' id='word_1_837' title='bbox 3238 5364 3314 5424; x_wconf 90' lang='lat' dir='ltr'><strong>ad</strong></span> <span class='ocrx_word' id='word_1_838' title='bbox 3351 5383 3467 5425; x_wconf 89' lang='lat' dir='ltr'><strong>nos</strong></span> 
     </span>
    </p>
   </div>
   <div class='ocr_carea' id='block_1_64' title="bbox 206 5440 3470 5519">
    <p class='ocr_par' dir='ltr' id='par_1_64' title="bbox 206 5440 3470 5519">
     <span class='ocr_line' id='line_1_67' title="bbox 206 5440 3470 5519; baseline -0.001 -11"><span class='ocrx_word' id='word_1_839' title='bbox 206 5440 537 5509; x_wconf 81' lang='lat' dir='ltr'><strong>flammam</strong></span> <span class='ocrx_word' id='word_1_840' title='bbox 588 5448 814 5508; x_wconf 90' lang='lat' dir='ltr'><strong>relata.</strong></span> <span class='ocrx_word' id='word_1_841' title='bbox 837 5440 1338 5514; x_wconf 81' lang='lat' dir='ltr'><strong>Descendamus,</strong></span> <span class='ocrx_word' id='word_1_842' title='bbox 1372 5443 1659 5519; x_wconf 90' lang='lat' dir='ltr'><strong>inquam,</strong></span> <span class='ocrx_word' id='word_1_843' title='bbox 1692 5459 1838 5502; x_wconf 89' lang='lat' dir='ltr'><strong>cum</strong></span> <span class='ocrx_word' id='word_1_844' title='bbox 1863 5441 2300 5503; x_wconf 89' lang='lat' dir='ltr'><strong>misericordia</strong></span> <span class='ocrx_word' id='word_1_845' title='bbox 2326 5442 2389 5501; x_wconf 91' lang='lat' dir='ltr'><strong>in</strong></span> <span class='ocrx_word' id='word_1_846' title='bbox 2429 5440 2753 5502; x_wconf 85' lang='lat' dir='ltr'><strong>fornacem</strong></span> <span class='ocrx_word' id='word_1_847' title='bbox 2782 5441 3010 5518; x_wconf 69' lang='lat' dir='ltr'><strong>inepim</strong></span> <span class='ocrx_word' id='word_1_848' title='bbox 3049 5461 3063 5500; x_wconf 90' lang='lat'><strong>:</strong></span> <span class='ocrx_word' id='word_1_849' title='bbox 3099 5443 3470 5504; x_wconf 88' lang='lat' dir='ltr'><strong>intueamur</strong></span> 
     </span>
    </p>
   </div>
   <div class='ocr_carea' id='block_1_65' title="bbox 205 5519 3460 5604">
    <p class='ocr_par' dir='ltr' id='par_1_65' title="bbox 205 5519 3460 5604">
     <span class='ocr_line' id='line_1_68' title="bbox 205 5519 3460 5604; baseline -0.002 -16"><span class='ocrx_word' id='word_1_850' title='bbox 205 5530 362 5588; x_wconf 89' lang='lat' dir='ltr'><strong>illos</strong></span> <span class='ocrx_word' id='word_1_851' title='bbox 413 5529 523 5604; x_wconf 90' lang='lat' dir='ltr'><strong>qui</strong></span> <span class='ocrx_word' id='word_1_852' title='bbox 552 5527 759 5588; x_wconf 90' lang='lat' dir='ltr'><strong>securi</strong></span> <span class='ocrx_word' id='word_1_853' title='bbox 807 5543 922 5603; x_wconf 88' lang='lat' dir='ltr'><strong>per</strong></span> <span class='ocrx_word' id='word_1_854' title='bbox 958 5523 1318 5604; x_wconf 82' lang='lat' dir='ltr'><strong>hujusrnodi</strong></span> <span class='ocrx_word' id='word_1_855' title='bbox 1370 5521 2066 5604; x_wconf 74' lang='lat' dir='ltr'><strong>gradiuntur__ignem_,</strong></span> <span class='ocrx_word' id='word_1_856' title='bbox 2117 5521 2387 5604; x_wconf 78' lang='lat' dir='ltr'><strong>ejusque</strong></span> <span class='ocrx_word' id='word_1_857' title='bbox 2428 5520 2694 5580; x_wconf 86' lang='lat' dir='ltr'><strong>fidentes</strong></span> <span class='ocrx_word' id='word_1_858' title='bbox 2731 5519 2813 5604; x_wconf 70' lang='grc' dir='ltr'><strong>(ᾳ)</strong></span> <span class='ocrx_word' id='word_1_859' title='bbox 2847 5521 3150 5604; x_wconf 74' lang='lat' dir='ltr'><strong>verticem</strong></span> <span class='ocrx_word' id='word_1_860' title='bbox 3187 5524 3460 5583; x_wconf 86' lang='lat' dir='ltr'><strong>calcant.</strong></span> 
     </span>
    </p>
   </div>
   <div class='ocr_carea' id='block_1_66' title="bbox 203 5600 3467 5680">
    <p class='ocr_par' dir='ltr' id='par_1_66' title="bbox 203 5600 3467 5680">
     <span class='ocr_line' id='line_1_69' title="bbox 203 5600 3467 5680; baseline -0.002 -11"><span class='ocrx_word' id='word_1_861' title='bbox 203 5600 703 5669; x_wconf 82' lang='lat' dir='ltr'><strong>Consideremus</strong></span> <span class='ocrx_word' id='word_1_862' title='bbox 736 5600 971 5665; x_wconf 77' lang='lat' dir='ltr'><strong>novum</strong></span> <span class='ocrx_word' id='word_1_863' title='bbox 995 5600 1294 5680; x_wconf 88' lang='lat' dir='ltr'><strong>quiddam</strong></span> <span class='ocrx_word' id='word_1_864' title='bbox 1323 5609 1518 5678; x_wconf 90' lang='lat' dir='ltr'><strong>atque</strong></span> <span class='ocrx_word' id='word_1_865' title='bbox 1543 5600 1856 5674; x_wconf 80' lang='lat' dir='ltr'><strong>mirabile,</strong></span> <span class='ocrx_word' id='word_1_866' title='bbox 1883 5601 2204 5662; x_wconf 90' lang='lat' dir='ltr'><strong>hominem</strong></span> <span class='ocrx_word' id='word_1_867' title='bbox 2223 5602 2287 5660; x_wconf 93' lang='lat' dir='ltr'><strong>in</strong></span> <span class='ocrx_word' id='word_1_868' title='bbox 2321 5600 2576 5660; x_wconf 90' lang='lat' dir='ltr'><strong>fornace</strong></span> <span class='ocrx_word' id='word_1_869' title='bbox 2602 5603 2840 5678; x_wconf 88' lang='lat' dir='ltr'><strong>gratias</strong></span> <span class='ocrx_word' id='word_1_870' title='bbox 2871 5601 3245 5678; x_wconf 88' lang='lat' dir='ltr'><strong>suppliciter</strong></span> <span class='ocrx_word' id='word_1_871' title='bbox 3271 5619 3467 5680; x_wconf 82' lang='lat' dir='ltr'><strong>agen-</strong></span> 
     </span>
    </p>
   </div>
   <div class='ocr_carea' id='block_1_67' title="bbox 204 5680 3466 5758">
    <p class='ocr_par' dir='ltr' id='par_1_67' title="bbox 204 5680 3466 5758">
     <span class='ocr_line' id='line_1_70' title="bbox 204 5680 3466 5758; baseline -0.002 -11"><span class='ocrx_word' id='word_1_872' title='bbox 204 5696 368 5756; x_wconf 84' lang='lat' dir='ltr'><strong>tem,</strong></span> <span class='ocrx_word' id='word_1_873' title='bbox 403 5687 728 5746; x_wconf 90' lang='lat' dir='ltr'><strong>hominem</strong></span> <span class='ocrx_word' id='word_1_874' title='bbox 753 5685 817 5744; x_wconf 91' lang='lat' dir='ltr'><strong>in</strong></span> <span class='ocrx_word' id='word_1_875' title='bbox 843 5684 1102 5744; x_wconf 90' lang='lat' dir='ltr'><strong>fornace</strong></span> <span class='ocrx_word' id='word_1_876' title='bbox 1133 5681 1300 5741; x_wconf 87' lang='lat' dir='ltr'><strong>dulei</strong></span> <span class='ocrx_word' id='word_1_877' title='bbox 1332 5680 1766 5742; x_wconf 89' lang='lat' dir='ltr'><strong>modulatione</strong></span> <span class='ocrx_word' id='word_1_878' title='bbox 1792 5686 2156 5742; x_wconf 90' lang='lat' dir='ltr'><strong>cantantem</strong></span> <span class='ocrx_word' id='word_1_879' title='bbox 2179 5725 2194 5751; x_wconf 95' lang='lat'><strong>,</strong></span> <span class='ocrx_word' id='word_1_880' title='bbox 2228 5681 2550 5741; x_wconf 90' lang='lat' dir='ltr'><strong>hominem</strong></span> <span class='ocrx_word' id='word_1_881' title='bbox 2592 5680 2658 5739; x_wconf 93' lang='lat' dir='ltr'><strong>in</strong></span> <span class='ocrx_word' id='word_1_882' title='bbox 2703 5685 2992 5740; x_wconf 80' lang='lat' dir='ltr'><strong>extrema</strong></span> <span class='ocrx_word' id='word_1_883' title='bbox 3029 5681 3245 5758; x_wconf 89' lang='lat' dir='ltr'><strong>inopia</strong></span> <span class='ocrx_word' id='word_1_884' title='bbox 3287 5681 3466 5741; x_wconf 88' lang='lat' dir='ltr'><strong>colli-</strong></span> 
     </span>
    </p>
   </div>
   <div class='ocr_carea' id='block_1_68' title="bbox 203 5759 3465 5845">
    <p class='ocr_par' dir='ltr' id='par_1_68' title="bbox 203 5759 3465 5845">
     <span class='ocr_line' id='line_1_71' title="bbox 203 5759 3465 5845; baseline -0.003 -18"><span class='ocrx_word' id='word_1_885' title='bbox 203 5772 458 5845; x_wconf 78' lang='lat' dir='ltr'><strong>gotum,</strong></span> <span class='ocrx_word' id='word_1_886' title='bbox 490 5770 553 5826; x_wconf 89' lang='lat' dir='ltr'><strong>et</strong></span> <span class='ocrx_word' id='word_1_887' title='bbox 579 5765 921 5842; x_wconf 91' lang='lat' dir='ltr'><strong>plurimam</strong></span> <span class='ocrx_word' id='word_1_888' title='bbox 956 5769 1168 5825; x_wconf 88' lang='lat' dir='ltr'><strong>tamen</strong></span> <span class='ocrx_word' id='word_1_889' title='bbox 1203 5761 1336 5822; x_wconf 89' lang='lat' dir='ltr'><strong>Deo</strong></span> <span class='ocrx_word' id='word_1_890' title='bbox 1365 5761 1635 5840; x_wconf 88' lang='lat' dir='ltr'><strong>gloriam</strong></span> <span class='ocrx_word' id='word_1_891' title='bbox 1663 5760 2014 5840; x_wconf 85' lang='lat' dir='ltr'><strong>laudesque</strong></span> <span class='ocrx_word' id='word_1_892' title='bbox 2058 5759 2457 5823; x_wconf 85' lang='lat' dir='ltr'><strong>referentem.</strong></span> <span class='ocrx_word' id='word_1_893' title='bbox 2501 5759 2631 5821; x_wconf 91' lang='lat' dir='ltr'><strong>lllis</strong></span> <span class='ocrx_word' id='word_1_894' title='bbox 2683 5759 3000 5837; x_wconf 87' lang='lat' dir='ltr'><strong>siquidem</strong></span> <span class='ocrx_word' id='word_1_895' title='bbox 3034 5759 3253 5824; x_wconf 86' lang='lat' dir='ltr'><strong>nueris</strong></span> <span class='ocrx_word' id='word_1_896' title='bbox 3285 5760 3465 5821; x_wconf 83' lang='lat' dir='ltr'><strong>inve-</strong></span> 
     </span>
    </p>
   </div>
   <div class='ocr_carea' id='block_1_69' title="bbox 285 5934 1638 6002">
    <p class='ocr_par' dir='ltr' id='par_1_69' title="bbox 285 5934 1638 6002">
     <span class='ocr_line' id='line_1_72' title="bbox 285 5934 1638 6002; baseline 0.004 -18"><span class='ocrx_word' id='word_1_897' title='bbox 285 5939 358 6002; x_wconf 52' lang='grc' dir='ltr'><strong>(αἱ</strong></span> <span class='ocrx_word' id='word_1_898' title='bbox 395 5936 623 5988; x_wconf 65' lang='lat' dir='ltr'><strong>Ina‘a‘oo</strong></span> <span class='ocrx_word' id='word_1_899' title='bbox 641 5934 838 6000; x_wconf 80' lang='lat' dir='ltr'><strong>legitur,</strong></span> <span class='ocrx_word' id='word_1_900' title='bbox 869 5948 946 5995; x_wconf 63' lang='grc' dir='ltr'><strong>ιοῖις</strong></span> <span class='ocrx_word' id='word_1_901' title='bbox 971 5944 1162 5999; x_wconf 44' lang='grc' dir='ltr'><strong>ἀνορωε,</strong></span> <span class='ocrx_word' id='word_1_902' title='bbox 1187 5936 1410 5987; x_wconf 77' lang='lat' dir='ltr'><strong>carbones</strong></span> <span class='ocrx_word' id='word_1_903' title='bbox 1434 5939 1638 5991; x_wconf 73' lang='lat' dir='ltr'><strong>cetram.</strong></span> 
     </span>
    </p>
   </div>
  </div>
