3850 6222
521 379 654 434 rost
1716 373 1953 430 ANIA'NI
1994 373 2567 434 INTERPRETATIO.
3553 393 3647 448 me;

505 497 774 554 niuntur
800 492 1105 570 aequales,
1138 496 1454 569 quotquot
1489 495 1932 568 paupertatem
1967 507 2112 552 cum
2132 485 2487 570 gratiarum
2515 492 2770 553 actione
2798 492 3153 570 patiuntur.
3184 493 3296 555 Est
3327 496 3479 556 enim
3514 504 3652 563 terri-

504 574 690 657 bilior
709 572 1047 657 pauperies
1078 571 1247 657 igne,
1271 577 1334 631 et
1361 570 1641 657 amplius
1670 587 1859 657 urere
1881 571 2236 657 consuevit.
2259 571 2500 632 Verum
2527 577 2597 630 ut
2622 571 2765 657 iilos
2796 588 2926 657 non
2956 571 3203 657 adussit
3229 573 3410 652 ignis,
3436 577 3526 657 sed
3545 599 3653 657 quo-

501 653 668 714 niam
701 649 939 731 gratias
967 649 1239 711 Domino
1277 650 1671 731 retulerunt,
1714 649 1906 731 etiam
1933 649 2191 711 vincula
2235 667 2460 710 eorum
2491 651 2798 731 continuo
2841 649 3156 731 dissoluta
3197 649 3347 712 sunt
3381 674 3395 711 :
3425 656 3504 718 sic
3520 649 3651 721 etiam

497 731 634 824 tibi,
664 728 731 792 si
749 735 1185 824 paupertatem
1214 728 1742 824 cumogratiarum
1771 728 2022 824 actione
2047 731 2457 821 sustinueris,
2468 730 2729 824 ‘vinncul‘a
2760 730 3198 824 resolvuntur,
3222 738 3284 823 et
3310 733 3461 824 ignis
3485 740 3653 799 exstin-

499 811 720 889 guitur
750 807 766 869 ξ
796 811 849 872 si
880 807 1038 872 vero
1067 826 1197 869 non
1218 807 1691 889 exstinguatur,
1715 808 1917 889 multo
1945 807 2190 887 majore
2220 808 2531 889 miraculo
2567 809 2757 870 fontis
2777 815 3099 889 naturam
3142 810 3306 889 ignis
3337 807 3649 879 imitabitur:

493 887 664 966 quod
690 891 755 950 in
789 891 865 952 iis
893 897 1062 951 certe
1092 887 1375 968 conspici
1416 893 1624 968 potest
1663 887 1775 968 qui
1800 887 2002 968 juxta
2031 887 2435 968 evangelium
2475 888 3035 967 philosOphantur,
3063 887 3308 968 quique
3346 890 3592 958 libentius
3609 900 3650 959 in

494 965 894 1049 paupertate,
919 984 1114 1047 quam
1141 967 1207 1049 in
1245 965 1379 1026 suis
1414 966 1658 1049 Opibus!
1683 966 1910 1028 divites
1947 965 2328 1049 gloriantur.
2366 965 2523 1049 Nam
2555 973 2617 1049 et
2646 965 2797 1049 tunc
2827 968 2919 1027 illi
2945 968 3056 1049 qui
3086 965 3170 1028 ’in
3198 965 3434 1030 ardenti
3470 973 3652 1038 fornace

491 1044 911 1112 constiterant
938 1044 1289 1126 purissimo
1317 1063 1464 1106 rore
1499 1044 1880 1126 fruebantur
1912 1066 1926 1102 :
1955 1044 2022 1107 et
2068 1047 2216 1107 licet
2246 1065 2373 1107 non
2419 1047 2610 1108 fuerit
2656 1047 2822 1126 ignis
2858 1048 3235 1126 exstinctus,
3273 1049 3338 1108 in
3380 1051 3556 1114 medio
3587 1062 3649 1119 sui

489 1133 703 1190 tamen
740 1132 981 1190 stantes
1023 1124 1288 1186 omnino
1309 1142 1436 1184 non
1461 1125 1689 1205 attigit.
1723 1125 2148 1205 Nequaquam
2178 1126 2376 1205 igitur
2406 1131 2591 1188 extra
2623 1124 2946 1188 fornacem
2971 1125 3368 1188 desideamus
3393 1173 3408 1199 ,
3446 1139 3653 1195 necessi-

489 1215 648 1268 tates
677 1223 1032 1286 pauperum
1068 1204 1650 1286 immisericorditer
1671 1204 2072 1284 negligendo,
2095 1223 2175 1267 ne
2207 1204 2531 1286 patiamur
2556 1206 2728 1283 quod
2755 1207 2847 1266 illi
2880 1212 3033 1267 tunc
3057 1207 3224 1286 regis
3256 1209 3543 1285 pertulere
3567 1218 3652 1274 mi-

487 1283 697 1367 nistri:
725 1287 787 1347 Si
813 1283 1004 1367 enirn
1033 1286 1096 1344 in
1145 1283 1469 1367 fornacem
1519 1283 1874 1367 pauperum
1927 1289 2156 1367 sponte
2191 1283 2746 1367 descendas,tcum
2778 1286 2982 1367 tribus
3030 1283 3159 1367 illis
3202 1283 3413 1365 pueris
3442 1291 3650 1367 profecto

485 1366 824 1448 consistes,
848 1363 1240 1448 nihilque‘in
1272 1368 1346 1448 te_
1362 1363 1612 1448 adversi
1649 1364 1814 1442 ignis
1844 1363 2240 1448 operahitur.
2271 1364 2379 1424 Sin
2404 1381 2555 1425 vero
2585 1365 2650 1425 in
2685 1365 2984 1444 egestatis
3004 1363 3234 1448 ardore
3256 1363 3501 1448 positos,
3521 1379 3647 1448 quasi

482 1443 559 1504 de
589 1461 898 1507 consessu
941 1443 1279 1520 superiore
1313 1441 2004 1520 despicias,’continuo
2050 1449 2110 1504 te
2141 1441 2398 1506 ﬂamma
2432 1461 2636 1505 vorax
2675 1441 3029 1506 consumet.
3068 1441 3394 1506 Descende
3427 1441 3583 1520 igitur
3609 1455 3646 1512 in

483 1523 729 1603 ignem,
761 1542 843 1585 ne
895 1530 954 1584 te
999 1521 1372 1603 horribilior
1402 1521 1566 1601 ignis
1606 1521 1944 1603 involvat;
1978 1537 2189 1603 neque
2217 1529 2402 1603 extra
2450 1525 2662 1602 ignem
2693 1524 2960 1597 sederis,
2985 1542 3066 1585 ne
3088 1531 3148 1587 te
3183 1526 3430 1586 subitus
3450 1521 3649 1592 ﬂamma

481 1599 743 1665 vbratus
779 1603 1068 1680 arripiat.
1095 1600 1156 1661 Si
1190 1600 1359 1660 enim
1388 1599 1451 1662 te
1470 1619 1619 1682 eum
1644 1601 2039 1682 pauperibus
2064 1599 2312 1676 viderit,
2332 1619 2372 1664 a
2410 1599 2673 1664 laesione
2702 1605 2794 1664 tui
2817 1622 3080 1682 prorsus
3104 1606 3407 1677 absistet;
3435 1607 3519 1666 sin
3546 1626 3648 1669 vero

480 1698 518 1744 ι
545 1679 937 1761 pauperibus
969 1688 1373 1758 separatum,
1410 1679 1733 1740 advolabit
1760 1687 2046 1755 repente,
2094 1684 2284 1757 teque
2329 1683 2537 1760 rapiet
2578 1683 2656 1744 ad
2708 1679 2984 1760 poenam.
3029 1685 3171 1744 Noli
3215 1701 3372 1764 ergo
3413 1687 3484 1746 ab
3512 1687 3648 1750 eiseo

477 1772 780 1851 conjectis
808 1786 1090 1851 usquam
1121 1767 1385 1828 omnino
1419 1764 1765 1851 discedere,
1798 1764 1907 1851 sed
1933 1781 2080 1824 cum
2117 1764 2411 1851 diabolus
2450 1764 2862 1851 imperaverit
2891 1783 3000 1826 eos
3034 1766 3101 1851 in
3140 1767 3653 1851 ‘fornacemtinOpia

479 1842 796 1920 contrudi,
822 1842 933 1928 qui
955 1866 1187 1909 aurum
1213 1843 1716 1929 contempserint
1742 1842 2014 1929 adorare
2048 1863 2067 1929 _:
2103 1843 2233 1929 noli
2267 1848 2336 1902 tu
2371 1862 2454 1929 ex
2484 1844 2745 1904 illorum
2780 1851 2961 1929 parte
2990 1847 3180 1929 efﬁci,
3211 1849 3326 1926 qui
3362 1842 3651 1929 conjiciunt,

476 1931 586 1992 sed
621 1919 949 2008 potius-ex
977 1945 1203 2008 eorum
1235 1970 1251 1998 ,
1290 1924 1402 2008 qui
1434 1919 1499 1982 in
1531 1922 1666 2008 tale
1710 1919 2146 2008 conjiciuntur
2179 1922 2546 1983 incendium
2577 1943 2592 1982 :
2626 1933 2698 1984 ut
2748 1919 3045 1986 efficiaris
3098 1919 3363 2005 quoque
3400 1919 3556 1990 ex'iis
3583 1919 3651 2007 qui

475 2001 834 2080 salvantur,
866 2025 995 2066 non
1027 2024 1109 2068 ex
1139 2005 1218 2065 iis
1241 2001 1366 2084 qui,
1385 2003 1884 2084 comburuntur.
1917 2001 2166 2061 Etenim
2202 2018 2308 2062 ros
2352 2008 2766 2084 magnusest,
2801 2001 3211 2084 nequaquam
3240 2001 3453 2068 amore
3476 2001 3652 2068 divitia-

473 2107 620 2150 rum
663 2089 745 2149 ab
780 2079 1047 2162 inepum
1086 2079 1512 2166 miseratione
1526 2079 1825 2166 revocari
1862 2099 1876 2138 :
1911 2087 2192 2166 suntque
2244 2079 2544 2142 omnibus
2588 2081 2851 2166 ditieres
2878 2079 2922 2156 ,“
2919 2079 3070 2166 _qui
3097 2085 3345 2166 divitiis
3366 2091 3652 2166 contemptis

473 2169 711 2230 virtute
745 2158 1140 2227 claruerunt.
1171 2163 1330 2223 Nam
1358 2160 1548 2240 etilli
1568 2165 1729 2240 tunc
1757 2158 2222 2240 contemnendo
2248 2177 2487 2238 regem,
2520 2179 2669 2240 rege
2705 2163 2845 2239 ipso
2872 2158 3076 2224 eﬂ‘ecti
3123 2171 3277 2226 sunt
3300 2158 3588 2227 clariores:
3608 2169 3652 2227 Et

475 2253 546 2308 tu
592 2248 809 2324 itaque
842 2246 912 2324 si,
946 2243 1165 2324 mundi
1222 2258 1375 2318 opes
1411 2238 1580 2300 fideli
1613 2243 1827 2324 mente
1854 2237 2198 2324 despicias,
2225 2237 2785 2324 totpAeris_m'undo
2814 2243 3160 2324 pretiosior
3191 2264 3206 2304 :
3241 2244 3574 2306 sicutetiam
3596 2249 3650 2306 illi

472 2326 674 2388 sancti
703 2315 724 2396 ζ
763 2323 1001 2400 Quibus
1031 2315 1410 2400 dignus—non
1436 2325 1564 2400 erui
1596 2316 1864 2400 mundus
1893 2317 1911 2394 (
1939 2315 2138 2400 Hebr:
2174 2317 2270 2376 11.
2302 2317 2391 2400 38
2422 2319 2479 2400 )._
2515 2319 2593 2400 Ut
2635 2315 2835 2398 igitur:
2856 2320 3086 2400 dignus
3115 2324 3464 2386 cmlestibus
3489 2326 3652 2385 efﬁcia-

471 2406 561 2466 ris
593 2395 814 2472 bonis',
846 2395 1453 2481 derideprwse‘ntia.
1484 2398 1622 2481 Hoc
1648 2395 1966 2481 siquidem
1995 2395 2182 2481 modo
2208 2402 2281 2481 et
2300 2395 2722 2481 hiciclaritate
2743 2395 3091 2481 virtutum,
3122 2410 3183 2462 et
3215 2403 3286 2462 in
3323 2403 3518 2464 futuro
3542 2423 3651 2481 pre-

471 2485 751 2544 miorum
777 2483 1037 2562 honore,
1063 2475 1369 2558 fulgebis,
1399 2477 1630 2562 gratia_
1647 2481 1711 2562 et
1746 2475 2192 2562 misericordia
2243 2476 2499 2562 Domini
2552 2478 2757 2538 nostri
2793 2479 2950 2540 Jesu
2978 2479 3252 2555 Christi,
3285 2484 3386 2543 cui
3420 2475 3586 2562 gloria
3609 2491 3647 2543 ct

471 2563 812 2642 imperium
847 2579 994 2623 cum
1021 2554 1208 2620 Patre
1237 2564 1301 2619 et
1341 2554 1566 2618 sancto
1595 2555 1835 2633 Spiritu
1877 2554 1944 2614 in
1971 2554 2208 2616 saecula
2236 2556 2641 2616 saeculorum.
2671 2563 2896 2618 Amen.

1740 2905 2086 2966 HOMILIA
2130 2899 2452 2978 QUINTA.

472 3027 618 3108 [Ioue
668 3035 874 3088 autem
921 3034 1121 3108 tntum
1157 3029 1392 3108 factum
1429 3034 1557 3108 est,
1603 3034 1675 3086 ut
1729 3027 2172 3108 adimpleretur
2221 3018 2664 3108 quod_dictum
2706 3026 2795 3078 est
2836 3035 2883 3108 a_
2903 3017 3172 3108 Domino
3213 3036 3332 3098 per
3370 3021 3651 3108 prophrtun

551 3107 897 3168 dicentem:
954 3107 1123 3166 Ecce
1157 3096 1370 3244 'Virzo
1422 3106 1491 3167 in
1539 3115 1717 3166 utero
1769 3096 2120 3186 concipiet,
2159 3096 2252 3164 et-
2267 3101 2475 3184 pariet
2531 3099 2762 3180 ﬁlium,
2829 3105 2887 3157 et
2953 3096 3266 3158 vocabunt
3322 3096 3522 3161 nam
3569 3102 3654 3180 ejus

552 3185 918 3244 Emmanuel
947 3185 1134 3244 (Isai.
1160 3186 1221 3244 ’1.
1255 3185 1285 3244 1
1350 3185 1392 3244 l.

552 3185 918 3246 Emmanuel
947 3185 1134 3262 (Isai.
1160 3186 1221 3244 ’1.
1255 3185 1392 3266 11ι).

552 3307 611 3366 1.
640 3307 874 3366 Multos
905 3305 1100 3367 audio
1141 3307 1253 3384 qui
1283 3305 1524 3378 dicunt,
1557 3307 1729 3384 quod
1767 3313 2109 3386 praesentes
2141 3305 2399 3384 quidem
2433 3309 2496 3386 et
2525 3302 2910 3382 evangelicae
2943 3301 3228 3386 veritatis
3271 3304 3524 3386 eloquiis
3549 3324 3652 3383 per-

470 3385 776 3456 fruentes,
819 3386 1083 3464 dignum
1116 3382 1306 3447 tantis
1349 3388 1540 3447 rebus
1577 3382 1984 3449 commodant
2026 3382 2339 3458 auditum,
2371 3383 2718 3458 animoque
2749 3382 3268 3442 contrahuntur:
3312 3382 3528 3464 egressi
3551 3382 3653 3444 mo

469 3467 803 3527 ecclesiam
829 3510 845 3536 ,
879 3484 1025 3525 cum
1058 3466 1199 3526 loco
1239 3471 1302 3527 et
1335 3466 1622 3526 animum
1649 3475 1912 3544 repente
1952 3473 2220 3539 mutent,
2253 3465 2734 3544 exstinguentes
2779 3478 3045 3544 prorsus
3082 3467 3288 3544 totum
3325 3465 3489 3524 illum
3521 3465 3653 3535 devo-

467 3545 658 3605 tionis
687 3545 921 3623 ignem,
946 3563 1139 3621 quem
1166 3561 1376 3605 sermo
1407 3545 1469 3604 in
1498 3547 1588 3606 eis
1618 3539 2083 3623 praidicationis
2118 3539 2515 3623 accenderat.
2539 3539 3079 3623 Quidnamjgitur
3097 3541 3388 3603 adhiberi
3410 3545 3644 3622 congruit,

468 3642 549 3686 ne
581 3619 748 3684 istud
774 3619 1072 3684 eveniat?
1093 3624 1152 3684 Si
1177 3625 1414 3685 scilicet
1440 3619 1916 3686 consideremus
1941 3626 2004 3686 in
2032 3625 2253 3702 primis
2275 3621 2442 3683 unde
2469 3619 3008 3702 contingat.Unde
3035 3621 3271 3702 itaque
3291 3623 3460 3683 vobis
3490 3619 3652 3684 accidit

465 3703 994 3782 tanta‘mutatio?
1028 3704 1119 3764 De
1157 3705 1647 3766 conversatione
1685 3705 1985 3764 nimirum
2019 3699 2248 3782 parum
2274 3706 2539 3770 attenta,
2572 3703 2636 3759 et
2678 3699 3054 3782 vitiosorum
3098 3699 3435 3782 hominum
3459 3703 3650 3782 assiduo

513 3780 904 3862 estiferoque
949 3782 1295 3860 colloquio.
1321 3783 1458 3862 Non
1491 3785 1662 3843 enim
1697 3778 2041 3862 Oportebat
2062 3783 2326 3842 omnino
2361 3797 2400 3842 a
2430 3785 2596 3840 cortu
2629 3778 2914 3838 ecclesias
2957 3778 3354 3862 recedentes,
3386 3781 3650 3862 contrariis

466 3800 904 3920 Resmeroque
949 3800 1295 3860 couoquro.
1322 3800 1458 3842 non
1491 3802 1662 3843 enim
1697 3800 2036 3862 oportebat
2062 3800 2326 3842 omnino
2361 3800 2400 3842 a
2430 3800 2596 3840 C(Blll
2629 3800 2914 3838 eccresraa
2957 3800 3354 3851 recedentes,
3386 3800 3650 3842 contrariis

513 3862 617 3922 uic
646 3861 854 3921 studio
885 3861 1157 3940 negotiis
1204 3861 1541 3938 implicari,
1574 3863 1680 3922 sed
1726 3865 1984 3922 domum
2015 3863 2320 3924 continuo
2361 3863 2754 3940 revertentes
2798 3871 3014 3920 sacros
3060 3859 3379 3940 replicare
3409 3861 3652 3940 libros,ct

466 3939 806 4018 conjugem
846 3937 1089 4017 pariter
1124 3937 1496 4018 liberosque
1539 3941 1617 4001 ad
1656 3959 1879 4002 eorum
1927 3959 2071 4018 quae
2112 3942 2275 4001 dicta
2313 3937 2917 4018 sunttcollationem
2957 3953 3208 4018 vocare,
3260 3938 3480 4016 hisque
3515 3938 3648 3998 altius

465 4016 691 4078 animo
713 4035 790 4080 ac
828 4016 1080 4096 penitus
1111 4016 1406 4089 insertis;
1424 4025 1556 4078 tum
1591 4019 1846 4080 demum
1874 4016 2060 4083 adea
2086 4038 2230 4097 qua:
2265 4019 2412 4078 huic
2444 4016 2584 4097 vitm
2617 4021 2766 4076 sunt
2792 4017 3155 4097 necessaria
3182 4018 3463 4078 curanda
3486 4035 3651 4096 proce-

464 4097 636 4158 dere.
666 4097 727 4157 Si
755 4094 926 4158 enim
965 4098 1267 4159 balneum
1294 4116 1616 4176 egressus,
1649 4100 1904 4176 publica
1933 4094 2380 4161 conventicula
2422 4096 2650 4165 cvitas,
2680 4113 2759 4155 ne
2786 4094 3167 4176 beneﬁcium
3198 4097 3410 4158 balnei
3439 4094 3648 4156 fomento

467 4181 718 4257 partum
750 4177 1006 4255 negotia
1029 4174 1398 4257 molestiefa
1427 4174 1875 4255 corrumpant:
1896 4183 2141 4257 quanto
2161 4177 2362 4256 magis
2393 4194 2538 4236 cum
2562 4176 2643 4235 ab
2673 4174 3475 4257 ecclesizn‘congregatione
3498 4192 3649 4257 regre-

463 4253 656 4329 deris,
695 4255 815 4316 hoc
844 4253 910 4315 te
942 4261 1196 4333 Oportet
1236 4255 1533 4318 efficere?
1561 4253 1744 4318 Nunc
1779 4253 1933 4318 vero
1961 4253 2296 4319 contraria
2327 4259 2613 4334 agentes,
2651 4253 2881 4334 cuncta
2917 4253 3387 4331 disperdimus:
3436 4253 3647 4314 nondum

461 4335 699 4413 quippe
737 4332 1010 4396 utilitate
1040 4335 1352 4395 sermonis
1391 4334 1658 4396 firmiter
1694 4337 1761 4395 in
1807 4344 2016 4398 mente
2052 4337 2260 4398 deﬁxa
2283 4381 2300 4407 ,
2333 4332 2648 4412 plurimus
2697 4332 2950 4392 irruens
2993 4334 3399 4394 saecularium
3443 4335 3645 4413 impetus

462 4412 814 4476 actionum.
835 4415 1049 4475 omnia
1080 4415 1322 4490 pariter
1350 4415 1584 4490 evellit.
1613 4415 1791 4486 Quod
1825 4436 1904 4474 ne
1938 4417 2211 4478 accidat.
2241 4415 2491 4485 quoties
2524 4428 2560 4472 a
2593 4415 2813 4472 sancta
2847 4413 3348 4490 congregatione
3376 4412 3644 4473 disceditis.

379 4511 387 4519 '
474 4495 634 4556 nihil
663 4493 867 4572 magis
913 4489 1351 4572 necessarium
1375 4489 1680 4572 judicate,
1718 4506 1913 4567 quam
1952 4507 2029 4552 ea
2055 4509 2199 4568 quae
2226 4490 2545 4552 audiendo
2583 4491 2888 4554 didicistis
2919 4511 3311 4554 conservare
3359 4490 3659 4572 meditandu.

473 4573 679 4634 Nimia
720 4566 893 4633 enim
927 4571 1192 4631 omnino
1223 4566 1585 4639 indevotio,
1625 4575 1688 4629 et
1722 4566 1989 4650 prorsus
2023 4566 2483 4650 extrematest,
2515 4577 2586 4630 ut
2624 4572 2913 4650 quinque
2953 4579 3016 4633 et
3055 4591 3171 4632 sex
3201 4573 3340 4634 dies
3383 4566 3661 4650 quideniiu

471 4655 666 4715 rebus
713 4651 1083 4730 carnalibus
1131 4655 1849 4730 consumentes,tu_nu_m
1882 4649 2277 4726 spiritalibus
2309 4649 2500 4721 diem,
2539 4647 2668 4730 imo
2715 4647 3018 4730 exiguam
3068 4652 3190 4712 diei
3239 4647 3478 4730 partem
3514 4647 3660 4730 noliti§

474 4729 868 4811 impendere.
899 4729 1436 4811 Nonnequotidie
1464 4727 1725 4811 cernitis
1755 4727 1919 4811 filios
1947 4735 2218 4811 vestros,
2243 4746 2320 4811 ea
2344 4747 2494 4811 qua;
2518 4729 2784 4791 dicenda
2807 4726 3191 4808 suscipiunt,
3229 4726 3422 4792 {otius
3454 4726 3660 4811 fere

473 4806 956 4873 continuatione
991 4808 1333 4888 meditari?
1358 4808 1616 4882 Quanto
1649 4806 1709 4888 id
1736 4808 1938 4888 magis
1967 4826 2084 4869 nos
2114 4809 2179 4868 in
2202 4808 2600 4886 spiritalibus
2629 4811 2850 4871 studiis
2879 4806 3186 4888 praestare
3213 4806 3661 4888 debemuszalio-

473 4893 584 4970 qui
617 4890 777 4951 nihil
802 4889 928 4949 huc
971 4904 1089 4948 nos
1122 4887 1403 4965 proderit
1433 4887 1804 4970 convenire,
1840 4887 2208 4970 haurientes
2249 4906 2398 4950 vase
2428 4889 2713 4970 undique
2746 4887 2964 4951 hiante
2995 4891 3200 4958 rimis,
3231 4897 3424 4967 atque
3454 4887 3659 4959 undique

474 4966 827 5052 pertinente
865 4989 880 5028 :
930 4973 994 5029 et
1038 4985 1119 5028 ne
1153 4973 1402 5028 tantum
1447 4966 1707 5044 quidem
1745 4966 1936 5052 studii
1978 4967 2045 5027 in
2088 4968 2320 5052 herum
2355 4985 2500 5052 quae
2533 4968 2811 5052 diximus
2852 4966 3348 5052 conservatione
3388 4973 3656 5046 ponentes.

473 5047 788 5130 quantum
816 5065 970 5127 erga
1001 5064 1234 5130 aurum
1251 5047 2029 5130 argentumquesolemus
2065 5047 2650 5130 adhibere.Paucos
2672 5049 2843 5130 enim
2867 5049 3246 5130 plerumque
3277 5063 3547 5108 nummos
3569 5057 3658 5130 cum

475 5126 710 5210 aliquis
742 5126 996 5206 accipit,
1027 5132 1088 5188 et
1119 5127 1389 5210 sollicite
1423 5127 1677 5203 reponit
1702 5127 1781 5210 Δἰιι
1803 5127 2099 5210 sacculo,
2131 5132 2193 5188 et
2207 5127 2558 5210 diligenter
2592 5129 2893 5210 obsignat
2935 5128 3146 5210 sigillo
3168 5149 3201 5210 A;t
3221 5146 3342 5188 nos
3377 5143 3512 5210 vero
3536 5126 3659 5210 p951-

475 5203 671 5288 quam
690 5203 1101 5288 longe—auro,
1129 5207 1527 5287 gemmisque
1557 5206 1939 5288 pretiosiora
1967 5203 2368 5288 suscepimus
2397 5206 2679 5288 eloquia,
2709 5203 2771 5267 et
2803 5203 3280 5288 inaestimabiles
3313 5203 3658 5288 spiritualium

475 5286 628 5367 «ipes
661 5286 1001 5360 bonorum,
1032 5286 1445 5365 nequaquam
1471 5302 1556 5367 e_a_
1571 5287 1635 5345 in
1667 5287 1975 5347 thesauro
2005 5286 2234 5348 animae
2265 5286 2667 5367 recondimus
2696 5288 3105 5358 continenda,
3137 5286 3247 5348 sed
3283 5287 3506 5367 passim
3527 5289 3656 5367 atque

477 5361 876 5448 negligenter
902 5361 1155 5448 mentes
1179 5361 1431 5426 nostras
1459 5364 1718 5448 effluere
1745 5367 2193 5448 permittimus.
2219 5366 2533 5448 Quisnam
2563 5366 2761 5448 igitur
2795 5367 2998 5427 nostri
3025 5361 3376 5448 aliquando
3403 5361 3658 5448 miserebi-

477 5443 604 5520 tuf,
642 5443 787 5508 cum
820 5448 939 5526 ipsi
968 5447 1153 5507 nobis
1185 5453 1314 5526 tam
1356 5452 1576 5526 aperte
1619 5445 2028 5526 inveniamur
2054 5446 2318 5526 inimici,
2356 5453 2551 5523 atque
2586 5443 2650 5505 in
2678 5451 2924 5506 tantam
2956 5463 3074 5507 nos
3114 5443 3475 5525 pauperiem
3501 5443 3656 5526 spopie

475 5518 958 5608 cogamus‘i'Ne
1001 5527 1204 5608 igitur
1246 5525 1369 5608 ista
1400 5518 1808 5608 contingant,
1847 5525 2050 5603 legem
2074 5525 2258 5608 hanc
2298 5518 2484 5586 nobis
2507 5525 2885 5608 scribamus
2929 5518 3350 5608 immobilem,
3390 5541 3495 5608 nec
3533 5518 3654 5580 nobis

475 5603 688 5677 modo,
728 5606 837 5666 sed
871 5603 1252 5685 conjugibus
1288 5605 1480 5666 etiam
1511 5604 1859 5685 liberisque
1888 5605 2143 5674 nostris,
2177 5611 2247 5685 ut
2275 5623 2475 5664 unum
2505 5605 2679 5666 hunc
2720 5606 2915 5666 totius
2947 5603 3653 5685 hebdomadisidiem,qu9

473 5689 553 5748 ad
581 5685 970 5749 audiendum
991 5677 1432 5754 'co'ncurritur,
1462 5689 1664 5743 totum
1694 5677 1770 5742 in'
1793 5701 2016 5744 eorum
2046 5701 2190 5761 quae
2213 5684 2514 5746 dicuntur
2542 5685 2952 5747 meditatione
2982 5701 3320 5763 ponamus.
3353 5683 3446 5742 Sic
3465 5677 3654 5763 enim.“

475 5768 677 5827 multo
705 5765 910 5843 magis
945 5763 1180 5824 dociles
1214 5781 1325 5843 vos
1353 5763 1432 5822 ad
1467 5780 1541 5824 ea
1572 5781 1716 5840 quas
1746 5769 1896 5824 sunt
1927 5760 2193 5825 dicenda
2224 5765 2517 5836 venietis,
2545 5773 2607 5824 et
2631 5765 2751 5841 ipsi
2798 5760 3011 5825 minus
3035 5764 3440 5842 experiemur
3465 5760 3649 5843 laboriS-

475 5845 595 5904 Sed
629 5839 1128 5905 etiam'scientize
1159 5842 1337 5902 vobis
1371 5839 1619 5922 lucrum
1647 5843 1930 5919 profecto
1956 5845 2160 5922 majus
2190 5845 2462 5912 eveniet,
2491 5839 2752 5921 quando
2778 5839 3146 5905 memoriter
3166 5843 3343 5921 prius
3373 5839 3555 5901 audita
3577 5849 3648 5890 rt-

484 5929 776 5999 tinentes,
814 5922 1102 6001 paratius
1131 5926 1324 5998 atque
1365 5921 1735 5984 instructius
1766 5922 1844 5986 ad
1867 5921 2150 5988 recentia
2176 5924 2552 5986 convolutis.
2585 5925 2722 5986 Non
2755 5923 2924 5984 enim
2962 5941 3188 6002 parum
3221 5922 3301 5984 ad
3339 5935 3535 5982 eorum
3558 5923 3649 5990 qua
