3850 6222
429 259 577 320 1025
1622 275 1854 335 suum
1908 246 2488 335 miserrimum.
2772 324 2779 335 .
3545 272 3649 325 ms

429 379 641 462 vidisti
665 377 1169 462 animum__facile
1189 379 1389 442 sacris
1419 375 1604 440 ﬁdem
1633 380 2036 462 sermonibus
2065 381 2671 462 accommodantem,
2699 380 2904 462 vidisti
2929 385 3201 462 mentem
3232 381 3505 462 omnino
3532 384 3652 462 τίείς

426 460 696 530 lantem,
734 477 812 521 ac
851 459 1031 519 nulla
1071 476 1336 537 prorsus
1381 458 1793 535 corruptione
1828 459 2158 520 violatam.
2198 461 2419 536 Neque
2454 460 2625 520 enim
2669 461 2892 521 saltem
2940 460 3083 536 ipso
3126 460 3519 537 suscipionis
3556 458 3651 527 sua

428 545 718 616 tempore
755 539 935 599 triste
960 538 1204 616 aliquid
1249 544 1311 598 et
1343 537 1694 599 absurdum
1738 544 1836 618 est
1859 539 2116 599 molitus
2158 538 2222 598 in
2249 538 2578 618 Virginem
2608 558 2624 596 :
2656 544 2719 599 et
2762 556 2935 600 nunc
2969 555 3232 617 quoque
3279 557 3428 600 cum
3476 542 3649 605 eadem

424 618 536 678 illa
568 618 936 695 suspicione
964 618 1287 680 relevatus
1320 622 1438 688 est,
1465 634 1596 696 non
1627 616 1815 677 modo
1842 618 2021 678 illam
2049 634 2179 678 non
2200 616 2473 678 conatur
2492 619 2838 696 expellere,
2867 618 2977 679 sed
3007 625 3070 679 et
3099 616 3325 679 secum
3354 619 3587 691 retinet,
3608 631 3651 683 et

427 698 622 759 totius
655 697 1152 777 dispensationis
1175 695 1468 777 minister
1488 695 1779 777 efﬁcitur.
1810 698 1905 777 Et
1933 697 2167 776 accepit
2190 698 2463 759 Mariam
2489 699 2811 777 canjugem
2834 716 3030 757 suam.
3054 698 3302 776 Nempe
3329 698 3648 763 consideras

426 793 625 854 quam
658 776 1026 854 frequenter
1055 776 1447 855 evangelista
1486 775 1609 855 hoc
1636 776 1883 855 Virgini
1916 775 2148 835 nomen
2180 777 2489 854 imponat.
2517 775 2742 838 nolens
2774 778 3030 837 interim
3063 776 3370 837 mirabile
3399 778 3541 836 illud
3566 798 3649 841 re.

425 857 647 917 velare
678 856 1076 935 mysterium,
1104 854 1212 936 sed
1237 860 1451 916 tamen
1473 854 1607 936 jam
1628 857 2047 936 exstinguens
2072 855 2503 936 suspicionem
2524 857 2895 936 malignam.
2927 856 3079 919 Cum
3104 864 3316 916 autem
3338 858 3645 936 accepisset,
3726 904 3727 936 η

422 952 555 998 non
588 933 881 1014 cognbvit
918 953 1047 993 eam
1082 933 1539 1014 donecpeperit
1572 934 1772 1014 ﬁlium
1810 953 1990 994 suam
2014 935 2522 1014 primogenitum.
2551 933 2786 1008 Donec,
2816 935 2919 996 hic
2958 937 3175 1014 posuit
3223 952 3365 994 non
3395 933 3648 1014 ut'suspi.

424 1015 589 1076 ceris
620 1006 794 1092 quod
824 1015 922 1074 vel
954 1006 1962 1093 posteagaliqliando'cognoverit
1995 1006 2039 1072 ε’
2058 1013 2168 1075 sed
2199 1006 2267 1074 ut
2297 1015 2502 1083 discas
2534 1015 2707 1093 quod
2733 1006 2924 1075 etiam
2959 1006 3112 1075 ante
3142 1019 3411 1093 partum
3439 1006 3648 1077 omnino
3726 1006 3727 1023 ¹

422 1090 665 1155 intacta
693 1093 1141 1171 permanserit.
1174 1090 1370 1172 cujus
1396 1092 1613 1170 igitur,
1642 1090 1921 1171 inquies,
1953 1094 2045 1153 rei
2082 1094 2289 1172 gratia
2321 1095 2533 1155 Donec
2554 1090 2663 1154 hic
2691 1095 2971 1171 positum
3000 1090 3346 1172 est?'Sa3pe
3375 1092 3647 1172 Scriptura

424 1173 646 1234 divina
676 1173 797 1233 hac
818 1173 911 1232 uti
949 1171 1374 1249 eloquutione
1410 1172 1771 1244 consuevit,
1802 1177 1875 1232 ut
1898 1171 2186 1246 dicendo,
2223 1174 2457 1248 Donec,
2492 1191 2618 1234 non
2646 1172 2977 1234 definitum
3001 1171 3279 1251 aliquod
3316 1171 3552 1249 tempus
3581 1177 3647 1234 in-

426 1252 664 1314 cludat.
697 1252 856 1312 Nam
886 1255 948 1310 et
976 1268 1125 1330 cum
1152 1267 1192 1313 a
1228 1251 1361 1330 Noe
1386 1268 1621 1330 corvus
1651 1270 1734 1312 ex
1764 1268 1915 1313 arca
1944 1259 2114 1312 esset
2154 1252 2428 1314 emissus
2458 1273 2473 1312 :
2521 1252 2672 1314 Non
2715 1264 2836 1319 est,
2887 1253 3132 1330 inquit,
3178 1269 3471 1313 reversus
3504 1252 3646 1315 donec

421 1333 769 1392 siccaretur
803 1338 973 1390 terra
1002 1328 1194 1409 (Gen.
1229 1328 1291 1390 8.
1322 1328 1428 1408 7).
1459 1330 1538 1390 Et
1576 1336 1746 1392 certe
1781 1348 1899 1391 nec
1927 1337 2149 1408 postea
2201 1333 2529 1393 invenitur
2562 1332 2826 1393 redisse.
2869 1328 3148 1410 De_ipso
3187 1340 3401 1410 etiam,
3428 1332 3645 1408 loquens

422 1411 554 1491 Deo
578 1429 594 1469 :
618 1411 672 1471 Α
698 1410 920 1491 scecuto
941 1409 1226 1491 ,Ainquit,
1259 1417 1317 1491 et
1342 1426 1531 1491 usque
1562 1410 1631 1470 in
1653 1411 1942 1491 saeculum
1972 1420 2042 1470 tu
2081 1430 2149 1491 es
2178 1410 2399 1491 (Psal.
2419 1411 2520 1472 89.
2550 1411 2590 1470 2
2609 1410 2655 1491 ).
2690 1411 2805 1473 Sed
2839 1409 3090 1472 nullum
3110 1410 3215 1491 hic
3247 1409 3647 1491 profecto_ter-

421 1490 666 1570 minum
695 1489 937 1570 posuit.
970 1489 1229 1570 Rursus
1248 1487 1853 1570 altitudinempacis
1885 1487 2279 1570 annuntians
2310 1510 2324 1548 :
2358 1487 2638 1570 Orietur,
2673 1491 2904 1568 inquit,
2922 1490 3183 1569 justitia
3223 1487 3387 1570 ejus,
3416 1500 3469 1549 et
3494 1489 3643 1551 abun-

420 1569 645 1630 dantia
660 1569 861 1647 pacis.
890 1568 1089 1649 donec
1116 1569 1441 1649 auferatur
1468 1566 1618 1628 luna
1645 1566 1665 1645 (
1682 1566 1859 1649 ’Psal.
1891 1570 1992 1628 71.
2017 1568 2093 1649 7)
2120 1590 2136 1629 :
2175 1586 2303 1630 non
2335 1574 2548 1631 tamen
2583 1566 2781 1649 tinem
2803 1566 3076 1648 pulchro
3111 1566 3270 1649 huic
3308 1571 3522 1630 statuit
3545 1571 3645 1649 ele-

421 1646 790 1709 mentoilta
820 1648 1011 1708 etiam
1037 1647 1158 1709 hoc
1181 1647 1348 1717 loco,
1372 1648 1580 1727 Donec
1609 1648 1846 1724 posuit,
1865 1653 1999 1711 uta
2027 1646 2393 1727 suspicione
2420 1648 2576 1709 illud
2602 1648 2772 1726 quod
2803 1646 2953 1709 ante
2982 1646 3251 1727 partum’
3277 1654 3521 1727 tempus
3541 1648 3639 1716 fuit.

423 1727 805 1788 absolveret.
840 1729 1064 1788 Postea
1103 1743 1257 1787 vero
1285 1726 1457 1803 quod
1486 1728 1801 1803 sequitur,
1839 1728 1952 1787 tibi
1986 1728 2120 1806 jam
2148 1726 2590 1790 aestimandum
2620 1728 2902 1805 reliquit.
2929 1726 3113 1803 Quod
3146 1729 3331 1788 enim
3360 1726 3442 1788 ab
3479 1746 3544 1788 eo
3565 1731 3643 1790 tibi

417 1807 759 1887 dicendum
788 1811 949 1877 erat,
984 1806 1105 1866 hoc
1133 1806 1267 1883 ipse
1297 1805 1480 1877 dixit,
1509 1806 1680 1882 quod
1714 1806 1950 1887 intacta
1983 1805 2097 1868 fuit
2120 1825 2327 1885 usque
2358 1808 2437 1868 ad
2465 1812 2721 1887 partum
2745 1808 2944 1887 Virgo
2971 1827 2986 1866 :
3022 1806 3194 1885 quod
3228 1825 3391 1868 vero
3421 1826 3497 1868 ex
3523 1825 3645 1884 pra—

420 1885 792 1946 cedentibus
820 1903 1222 1961 consequens
1250 1890 1386 1965 erat
1420 1891 1613 1961 atque
1641 1885 2075 1958 manifestum,
2112 1891 2225 1947 tuo
2263 1885 2615 1948 intellectui
2642 1885 3015 1965 dereliquit;
3048 1892 3119 1947 ut
3141 1892 3241 1947 est
3281 1893 3453 1948 certe
3480 1888 3639 1947 istud:

418 1964 740 2037 Quoniam
784 1981 903 2025 nec
932 1971 1153 2041 postea
1186 1964 1447 2044 quidem
1476 1981 1616 2025 eam
1647 1981 1792 2042 qum
1822 1966 1932 2025 tali
1965 1966 2153 2026 modo
2173 1973 2379 2027 mater
2407 1965 2632 2030 effecta
2652 1972 2770 2031 est.
2808 1974 2870 2027 et
2901 1983 3072 2027 novo
3106 1967 3437 2027 illustrata
3478 1972 3639 2044 partu,

420 2061 718 2126 novoque
746 2044 1116 2126 puerperio,
1141 2044 1253 2126 ille
1278 2042 1871 2126 justusaliquando
1894 2044 2084 2126 fuerit
2105 2062 2306 2106 ausus
2337 2047 2673 2125 attingere.
2705 2045 2765 2126 Si
2795 2046 2965 2106 enim
2992 2046 3408 2126 cognovisset
3437 2042 3575 2111 eam.
3597 2052 3639 2106 et

419 2122 563 2203 loco
603 2124 935 2185 habuisset
964 2123 1214 2196 uxoris,
1240 2122 1566 2203 quomodo
1607 2124 1786 2184 illam
1814 2124 2125 2186 Dominus
2155 2128 2342 2202 quasi
2378 2122 2625 2203 absque
2666 2125 2922 2196 solatio,
2963 2132 3026 2185 et
3072 2122 3406 2185 neminem
3441 2126 3636 2203 penitus

422 2201 801 2283 habentem,
838 2202 1149 2283 discipulo
1178 2202 1625 2283 commendare
1655 2208 1963 2271 curasset,
1990 2201 2224 2282 jubens
2251 2204 2307 2265 ei
2341 2209 2413 2266 ut
2441 2201 2584 2266 eam
2613 2205 2927 2283 reciperet
2957 2204 3021 2264 in
3049 2206 3211 2267 sua?
3245 2203 3424 2266 Unde
3444 2201 3635 2283 igitur,

424 2280 719 2355 inquies,
757 2280 983 2341 fratres
1018 2282 1155 2356 ejus
1214 2281 1517 2342 dicuntur
1561 2282 1839 2343 Iacobus
1889 2290 1953 2343 et
1994 2280 2321 2346 Joannes?
2360 2284 2501 2357 Non
2557 2280 3066 2353 aliter'omnino,
3109 2302 3316 2360 quam
3369 2280 3507 2361 quo'
3538 2283 3634 2358 ipsc

424 2365 663 2447 Ioseph
694 2365 913 2447 Maria:
939 2366 1290 2447 putabatur
1324 2366 1618 2447 maritus.
1639 2364 1852 2447 Multa
1873 2366 2113 2444 quippe
2138 2371 2297 2447 sunt
2329 2365 2408 2426 ad
2438 2365 2841 2447 opacandum
2867 2367 3059 2447 illius,
3081 2374 3310 2447 partus
3340 2370 3643 2447 mysterium

425 2443 1093 2526 obducta_v_elami_na,
1124 2447 1387 2526 prOpter
1418 2442 1950 2526 quoduitaAetiain
1994 2442 2412 2526 eosJoannes
2447 2442 2721 2526 vocabat
2746 2445 2961 2506 dicens
2989 2465 3003 2504 :
3038 2442 3258 2526 Neque
3290 2442 3447 2507 enim
3469 2447 3640 2526 [ναίω

424 2523 556 2602 ejus
592 2520 923 2603 credebant
964 2523 1038 2603 in
1070 2520 1203 2603 eum
1234 2520 1465 2602 (Icari.
1490 2523 1554 2582 ’1.
1592 2520 1689 2602 5).
1713 2521 1830 2583 Sed
1866 2530 2079 2585 tamen
2109 2524 2172 2584 hi
2209 2524 2329 2603 ipsi
2359 2524 2471 2601 qui
2501 2540 2731 2602 parum
2757 2529 2908 2586 ante
2939 2520 3374 2594 crediderant,
3409 2520 3543 2586 clari
3566 2542 3642 2602 po—

424 2600 561 2664 s'tea
600 2602 666 2684 in
702 2600 823 2662 ﬁde
851 2600 1287 2684 acmirabiles
1327 2600 1734 2684 exstiterunt.
1763 2603 2035 2684 Quando
2075 2600 2256 2663 enim
2281 2600 2749 2684 Jeroso'lymam
2796 2604 3035 2684 Paulus
3076 2603 3403 2673 ascendit,
3449 2610 3511 2664 ut
3538 2600 3639 2665 cum

424 2682 670 2761 caeteris
700 2682 1011 2759 apostolis
1041 2682 1119 2742 de
1147 2681 1520 2761 dogmatum
1540 2681 1850 2743 varietate
1880 2682 2224 2754 conferret,
2252 2681 2559 2744 continuo
2586 2682 2849 2743 intravit
2875 2682 2952 2743 ad
2980 2683 3321 2744 Jacobum.
3353 2685 3499 2743 Tam
3519 2684 3639 2742 enim

424 2760 545 2842 fuit
589 2761 696 2821 ille
741 2761 1078 2832 mirabilis,
1110 2767 1184 2820 ut
1228 2760 1670 2842 episcOpatum
1700 2761 1946 2842 primus
1987 2763 2326 2842 acciperet.
2368 2762 2565 2822 Aiunt
2609 2768 2824 2842 autem
2874 2779 3085 2842 genua
3130 2761 3277 2842 ejus
3326 2762 3639 2822 obduruisse

424 2840 613 2910 callo,
638 2845 1013 2917 tantamque
1045 2842 1109 2899 in
1152 2857 1232 2902 eo
1274 2840 1473 2901 fuisse
1503 2842 1716 2901 carnis
1740 2841 2081 2913 incuriam,
2102 2848 2176 2902 ut
2195 2841 2404 2903 adhuc
2435 2840 2705 2903 viventis
2738 2843 2957 2901 omnia
2999 2841 3130 2902 fere
3166 2840 3456 2902 membra
3489 2859 3638 2902 more-

422 2924 650 2980 rentur
680 2940 698 2979 :
735 2923 932 3011 atque
963 2918 1340 3013 assiduitate
1373 2918 1710 3013 orationis,
1729 2920 2109 3013 jugiquead
2140 2920 3043 3013 pavimentum‘prostratione.
3068 2921 3390 3013 cprporis,
3431 2919 3637 3013 frontem

468 3016 686 3076 uoque
720 2998 859 3077 ejus
903 2999 1070 3059 callo
1110 2999 1407 3059 similiter
1432 2998 1901 3071 obductam,’ut
1941 3000 2099 3059 nihil
2140 2999 2272 3060 fere
2319 3016 2357 3060 ει
2396 2998 2623 3061 cameli
2654 2999 2949 3077 genibus,
2992 3000 3045 3060 si
3081 2999 3387 3059 duritiem
3430 3004 3632 3077 spectes,

421 3017 686 3136 guoque
720 3017 859 3077 ejus
903 3017 1070 3059 cauo
1110 3017 1407 3059 srmuuer
1432 3017 1795 3071 onuucram,
1828 3017 1901 3060 ut
1941 3017 2099 3059 mnu
2140 3017 2272 3060 lere
2319 3017 2357 3060 ει
2396 3017 2623 3061 cameu
2654 3017 2949 3077 gemnus,
2992 3018 3045 3060 sn
3081 3017 3387 3059 ourluem
3430 3017 3632 3077 spectes,

467 3079 837 3156 iscreparet.
872 3078 991 3138 Hic
1035 3078 1228 3138 etiam
1263 3078 1553 3148 Paulum,
1581 3095 1727 3138 cum
1731 3084 1981 3217 (postea
2013 3079 2246 3140 iterum
2274 3079 2740 3159 Jerosolymam
2790 3079 3096 3151 venisset,
3127 3079 3508 3139 maturitatis
3546 3096 3636 3138 sus

423 3174 719 3217 sermone
765 3156 1130 3217 moderatus
1167 3162 1300 3217 est.
1337 3156 1554 3217 dicens
1584 3176 1600 3216 :
1650 3157 1730 3217 Vi
1775 3176 1858 3217 es.
1900 3159 2113 3217 frater.
2142 3167 2296 3217 auct
2326 3158 2529 3217 millia
2554 3166 2705 3217 sunt
2744 3156 3124 3217 credentium
3165 3177 3249 3217 ea:
3281 3156 3523 3217 Judais.
3548 3162 3631 3216 etc.

423 3174 719 3249 sermone
765 3156 1130 3249 moderatus
1167 3162 1314 3249 est",
1337 3156 1600 3249 dicens‘:
1650 3156 2113 3249 Vides,_frater,
2142 3167 2296 3249 quo't
2326 3156 2705 3249 milliesth
2744 3156 3124 3249 credentium
3165 3177 3249 3217 ea:
3281 3156 3523 3249 {micet},
3545 3162 3631 3249 etc.

426 3236 445 3315 (
472 3239 611 3297 Act.
635 3236 738 3295 21.
767 3235 848 3295 20
872 3236 915 3314 ).
948 3237 1193 3315 Tantus
1226 3237 1399 3296 illius
1441 3241 1582 3297 erat
1628 3253 1746 3314 pro
1795 3235 2213 3299 aedificatione
2247 3238 2547 3299 Ecclesia:
2580 3238 2783 3308 zelus,
2810 3242 3118 3315 tantaque
3150 3236 3484 3315 prudentia
3505 3282 3519 3308 ,
3544 3236 3632 3295 imo

421 3316 535 3376 Dei
559 3317 623 3376 in
653 3316 766 3375 illo
793 3316 994 3394 gratia
1022 3315 1097 3376 de
1118 3314 1349 3378 Christi
1382 3315 1615 3376 virtute
1632 3316 2208 3394 resplendens.Qui
2238 3318 2406 3377 enim
2437 3318 2881 3378 obtrectabant
2907 3314 3180 3376 Domino
3213 3317 3283 3376 in
3321 3334 3497 3376 carne
3524 3333 3636 3374 con-

422 3396 646 3456 stituto
670 3439 687 3465 ,
725 3394 935 3457 adhuc
972 3395 1037 3454 in
1068 3412 1265 3458 carne
1292 3394 1609 3474 passibili,
1637 3395 1727 3456 ita
1752 3413 1899 3456 eum
1932 3400 1997 3458 et
2032 3396 2327 3457 admirati
2359 3401 2534 3467 sunt,
2567 3401 2630 3457 et
2658 3395 2916 3457 coluere
2947 3401 3092 3473 post
3123 3401 3422 3465 mortem,
3449 3400 3507 3455 ut
3530 3412 3630 3454 cum

419 3475 623 3536 multa
653 3492 769 3553 pro
802 3474 912 3534 illo
945 3473 1761 3551 cupiditatemorerentur:
1794 3492 1940 3551 qua:
1966 3482 2137 3536 certe
2166 3477 2447 3536 maxime
2477 3473 2771 3536 eﬂ'ectum
2806 3476 3304 3536 resurrectionis
3335 3475 3630 3535 ostendunt.

419 3556 767 3633 PrOpterea
794 3554 1035 3632 quippe
1068 3554 1148 3617 ad
1196 3554 1494 3633 ultimum
1537 3554 1814 3615 clariora
1859 3556 2162 3626 servavit,
2194 3562 2266 3616 ut
2297 3557 2542 3633 absque
2575 3554 2709 3614 ullo
2740 3560 2909 3616 esset
2934 3556 3240 3633 ambiguo
3278 3553 3509 3614 virtutis
3541 3559 3628 3612 tam

419 3632 662 3713 grande
687 3633 1162 3694 documentum.
1185 3632 1246 3692 Si
1270 3633 1440 3694 enim
1464 3650 1581 3694 nos
1606 3650 1714 3694 eos
1741 3650 2002 3713 quoque
2022 3652 2188 3713 quos
2214 3632 2611 3697 admiramur
2634 3634 2812 3695 vivos
2837 3638 3049 3695 tamen
3073 3634 3498 3695 obliviscimur
3513 3648 3635 3713 mor:-

419 3708 567 3775 fuos
601 3734 616 3769 :
662 3713 985 3791 quomodo
1015 3713 1109 3772 illi
1144 3731 1337 3790 quem
1372 3713 1697 3773 audebant
1724 3708 1992 3774 irridere
2021 3708 2365 3785 viventem,
2395 3714 2600 3774 Deum
2630 3731 2771 3774 esse
2810 3718 2957 3791 post
2985 3719 3260 3791 mortem
3289 3716 3571 3790 putarent,
3595 3708 3631 3768 si

420 3810 570 3853 eum
598 3782 757 3853 nihil
784 3792 958 3853 aliud
994 3810 1136 3853 esse
1165 3782 1362 3869 quam
1394 3792 1719 3871 hominem
1753 3792 2210 3854 credidissent?
2238 3782 2571 3867 Quomodo
2606 3782 2831 3854 autem.
2853 3809 2967 3869 pro
2997 3782 3107 3852 illo
3144 3782 3630 3871 elegissentmor—

423 3880 551 3952 tem
582 3873 775 3952 etiam
813 3871 1063 3952 subire,
1088 3872 1209 3932 nisi
1245 3870 1755 3952 manifestumgin
1787 3872 1926 3949 ipso
1951 3873 2404 3952 cognovissent
2435 3873 2928 3933 resurrectionis
2960 3870 3381 3952 exemplum?
3430 3948 3441 3952 Δ
3552 3946 3564 3952 _
3601 3944 3611 3952 _
3726 3872 3727 3881 ‘

498 3950 554 4010 ιι
591 3951 743 4012 Haec
765 3967 920 4011 vero
949 3950 1241 4021 dicimus,
1275 3967 1406 4009 non
1437 3954 1507 4009 ut
1536 3944 2264 4022 audiatis—solummodo,
2304 3968 2531 4012 verum
2573 3952 2767 4012 etiam
2797 3956 2867 4012 ut
2897 3967 3040 4029 qua)
3070 3944 3307 4011 auditis
3342 3944 3626 4029 imitemini,

418 4029 858 4113 fortitudinem
892 4029 1154 4099 scilicet,
1186 4029 1635 4113 constantiam,
1683 4046 2068 4113 omnemque
2111 4030 2426 4110 justitiam
2459 4050 2474 4090 :
2505 4036 2577 4090 ut
2606 4047 2794 4113 nemo
2836 4026 2938 4090 de'
2965 4047 3034 4113 s_e
3081 4030 3394 4107 desperet.
3443 4026 3628 4113 etiamsi
3726 4032 3727 4097 ᾗ

418 4114 612 4171 antea
640 4109 898 4169 desidia:
921 4114 1178 4186 torpore
1204 4107 1575 4187 languebat,
1605 4113 1678 4168 ut
1705 4107 2156 4187 unusquisque
2200 4116 2490 4171 nostrum
2521 4110 2701 4170 nulla
2728 4109 2795 4168 in
2833 4126 2905 4169 re
2946 4109 3076 4169 alia
3111 4127 3295 4187 spem
3339 4124 3520 4176 suam,
3544 4107 3626 4187 nisi
3726 4136 3727 4159 ι

419 4197 567 4268 post
590 4188 704 4249 Dei
738 4184 1243 4268 misericordiam
1279 4184 1356 4268 in
1398 4203 1651 4247 morum
1684 4184 2020 4268 sanctitate
2050 4184 2432 4268 constituat.
2475 4189 2635 4251 Nam
2686 4188 2740 4249 si
2787 4188 2926 4249 istis
2965 4184 3233 4248 omnino
3274 4187 3427 4248 nihil
3452 4184 3628 4268 profuit

417 4261 523 4330 vel
553 4268 783 4352 patria,
821 4268 919 4327 vel
953 4266 1177 4339 domo,
1199 4266 1809 4352 vel_propinqui_tate
1833 4267 2087 4329 Christo
2118 4267 2313 4352 fuisse
2352 4268 2763 4352 coniunctos,
2786 4275 3139 4352 antequam
3166 4268 3245 4328 de
3279 4264 3519 4352 propria
3541 4261 3629 4352 ful-

418 4343 644 4427 gerent
674 4347 954 4427 virtute:
986 4362 1117 4423 qua
1130 4363 1263 4427 _nos
1285 4343 1512 4427 dignos
1542 4343 1731 4427 venia
1760 4353 2088 4427 putamus,
2121 4348 2230 4425 qui
2262 4347 2338 4408 de
2362 4343 2552 4427 justis
2581 4343 2975 4427 propinquis
2996 4363 3073 4408 ac
3111 4346 3410 4427 fratribus
3447 4343 3624 4423 gloria-

418 4424 589 4496 inur,
620 4426 746 4488 nisi
775 4444 883 4506 eos
910 4426 1083 4506 ipsos
1119 4424 1432 4506 fuerimus
1460 4424 1735 4506 imitati?
1762 4425 1923 4487 Nam
1953 4432 2016 4488 et
2050 4424 2382 4506 prepheta'
2404 4424 2682 4505 idipsum
2710 4424 3086 4506 'signiticans
3134 4427 3226 4488 ait
3261 4446 3276 4484 :
3307 4425 3624 4506 Frater_nou

417 4505 695 4585 redimit,
730 4498 987 4567 redimet
1017 4504 1196 4585 homo
1224 4502 1571 4585 (Ρεᾳζηιιϐ.
1606 4501 1668 4585 7)
1703 4524 1718 4564 :
1747 4506 1939 4567 etiam
1969 4506 2021 4566 si
2052 4498 2263 4567 Moses
2304 4498 2518 4585 fuerit,
2556 4506 2749 4567 etiam
2779 4498 2840 4566 si
2880 4504 3161 4579 Samuel,
3203 4506 3391 4585 etiam
3432 4500 3475 4561 si
3504 4498 3625 4558 lere-

419 4584 584 4677 m_ias
619 4584 814 4647 :audi
848 4590 1061 4677 tamen
1087 4583 1249 4677 quid;
1281 4583 1362 4677 ad
1396 4583 1579 4677 illum
1604 4583 1917 4677 loquatur
1942 4585 2119 4677 Deus
2154 4605 2168 4643 :
2198 4585 2378 4677 Noti,
2415 4584 2649 4677 inquit,
2695 4600 2874 4644 orare
2904 4601 3027 4663 pro
3054 4585 3313 4677 Jm‘pulo
3347 4583 3624 4677 incipio:

419 4602 584 4646 Intus
619 4602 814 4647 :aum
848 4602 1061 4644 tamen
1087 4602 1241 4662 quin
1281 4602 1361 4645 an
1396 4602 1579 4643 mum
1607 4602 1671 4644 ro
1720 4602 1915 4645 natur
1949 4602 2119 4645 ueus
2154 4605 2168 4643 :
2198 4602 2378 4656 non,
2415 4602 2649 4662 Inquu,
2695 4602 2874 4644 orare
2904 4602 3027 4663 pro
3075 4602 3313 4677 populo
3347 4602 3453 4674 ista
3481 4602 3622 4677 :qlw:

416 4664 590 4726 niam
617 4682 749 4724 non
776 4662 1104 4724 exaudiam
1130 4672 1188 4723 te
1234 4670 1250 4701 ³
1295 4663 1452 4744 (Jer.
1484 4662 1584 4721 11.
1625 4602 1750 4743 iis.
1796 4663 1961 4736 Quid
2000 4664 2196 4744 igitur
2238 4664 2517 4735 miraris,
2582 4663 2637 4725 si
2686 4680 2816 4723 non
2854 4663 3166 4725 exaudiat
3198 4662 3621 4741 supplicantem:

416 4751 629 4814 Etiam
654 4751 707 4811 si
740 4749 902 4826 ipse,
934 4747 1164 4824 inquit,
1195 4746 1409 4826 Moses
1436 4745 1713 4826 adesset,
1754 4752 1949 4826 atque
1979 4749 2259 4822 Samuel,
2291 4765 2392 4809 me
2434 4751 2650 4826 tamen
2678 4763 2902 4826 eorum
2932 4762 3050 4823 pro
3080 4745 3315 4826 talibus
3347 4744 3619 4826 deprecati;

419 4832 582 4892 tium
606 4846 736 4889 non
767 4818 1048 4906 plaeeret
1074 4824 1450 4906 oratio._Sed
1482 4825 1776 4906 Ezechiel
1802 4818 2028 4906 saltem
2053 4829 2107 4890 si
2135 4818 2471 4905 supplicet,
2501 4825 2817 4906 audietur.
2849 4818 3090 4906 Verum
3108 4825 3238 4906 ipsi
3266 4818 3497 4906 quoque
3518 4818 3619 4906 dicit

418 4896 1097 4996 D_omi_nus,:Qgcniam
1121 4905 1177 4996 si
1201 4904 1453 4996 assistat
1479 4904 1616 4965 Noe
1645 4904 1872 4996 et.Job_.
1909 4914 1965 4966 et
1994 4896 2239 4996 Daniel;
2261 4896 2611 4996 'ﬁliossu‘os
2640 4912 2697 4964 et
2716 4903 2881 4996 ﬁlias
2908 4921 3039 4996 ηρη
3068 4896 3614 4996 [ξρςναῦαηῐίειετρ.

422 4988 522 5051 1ῑι.
556 4987 657 5050 1ιι.
693 4976 1059 5064 16)ΪΕῐίειηι
1085 4983 1140 5045 si
1193 4984 1527 5064 Abraham,
1565 4983 1936 5061 patriarcha
1972 5005 2090 5064 pro
2132 4987 2211 5048 iis
2243 4976 2580 5063 supplicet,
2623 4976 2734 5061 qui
2769 4985 2835 5042 in
2872 4982 3005 5043 suis
3048 4983 3219 5064 vitiis
3266 4976 3615 5064 permanentia

422 5061 976 5130 immedicabiliter
1000 5068 1333 5143 aegrotant,
1365 5063 1563 5125 abihit
1589 5063 1759 5124 Deus
1803 5061 2177 5143 relinquens
2221 5061 2697 5143 rogantem-ne
2736 5070 2955 5143 vocem
2990 5080 3108 5140 pro
3140 5063 3368 5124 talibus
3404 5061 3614 5143 inter-ve:

422 5148 659 5209 nientis
691 5146 1015 5208 exaudiat.
1048 5133 1125 5204 Et
1154 5147 1205 5204 si
1237 5133 1496 5203 Samuel
1522 5160 1784 5223 rursum
1814 5133 2093 5207 exorans
2130 5163 2247 5223 pro
2277 5133 2496 5221 aliquo
2528 5133 2790 5223 indigno
2823 5133 3223 5219 deprecetur,
3271 5141 3540 5223 continuo.
3556 5133 3607 5193 ad

1192 5243 1207 5281 :
1240 5223 1564 5302 Usquequo
1598 5231 1667 5282 tu
1701 5190 1872 5299 luges
2370 5190 2485 5283 “16.
2521 5223 2577 5302 1)
2599 5223 2626 5281 ?
2652 5190 2859 5282 ﬁliam
2973 5239 3092 5300 pro
3122 5190 3338 5295 sorore
3372 5216 3611 5305 quispiam

424 5307 928 5365 incomnetenter
968 5304 1271 5365 oraverit.
1298 5302 1514 5364 audiet
1550 5302 1721 5365 quod
1767 5303 1978 5365 Moses
2012 5322 2028 5363 :
2113 5306 2134 5365 i
2181 5321 2520 5365 construens
2562 5302 2947 5365 consﬂuisset
2996 5310 3175 5365 pater
3211 5303 3338 5365 eius
3362 5301 3421 5361 in
3456 5297 3609 5365 lactem

424 5297 928 5383 incompetenter
968 5304 1271 5374 oraverit,
1298 5297 1533 5383 audiet;
1550 5302 1721 5379 quod
1748 5297 1978 5383 Moses
2012 5322 2028 5363 :
2062 5297 2134 5366 Si
2181 5297 2520 5382 conspuens
2557 5297 2947 5383 conspuisset
2974 5297 3175 5381 'pater
3211 5303 3338 5383 ejus
3362 5301 3421 5361 in
3454 5297 3609 5383 [autem

425 5374 661 5465 ipsum:
681 5401 887 5465 nonne
922 5392 1071 5465 esset
1100 5374 1662 5465 immungaiNu'm.
1694 5381 1795 5465 12.
1830 5383 1928 5465 iis)
1955 5385 1982 5443 ?
2009 5384 2149 5445 Non
2180 5374 2377 5465 igitur
2404 5374 2972 5465 quasi‘os-citantes
2993 5374 3073 5444 ἐι
3118 5374 3379 5465 desides,
3402 5374 3466 5439 ei
3496 5374 3608 5437 alio-

425 5459 576 5526 rum
604 5464 843 5545 meritis
876 5462 1292 5540 pendeamus.
1319 5459 1575 5545 Habent
1604 5463 1776 5522 enim
1803 5459 1930 5545 vim
1958 5480 2074 5541 pro
2107 5459 2317 5535 nobis,
2363 5459 2441 5522 et
2465 5459 2724 5539 quidem
2761 5461 3135 5545 maximam,
3171 5461 3466 5545 orationes
3498 5469 3608 5545 sup-

429 5538 937 5624 plicationesque
971 5548 1339 5624 sanctorum
1373 5559 1388 5600 :
1423 5541 1532 5624 sed
1583 5545 1738 5602 tunc
1780 5538 2061 5624 profecto
2107 5561 2255 5624 cum
2307 5558 2424 5624 nos
2472 5538 2736 5624 quoque
2753 5540 3057 5624 _idipsum
3101 5559 3215 5620 per
3256 5538 3601 5624 paenitentum}

428 5614 861 5704 postulamus,
899 5626 965 5681 et
992 5620 1073 5683 ad
1120 5621 1330 5683 studia
1359 5620 1627 5682 meliora
1675 5614 2105 5702 confugimus.
2137 5621 2442 5701 Alioquin
2472 5614 2665 5683 etiam
2713 5614 2922 5683 Moses
2971 5614 3133 5699 ipse,
3182 5614 3289 5700 qui
3325 5624 3381 5681 et
3416 5614 3601 5676 fratrem

503 5825 523 5859 ³
559 5822 616 5877 ιη
635 5830 817 5885 Greco,
842 5832 900 5875 an
930 5832 994 5873 οὒκ
1025 5829 1281 5884 ιισαιοδσομι
1312 5842 1405 5884 σου,
1427 5816 1477 5868 id
1502 5823 1595 5880 est,
1622 5815 1664 5870 si
1687 5821 1730 5868 te
1753 5828 1845 5868 non
1869 5813 2031 5868 audio.
