3850 6222
231 357 254 410 1
275 354 380 411 0"27
1424 369 1657 426 ANIANI
1699 369 2266 428 INTERPRETATIO.
3330 363 3469 420 10'28

221 492 441 539 suum,
463 475 527 532 et
549 481 851 534 sexcenta
877 472 986 534 illa
1012 473 1214 534 millia
1241 480 1633 535 armatorum
1657 478 1740 536 ab
1765 476 2118 536 imminenti
2137 475 2253 536 Dei
2281 473 2576 534 liberavit
2609 473 2727 544 ira,
2752 491 3040 536 sororem
3064 477 3277 536 tamen
3301 480 3484 537 Suam

223 553 516 630 nequivit
543 570 793 612 eruere.
824 553 903 611 Et
927 558 1097 626 certe
1123 568 1252 610 non
1278 557 1416 614 erat
1438 555 1684 630 aequale
1707 562 2058 632 peccatum.
2087 556 2202 615 Illa
2231 554 2606 631 injuriosius
2637 553 2712 612 de
2740 553 2916 614 Mose
2953 554 3159 615 fuerat
3185 553 3484 630 quiddam

219 634 494 709 loquuta
527 651 542 690 :
577 637 642 690 at
672 649 840 712 vero
871 631 1078 691 omnis
1124 632 1236 693 illa
1280 633 1642 705 multitudo,
1699 631 1895 712 quam
1952 635 2254 703 diximus,
2307 639 2544 693 rectam
2587 634 2652 692 in
2699 632 3040 693 Dominum
3095 634 3486 710 impietatem

219 712 654 792 commiserat.
682 711 798 770 Sed
828 711 993 770 hanc
1020 715 1232 792 tamen
1266 713 1448 792 vobis
1476 711 1895 791 quaestionem
1919 715 2129 792 potius
2161 712 2481 789 relinquo,
2513 712 2647 789 ipse
2677 729 2831 792 vero
2861 712 2923 771 id
2955 713 3125 788 quod
3157 714 3357 773 multo
3392 721 3487 775 est

218 789 568 872 difficilius,
606 790 1273 872 conabor'absolvere.
1309 791 1472 872 Quid
1501 789 1673 853 enim
1701 794 1833 872 jam
1858 789 1937 854 de
1977 811 2199 852 sorore
2229 792 2536 872 dicamus,
2569 791 2826 872 quando
2856 792 3012 851 tanti
3045 793 3149 851 ille
3186 792 3318 854 dux
3362 810 3487 870 po-

218 871 360 949 puli
389 869 680 930 sufﬁcere
714 870 961 946 sibiipsi
992 887 1253 946 quoque
1299 869 1860 947 deprecando'non
1904 873 2124 940 valuit,
2166 871 2275 932 sed
2325 877 2463 947 post
2495 871 2667 930 mille
2703 887 3020 932 aerumnas
3066 869 3386 941 laborum,
3425 881 3488 932 et

218 949 649 1027 quadraginta
677 965 996 1030 annorum
1021 950 1530 1030 commendatum
1560 952 1680 1011 sibi
1713 969 1751 1013 a
1777 953 2053 1012 Domino
2095 951 2546 1030 principatum,
2593 951 2948 1027 prohibitus
2996 956 3164 1030 estoa
3213 952 3488 1011 Domino

215 1037 460 1090 terram
488 1027 1003 1109 repromissionis
1034 1028 1298 1100 intrare,
1331 1047 1528 1106 quam
1556 1032 1741 1092 toties
1773 1033 1866 1092 eis
1893 1027 2146 1092 divinus
2192 1030 2410 1109 fuerat
2439 1048 2650 1090 sermo
2695 1029 3010 1106 pollicitus
3031 1031 3058 1087 ’ἰ
3089 1029 3251 1102 Quid
3293 1031 3488 1109 igitur

217 1110 288 1168 in
321 1108 681 1168 causaest?
708 1107 1130 1187 Nequaquam
1158 1109 1328 1168 utilis
1359 1110 1422 1168 in
1454 1110 1628 1170 illam
1661 1117 1899 1171 terram
1929 1112 2130 1172 sancti
2165 1109 2360 1170 Musis
2390 1108 2612 1169 fuisset
2641 1109 2995 1187 ingressus,
3030 1109 3133 1170 sed
3171 1107 3488 1171 cumaea-

217 1205 351 1264 gno
378 1187 610 1246 damno
633 1185 1037 1264 conjunctus,
1069 1194 1130 1246 et
1155 1189 1264 1263 qui
1297 1190 1561 1248 omnino
1586 1190 1894 1266 plurimos
1928 1191 2293 1250 Judaeorum
2319 1189 2383 1247 in
2413 1185 2759 1248 maximam
2789 1190 3022 1248 erroris
3055 1191 3310 1249 ruinam
3337 1208 3489 1266 sup-

219 1268 515 1346 plantare
545 1266 876 1346 potuisset.
907 1266 967 1326 Si
1000 1267 1168 1325 enim
1198 1267 1354 1344 quia
1382 1287 1498 1345 per
1533 1270 1716 1329 illum
1745 1270 1996 1330 fuerant
2025 1269 2100 1329 de
2131 1269 2267 1329 sola
2296 1267 2566 1346 .Egypto
2594 1268 2872 1338 liberati,
2901 1269 3124 1328 relicto
3153 1269 3306 1330 Deo.
3337 1273 3488 1329 tan-

219 1345 549 1426 tummodo
589 1345 810 1406 Mosen
852 1346 1291 1426 requirebant,
1325 1348 1527 1425 ipsius
1559 1368 1701 1410 esse
1745 1367 2009 1426 prorsus
2052 1353 2281 1410 cuncta
2317 1345 2431 1407 illa
2475 1347 2779 1408 beneﬁcia
2821 1347 3148 1408 credentes
3181 1368 3194 1406 :
3228 1347 3395 1408 hunc
3430 1349 3484 1408 si

221 1425 722 1484 introductorem
757 1442 1017 1501 quoque
1047 1425 1112 1484 in
1145 1430 1381 1488 terram
1409 1425 1927 1505 repromissionis
1956 1429 2357 1497 habuissent,
2401 1427 2468 1486 in
2500 1444 2644 1503 quae
2671 1443 2799 1486 non
2841 1427 2930 1486 illi
2961 1427 3300 1504 impietatis
3328 1445 3489 1504 pra:-

219 1512 411 1586 rupta
442 1504 862 1586 cecidissent?
887 1504 965 1564 Ut
994 1505 1190 1586 igitur
1214 1507 1423 1586 omnis
1457 1504 1820 1584 hujusmodi
1861 1512 2306 1586 amputaretur
2351 1506 2628 1574 occasio,
2670 1506 2900 1586 ipsum?
2923 1523 3182 1583 quoque
3226 1507 3362 1583 ejus
3394 1513 3490 1566 est

218 1585 613 1667 occultatum
641 1584 1007 1667 sepulcrum
1036 1584 1247 1662 (Deut.
1277 1584 1376 1644 3!».
1405 1585 1494 1667 6).
1526 1588 1605 1646 Et
1631 1587 1889 1647 Samuel
1918 1584 2175 1664 quidem
2211 1587 2466 1667 Saiilem
2497 1587 2577 1646 ab
2605 1586 2699 1667 ira
2736 1585 2846 1645 Dei
2891 1585 3327 1667 liberarenon
3360 1603 3491 1662 po»

219 1664 364 1746 tuit,
398 1663 1000 1746 lsra_el_itioum_vero
1034 1681 1200 1740 saepe
1227 1663 1536 1746 populum
1567 1667 1839 1727 salvavit
1871 1663 1955 1745 (1.
1981 1669 2129 1745 Reg.
2162 1666 2257 1725 16.
2293 1665 2378 1746 1).
2416 1665 2736 1746 :Ieremias
2782 1663 3321 1746 quoqueJudaeos
3358 1683 3488 1725 non

219 1744 455 1823 eripuit
485 1742 751 1823 ultioni;
783 1742 982 1823 alium
1011 1742 1240 1802 tamen
1260 1742 1599 1821 quemdam
1633 1742 1917 1807 salvasse
1956 1742 2371 1806 memoratur.
2414 1745 2644 1804 Daniel
2687 1747 2878 1823 etiam
2929 1745 3245 1823 sapientes
3277 1745 3490 1823 Baby-

216 1821 410 1905 lonia:
439 1823 520 1882 ab
544 1821 805 1905 interitu
834 1822 1154 1905 liberavit,
1183 1840 1301 1905 nec
1331 1825 1816 1905 tamen_Judwos
1840 1826 1997 1905 jugo
2029 1824 2422 1905 captivitatis
2447 1824 2736 1905 absolvit
2756 1821 2940 1903 (Dan.
2963 1821 3050 1902 2).
3082 1824 3155 1884 In
3184 1821 3491 1905 Evange—

213 1902 307 1962 lio
338 1918 490 1961 vero
520 1901 864 1981 cernimus,
894 1902 1111 1960 nonin
1140 1903 1282 1962 aliis
1314 1907 1506 1980 atque
1533 1901 1984 1975 diversis,'séd
2027 1905 2091 1964 in
2112 1901 2363 1964 “eisdem
2409 1903 2564 1980 ipsis
2605 1902 2741 1964 ﬁeri
2765 1901 3131 1980 utrumque
3167 1904 3486 1981 personis,

216 1986 282 2060 et
312 1999 514 2040 unum
560 1979 982 2060 eumdcmque
1010 1981 1356 2060 hominem,
1402 1979 1578 2043 nunc
1613 1985 1872 2060 quidem
1905 1984 2326 2044 sufficientem
2368 1979 2451 2043 ad
2485 1983 2932 2043 liberationem
2980 1979 3104 2050 sui,
3137 1979 3310 2043 nunc
3336 2001 3490 2041 vero

215 2059 431 2136 ipsum
461 2058 987 2140 propriaesalutis
1016 2058 1178 2120 eﬂici
1209 2058 1823 2138 proditorem—Nam
1853 2064 1960 2124 ille
2002 2063 2260 2140 quidem
2301 2063 2474 2122 mille
2528 2063 2914 2122 talentorum
2963 2061 3231 2132 debitor,
3269 2062 3488 2122 multis

217 2141 516 2216 precibus
544 2138 963 2214 supplicando
989 2141 1402 2219 semetipsum
1431 2142 1716 2218 periculo
1749 2138 2066 2215 liberavit,
2103 2148 2322 2219 postea
2354 2159 2503 2201 vero
2539 2141 2816 2218 idipsum
2847 2141 3189 2218 impetrare
3219 2159 3349 2200 non
3383 2158 3490 2200 va-

219 2220 373 2277 luit:
401 2219 563 2278 alter
592 2234 744 2298 vero
766 2235 800 2298 e
817 2218 1162 2291 contrario,
1184 2238 1328 2279 cum
1352 2223 1528 2297 prius
1554 2221 1888 2298 perditioni
1913 2218 2325 2298 semetipsum
2349 2226 2550 2280 totum
2577 2220 2873 2288 dedisset.
2896 2225 3113 2297 postea
3137 2228 3348 2281 tamen
3366 2220 3486 2280 sibi

215 2298 566 2378 plurimum
588 2295 845 2378 profuit.
864 2298 1017 2370 Quis
1041 2315 1193 2378 vero
1216 2299 1335 2359 iste
1353 2295 1449 2360 est
1467 2295 1628 2374 ?Q'ui
1655 2303 1895 2361 scilicet
1917 2304 2083 2362 bona
2104 2295 2300 2378 patris
2320 2302 2768 2377 absumpserat
2790 2295 3204 2376 (l.alc.15.30).
3227 2299 3319 2358 Ex
3345 2299 3490 2375 qui-

193 2377 336 2436 ‘bus
352 2377 636 2452 profecto
663 2375 924 2448 redolet,
947 2376 1118 2452 quod
1137 2378 1190 2438 si
1217 2379 1610 2456 negligentes
1642 2380 1951 2442 fuerimus
1983 2399 2058 2442 ac
2079 2375 2348 2448 desides,
2375 2399 2490 2440 nec
2518 2375 2629 2456 per
2649 2379 2925 2438 aliorum
2954 2375 3208 2455 quidem
3242 2396 3484 2455 possu—

217 2482 364 2524 mus
384 2465 608 2525 merita
632 2462 891 2523 salvari.
917 2461 977 2520 Si
997 2477 1146 2520 vero
1170 2465 1378 2542 mente
1407 2460 1763 2542 vigilemus,
1793 2462 1983 2542 etiam
2005 2483 2121 2542 per
2144 2464 2569 2542 nosmetipsos
2590 2465 2759 2526 istud
2789 2466 3115 2526 valeamus
3137 2464 3410 2537 efﬁcere,
3436 2471 3496 2528 et

219 2544 425 2603 multo
450 2543 651 2620 magis
683 2547 928 2609 nostro,
958 2557 1152 2621 quam
1190 2540 1401 2621 alieno
1432 2541 1550 2600 tuti
1579 2560 1720 2602 esse
1749 2540 2079 2621 suffragio.
2113 2544 2270 2604 Nam
2292 2549 2352 2604 et
2378 2540 2547 2605 Deus
2571 2546 2846 2606 salutem
2873 2551 3184 2615 nostram,
3213 2552 3496 2604 nontam

217 2622 367 2683 aliis
398 2619 773 2700 rogantibus
803 2637 920 2702 pro
950 2619 1132 2702 nobis
1165 2619 1584 2702 vultdonare,
1613 2638 1810 2702 quam
1837 2619 2022 2682 nobis
2051 2643 2065 2680 :
2097 2630 2166 2683 ut
2191 2623 2309 2683 hoc
2334 2625 2475 2700 ipso
2501 2642 2630 2701 quo
2661 2627 2818 2685 iram
2843 2625 2909 2683 in
2933 2641 3050 2684 nos
3082 2624 3218 2702 ejus
3240 2625 3499 2700 placare

219 2699 541 2780 cupimus,
576 2701 652 2761 ad
688 2700 899 2782 studia
927 2699 1202 2782 meliora
1244 2699 1614 2782 migremus,
1644 2706 1706 2760 et
1731 2700 2028 2782 fiduciam
2073 2703 2255 2763 bonae
2295 2699 2700 2764 conscientiae
2743 2699 3146 2782 colligamus.
3197 2699 3297 2762 Sic
3327 2703 3499 2762 enim

217 2778 651 2842 Chananaeam
683 2780 857 2839 illam
886 2778 1235 2855 aliquando
1269 2779 1608 2839 miseratus
1647 2786 1778 2852 est;
1827 2780 1918 2841 sic
1944 2782 2136 2841 etiam
2167 2783 2481 2842 meretrici
2524 2782 2787 2843 donavit
2827 2778 3139 2853 salutem;
3173 2783 3265 2843 sic
3294 2783 3500 2842 latro-

218 2879 370 2921 nem
400 2879 435 2920 a
466 2879 654 2920 cruce
683 2860 749 2918 in
781 2858 1146 2936 paradisum
1177 2859 1522 2939 transtulit,
1553 2859 1795 2939 nullius
1827 2860 2105 2938 patroni,
2136 2861 2379 2922 nullius
2423 2864 2720 2939 precibus
2764 2861 3133 2922 mediatoris
3184 2860 3486 2921 inflexus.

303 2939 362 2999 5.
393 2941 467 3000 Et
493 2941 624 2999 haec
648 2939 939 3019 dicimus,
966 2954 1095 2996 non
1122 2943 1192 2996 ut
1215 2938 1705 3019 supplicandum
1729 2957 1869 2999 esse
1895 2939 2133 3001 sanctis
2166 2938 2496 3019 negemus,
2523 2941 2631 3001 sed
2655 2960 2732 3001 ne
2751 2941 3174 3017 nosmetipsos
3203 2942 3270 3001 in
3297 2941 3499 3000 otium

215 3038 298 3079 ne
330 3019 635 3080 desidiam
673 3018 1096 3086 resolvamus,
1144 3023 1206 3076 ct
1250 3018 1636 3078 dormientes
1678 3019 1798 3096 ipsi
1834 3019 1977 3079 aliis
2024 3018 2464 3079 tantummodo
2507 3027 2727 3082 nostra
2772 3020 3057 3081 curanda
3098 3021 3497 3080 mandemus.

213 3100 383 3160 Nam
433 3118 576 3159 cum
623 3097 934 3178 dixisset,
968 3097 1186 3156 Facite
1215 3096 1388 3178 vobis
1419 3098 1670 3169 amicos,
1719 3116 1864 3178 non
1893 3099 1995 3158 hic
2032 3099 2286 3178 restitit,
2335 3099 2444 3158 sed
2495 3099 2760 3178 adjecit,
2802 3099 2918 3158 Ex
2959 3099 3173 3177 iniquo
3221 3116 3501 3178 mamonu

219 3179 407 3255 (Luc.
435 3179 530 3238 16.
559 3178 620 3255 9)
660 3197 672 3235 :
705 3182 775 3236 ut
803 3177 1043 3236 scilicet
1062 3183 1244 3256 tuum
1277 3176 1336 3236 id
1364 3183 1532 3256 esset
1554 3194 1627 3237 ac
1652 3177 2007 3254 proprium.
2031 3177 2200 3237 Nihil
2223 3179 2460 3255 quippe
2493 3176 2597 3238 hic
2631 3179 2802 3240 aliud
2827 3195 3023 3256 quam
3052 3176 3503 3239 misericordia

215 3275 422 3334 Opera
467 3259 745 3337 signavit
783 3277 797 3314 :
831 3256 1131 3337 quodque
1165 3255 1668 3337 mirandumcst,
1708 3275 1836 3337 non
1873 3263 2165 3337 exactam
2212 3259 2545 3318 nobiscum
2583 3255 2895 3318 rationem
2945 3258 3266 3329 subducit,
3303 3258 3502 3317 dum—

215 3338 413 3397 modo
444 3334 895 3412 ab'iniquitate
925 3334 1334 3414 desistamus.
1363 3334 1543 3408 Quod
1576 3337 1747 3395 enim
1776 3335 1951 3407 dicit,
1984 3337 2349 3414 hujusmodi
2381 3343 2476 3396 est
2511 3357 2525 3396 :
2557 3339 2903 3413 Acquisisti
2934 3345 3120 3398 antea
3155 3338 3345 3408 male,
3377 3337 3502 3395 im—

215 3417 584 3496 pendejam
617 3418 778 3476 bene
813 3435 826 3472 :
858 3413 1170 3496 collegisti
1208 3415 1514 3496 hactenus
1560 3415 1801 3492 inique,
1853 3413 2146 3496 disperge
2187 3434 2357 3496 nunc
2380 3416 2574 3494 juste.
2633 3418 2826 3494 Atqui
2874 3435 3019 3493 quaa
3066 3415 3339 3496 tandem
3379 3416 3502 3478 ista

215 3493 429 3556 i'irtus
454 3493 549 3556 est
574 3496 813 3555 donare
844 3493 919 3553 de
957 3494 1186 3554 talibus
1208 3497 1235 3553 ?
1263 3495 1378 3554 Sed
1412 3500 1623 3553 tamen
1653 3511 1878 3554 amans
1912 3495 2234 3554 hominem
2283 3493 2451 3556 Deus
2493 3493 2780 3570 cousque
2810 3495 3156 3562 descendit,
3197 3501 3266 3556 ut
3294 3495 3346 3555 si
3380 3495 3502 3558 ista

219 3577 560 3642 faciamus,
598 3577 766 3635 bona
797 3573 978 3634 nobis
1007 3591 1237 3651 magna
1270 3574 1617 3650 promittat.
1646 3575 1885 3633 Verum
1927 3592 2043 3634 nos
2075 3574 2138 3632 in
2186 3579 2430 3634 tantum
2476 3575 2757 3635 stultitiae
2783 3575 3205 3651 amentiaequc
3235 3592 3502 3652 proces-

220 3658 453 3727 simus,
487 3663 558 3714 ut
587 3673 704 3714 nec
733 3671 814 3714 ex
846 3653 1071 3728 iniqua
1103 3653 1342 3730 aliquid
1376 3654 1784 3730 possessione
1815 3654 2171 3713 tribuamus
2203 3675 2218 3712 :
2253 3653 2360 3714 sed
2405 3659 2467 3712 et
2495 3673 2640 3714 cum
2683 3655 2928 3731 rapinis
2961 3654 3130 3713 mille
3179 3653 3360 3713 ditati
3401 3653 3502 3713 vel

219 3736 558 3796 minimam
597 3738 842 3812 partem
881 3732 1039 3792 forte
1070 3731 1456 3802 dederimus,
1485 3733 1701 3793 omnia
1735 3751 1850 3793 nos
1874 3733 2004 3811 jam
2054 3732 2351 3810 implesse
2379 3733 2718 3794 credimus.
2751 3738 2848 3794 An
2892 3751 3021 3792 non
3071 3733 3243 3812 forte
3269 3731 3502 3792 audisti

219 3811 1176 3894 apostolumpronuntiantem,
1209 3812 1517 3894 quoniam
1549 3812 1691 3894 Qui,
1718 3830 1904 3890 parce
1938 3812 2216 3894 seminat,
2258 3830 2448 3894 parce
2474 3822 2527 3872 et
2571 3822 2744 3894 metet
2790 3812 2871 3889 (:2.
2924 3812 3065 3874 Cor.
3098 3812 3158 3871 9.
3195 3811 3257 3894 6)
3281 3814 3308 3870 ?
3337 3812 3502 3894 Qua,

220 3911 449 3970 quaeso
485 3895 679 3962 enim,
709 3893 959 3951 ratione
987 3892 1194 3968 parcis
1225 3909 1300 3971 ac
1342 3892 1578 3971 retines
1602 3894 1629 3950 ?
1673 3893 1814 3952 Non
1860 3898 1956 3954 est
2002 3891 2166 3952 istud
2201 3891 2590 3968 impendere,
2633 3892 2744 3952 sed
2783 3910 3065 3971 augere:
3103 3891 3314 3968 neque
3353 3891 3504 3950 fru-

223 3982 370 4033 ctus
398 3991 474 4033 ac
519 3972 866 4050 negotiatio
912 3971 1202 4046 impensa
1234 3970 1499 4031 dicenda
1535 3977 1650 4031 est.
1699 3972 1816 4032 Ubi
1861 3971 2031 4032 enim
2080 3989 2298 4031 semen
2358 3977 2475 4042 est,
2530 3971 2615 4030 ibi
2650 3971 2843 4031 etiam
2885 3970 3336 4047 multiplicatio
3372 3973 3508 4030 fru-

222 4058 447 4112 ctuum
479 4052 918 4128 consequitur.
971 4051 1068 4110 Tu
1104 4067 1256 4111 vero
1291 4052 1343 4110 si
1373 4054 1614 4111 terram
1658 4050 1916 4128 quidem
1965 4050 2267 4128 pinguem
2300 4068 2374 4111 ac
2411 4051 2681 4110 fertilem
2715 4051 2982 4120 celeres,
3017 4056 3250 4127 etquae
3293 4051 3507 4128 pluri~

223 4151 406 4192 mum
449 4136 615 4191 esset
655 4137 1019 4208 Opportuna
1058 4131 1454 4201 seminibus,
1482 4149 1612 4190 non
1655 4137 1904 4190 tantum
1942 4129 2121 4188 illam
2168 4131 2429 4207 prepria
2469 4131 2702 4190 horrea
2751 4129 3128 4190 seminando
3171 4146 3506 4197 vacuares,

226 4229 453 4272 verum
481 4212 669 4270 etiam
698 4210 1094 4270 mutuaveris
1131 4209 1387 4270 aliunde
1419 4210 1588 4288 quod
1621 4227 1889 4269 sereres.
1924 4209 2278 4268 Maximum
2312 4227 2590 4286 namque
2631 4209 3084 4269 detrimentum
3115 4215 3403 4285 putares,
3440 4209 3505 4268 in

223 4311 301 4352 re
321 4291 430 4350 tali
463 4290 724 4366 diligere
753 4289 1126 4365 parcitatem
1159 4309 1173 4347 :
1209 4289 1433 4350 caelum
1468 4306 1619 4348 vero
1650 4307 1792 4348 cum
1824 4288 2114 4348 culturus
2148 4289 2259 4357 sis,
2286 4289 2391 4348 ubi
2426 4290 2603 4348 nulla
2651 4290 2818 4348 aeris
2873 4289 3302 4364 inaequalitas,
3357 4307 3506 4348 cor-

223 4370 446 4447 ruptio
468 4369 647 4429 nulla
679 4374 1012 4447 ventorum
1041 4374 1159 4438 est,
1197 4368 1303 4427 sed
1339 4368 1615 4444 plurimo
1645 4367 1886 4444 ubique
1918 4384 2065 4447 cum
2098 4367 2336 4427 faenore
2371 4368 2620 4447 semina
2642 4366 2814 4443 jacta
2855 4368 3272 4447 proveniunt,
3333 4385 3510 4447 cun-

224 4445 426 4510 ctaris
480 4456 674 4524 atque
730 4446 1123 4516 dissimulas,
1157 4465 1273 4507 nec
1303 4447 1604 4525 intelligis
1661 4447 1817 4522 quia
1868 4446 2187 4523 possimus
2237 4453 2299 4505 et
2350 4445 2670 4523 parcendo
2715 4446 3002 4522 perdere,
3043 4453 3106 4506 et
3143 4445 3510 4524 spargendo

224 4529 532 4607 colligere
551 4530 578 4586 ‘I
606 4527 845 4605 Sparge
864 4543 1039 4604 ergo,
1063 4545 1140 4587 ne
1169 4525 1434 4607 perdas:
1459 4525 1590 4607 noli
1615 4527 1914 4607 retinere,
1935 4525 2234 4607 utmagis
2263 4543 2633 4607 congreges,
2660 4525 2768 4585 sed
2810 4525 3323 4607 fructuosissimo
3353 4541 3506 4607 ero-

226 4604 442 4687 gaud'a
468 4604 702 4686 genere
731 4604 803 4668 ut
829 4607 1129 4687 lucreris,
1162 4605 1474 4687 impende.
1508 4605 1586 4664 Et
1615 4605 1668 4666 si
1708 4621 1972 4687 servare
2014 4604 2123 4666 illa
2159 4610 2430 4687 oportet,
2473 4604 2603 4664 noli
2639 4621 2716 4665 ea
2753 4611 2822 4664 tu
2857 4622 3150 4687 servare;
3180 4605 3302 4665 hoc
3330 4604 3502 4687 enim

226 4683 421 4748 {nodo
457 4683 762 4747 universa
809 4685 1179 4762 dispereunt
1216 4705 1230 4742 :
1264 4683 1375 4745 sed
1424 4686 1555 4745 Deo
1606 4685 1816 4763 potius
1866 4688 2094 4744 cuncta
2134 4685 2478 4756 committe,
2527 4688 2588 4763 et
2626 4700 2814 4744 nemo
2867 4683 3220 4761 quidquam
3271 4683 3502 4760 poterit

225 4767 379 4826 inde
403 4766 701 4843 diripere.
732 4765 872 4826 Noli
901 4765 1095 4842 igitur
1124 4772 1195 4824 tu
1225 4764 1518 4843 hicvelle
1550 4762 1863 4843 negotiari
1897 4781 2156 4843 :_neque
2203 4765 2374 4822 enim
2418 4762 2583 4843 nosti
2617 4763 2797 4824 lucra
2827 4763 3126 4843 colligere
3162 4783 3183 4843 :4
3212 4763 3320 4824 sed
3351 4780 3501 4822 eum

224 4846 446 4924 potius
480 4839 815 4924 fdanerare,
848 4839 958 4922 qui
991 4844 1180 4922 longe
1218 4841 1528 4924 majorem
1565 4839 2047 4924 faenoreoreddit
2085 4860 2348 4924 usuram
2375 4841 2516 4924 Azoibi
2553 4839 2880 4924 (inquam)
2906 4839 3115 4924 potius
3160 4841 3498 4924 faenerare,

232 4921 346 4984 ilbi
381 4925 555 4984 nulla
591 4923 832 4984 invidia
869 4921 1162 4999 prorsus,
1199 4923 1414 4982 nullus
1446 4923 1660 4988 timor,
1693 4923 1871 4982 nulla
1903 4923 2252 4988 accusatio,
2283 4921 2475 4982 nullae
2497 4921 3114 4999 versantur'iusidiae
3141 4941 3156 4978 :
3188 4921 3501 4999 faenerare

225 5005 474 5066 nullius
507 5007 597 5066 rei
631 4997 886 5083 penitus
913 5006 1324 5084 indigentem,
1361 5003 1469 5084 sed
1506 5006 1766 5084 propter
1793 5005 1860 5084 te
1895 5005 2106 5062 tamen
2137 5003 2465 5084 tamquam
2500 4999 2864 5084 necessaria
2908 4998 3360 5084 postulantem.
3405 4997 3501 5058 Da

230 5086 516 5162 pascenti
546 5076 791 5153 omnes,
825 5092 886 5145 et
915 5076 1173 5162 propter
1205 5090 1264 5142 te
1302 5076 1644 5162 esurienti,
1674 5098 1753 5140 ne
1789 5081 1923 5162 ipse
1965 5083 2246 5162 egestate
2275 5079 2594 5139 moriaris.
2620 5079 2729 5162 Da_
2747 5078 2802 5139 ei
2835 5077 2945 5162 qui
2979 5076 3503 5162 idcirco‘paupcr

230 5155 494 5224 effectus
529 5171 647 5229 est.
681 5175 750 5224 ut
773 5169 830 5224 te
852 5155 1107 5224 divitem
1133 5163 1366 5223 faceret
1396 5181 1409 5220 :
1443 5161 1752 5222 faenerare
1781 5155 1948 5219 unde
1987 5155 2195 5234 possis
2229 5174 2358 5217 non
2391 5164 2657 5218 mortem
2704 5155 3107 5224 fructiﬁcare,
3141 5155 3246 5214 sed
3279 5155 3498 5234 vitam.

231 5245 376 5302 Istae
406 5257 680 5318 namque
704 5261 916 5303 usura:
945 5261 1240 5319 regnum,
1277 5241 1398 5301 illae
1421 5245 1632 5319 autem
1663 5233 2010 5319 acquirunt
2038 5238 2590 5319 gehennamaillae
2621 5238 2790 5296 enim
2823 5235 3118 5319 avaritiae.
3148 5239 3319 5319 sunt.
3366 5233 3503 5294 istae

236 5339 393 5380 vero
423 5313 877 5398 philosophiae;
916 5328 975 5383 et
1009 5313 1130 5382 illa:
1158 5321 1415 5396 quidem
1445 5313 1860 5388 crudelitatis,
1893 5313 2212 5377 istae—vero
2244 5317 2518 5398 pietatis.
2555 5317 2761 5398 Q'uam
2805 5333 2958 5392 ergo
3002 5313 3501 5398 satisfactionem

233 5394 468 5480 parare
499 5394 874 5479 poterimus,
915 5402 1024 5477 qui
1056 5394 1200 5480 cum
1231 5406 1293 5459 et
1318 5399 1616 5480 amplius,
1649 5404 1711 5458 et
1747 5398 1969 5480 tutius,
2007 5403 2069 5458 et
2105 5396 2529 5480 opportunius
2561 5395 2879 5480 possimus
2915 5394 3224 5480 accipere,
3260 5397 3503 5480 etcum

233 5471 528 5541 libertate
557 5482 754 5551 omni,
788 5471 1121 5557 elatisque
1153 5471 1510 5547 formidine,
1535 5479 1780 5555 absque
1810 5471 2378 5538 obtrectationibus
2405 5492 2481 5536 ac
2502 5471 2812 5557 periculis
2827 5473 3176 5551 possidere,
3206 5489 3241 5532 a
3273 5471 3500 5557 talium

236 5561 566 5618 lucrorum
597 5560 808 5620 studio
837 5552 1226 5628 recedentes,
1261 5557 1414 5618 vilia
1463 5557 1582 5618 ista
1618 5552 1939 5618 sectamur
1968 5572 2043 5616 ac
2070 5557 2306 5631 turpia,
2347 5558 2655 5614 continuo
2683 5554 2990 5631 peritura,
3028 5569 3103 5612 ac
3146 5552 3500 5631 maximum

238 5638 424 5716 nobis
459 5640 745 5714 paritura
775 5640 1158 5716 supplicium
1185 5639 1212 5696 ?
1238 5636 1410 5698 Nihil
1435 5638 1605 5697 enim
1628 5638 1922 5716 praesenti
1958 5653 2156 5694 usura
2182 5629 2458 5716 turpius,
2483 5629 2770 5710 nihilque
2800 5631 3144 5716 crudelius.
3178 5629 3501 5716 Siquidem

237 5708 606 5796 hujusmodi
641 5708 983 5779 faenerator
1013 5719 1375 5796 negotiatur
1403 5708 2030 5796 a’licnadiscrimina,
2062 5723 2130 5796 et
2170 5708 2629 5796 uberiores,_ut
2663 5708 2865 5789 putat,
2901 5715 3184 5796 quaestus
3233 5708 3501 5796 dealte-

238 5791 378 5875 rios
409 5795 776 5858 infelicitate
807 5791 1245 5874 consequitur,
1280 5803 1474 5875 atque
1502 5798 1769 5873 insuper
1797 5794 1981 5872 quasi
2015 5792 2646 5875 pietatismerccdem
2677 5791 2974 5868 reposcit,
3008 5791 3182 5875 velut
3211 5793 3526 5875 metuens.

240 5893 322 5936 ne
352 5873 802 5939 immisericors
829 5877 989 5941 forte
1021 5865 1307 5941 videatur
1331 5897 1345 5936 :
1369 5865 1526 5939 'cum
1556 5865 1840 5955 profecto
1869 5865 2180 5953 praetextu
2211 5871 2574 5947 miscrendi,
2616 5865 2809 5950 atque
2844 5888 3028 5949 opem
3061 5865 3326 5941 ferendi,
3355 5881 3500 5926 ma-
