3850 6222
101 201 296 276 loss
1325 227 1554 285 ANIANI
1594 227 2164 291 INTERPRETATlO.
3222 217 3386 297 μηδ’

117 347 296 416 ctum
329 335 580 410 venire,
617 341 679 399 et
713 335 858 416 quis
898 355 1008 402 eos
1044 339 1112 400 in
1143 338 1266 400 hoc
1306 341 1650 401 suscitasse
1677 339 1993 401 credatur.
2026 343 2167 403 Non
2201 338 2373 399 enim
2406 339 2558 398 mihi
2604 340 2803 401 solius
2845 341 2964 400 hoc
2996 357 3138 401 esse
3169 346 3368 403 stellae

121 413 662 496 vide_tur,_verurn‘
692 413 880 479 etiam
912 418 1050 487 Dei,
1079 435 1194 496 per
1217 435 1408 494 quem
1439 419 1696 478 illorum
1716 418 1795 480 ad
1827 419 1946 477 hoc
1973 420 2186 478 anima
2220 423 2532 479 commota
2569 424 2684 478 est.
2720 420 2839 492 Qui
2868 420 2990 480 tale
3017 421 3205 479 etiam
3237 422 3360 480 ali--

117 490 281 569 quid
309 493 375 552 in
401 491 566 573 Cyro
591 496 823 575 legitur
849 516 1000 576 rege
1031 490 1277 568 fe'cissé,
1305 514 1674 575 praeparans
1705 515 1851 556 eum
1888 503 1958 559 ut
1999 497 2361 558 Judmorum
2392 497 2698 574 populum
2726 490 2764 557 εἰ
2797 498 2952 575 jugo
2981 498 3366 574 captivitatis

118 582 488 644 absolveret
513 583 568 659 (2
584 582 792 645 Paral.
812 578 940 655 36):
978 599 1104 641 non
1137 587 1350 642 tamen
1378 581 1473 661 sic
1505 580 1671 642 istud
1699 588 2002 659 operatus
2030 587 2158 653 est,
2179 586 2252 640 ut
2277 580 2459 641 liberi
2489 581 2736 661 arbitrii
2756 581 2904 659 jura
2939 582 3382 661 perfringeret.

119 662 452 739 Siquidem
481 664 673 723 etiam
702 681 847 722 cum
873 661 1142 721 Paulum
1168 659 1420 739 vocavit
1447 676 1486 721 a
1515 661 1670 722 caelo
1689 704 1705 732 ,
1741 679 1870 720 non
1901 677 2086 721 suam
2116 659 2554 720 tantummodo
2587 661 2858 737 gratiam
2881 705 2896 731 ,
2941 661 3046 720 sed
3079 659 3269 723 etiam
3305 665 3368 724 il-

117 737 252 801 lius
293 741 436 802 fecit
465 742 889 802 obedientiam
918 741 1204 800 relucere
1236 737 1408 818 (Act.
1432 739 1534 818 9).
1568 740 1642 799 Et
1672 758 1810 811 cur,
1842 741 2122 816 inquies,
2156 757 2284 798 non
2314 739 2436 798 hoc
2467 739 2669 816 magis
2696 741 2994 799 omnibus
3025 743 3331 803 revelavit
3355 745 3385 802 Τ

117 821 292 894 Quia
321 821 561 882 scilicet
598 839 725 880 non
762 837 982 879 omnes
1013 819 1265 880 fuerant
1295 818 1619 879 credituri.
1650 819 1850 880 Erant
1879 821 2116 896 quippe
2155 819 2260 879 isti
2299 819 2542 879 cunctis
2572 819 2682 896 qui
2713 819 2776 877 in
2814 820 2920 879 illa
2963 823 3390 883 versabantur

116 906 301 972 arte,
333 900 409 962 ad
440 900 624 960 ﬁdem
651 900 1028 977 paratiores.
1070 900 1228 960 Nam
1257 903 1324 978 et
1352 916 1496 958 cum
1523 899 1813 975 plurimae
1855 899 1994 960 alia:
2022 904 2240 978 gentes
2279 897 2595 974 perirent,
2630 898 2708 958 ad
2749 898 2920 958 solos
2950 903 3162 958 tamen
3194 901 3388 962 Nim—

118 981 291 1041 vitas
328 980 639 1057 prepheta
667 979 943 1040 directus
973 984 1069 1039 est
1097 998 1110 1036 :
1148 982 1209 1038 et
1238 977 1366 1057 duo
1396 978 1676 1037 latrones
1702 978 1890 1056 juxta
1917 977 2259 1037 Dominum
2296 979 2768 1054 pependerunt,
2801 978 2909 1038 sed
2935 996 3104 1038 unus
3136 985 3388 1040 tantum

119 1061 369 1120 electus
401 1056 498 1119 est
533 1059 599 1118 in
631 1060 924 1119 salutem.
962 1058 1312 1119 Considera
1350 1056 1545 1135 igitur
1576 1056 1805 1117 horum
1837 1063 1899 1117 et
1929 1057 2243 1117 admirare
2281 1057 2599 1128 virtutem,
2642 1075 2770 1116 non
2818 1059 3008 1118 modo
3031 1101 3046 1128 ,
3078 1060 3229 1135 quia
3260 1065 3387 1119 tam

118 1139 305 1218 longi
334 1139 581 1218 itineris
609 1139 1201 1218 subierelaborem,
1235 1135 1344 1196 sed
1370 1137 1562 1196 etiam
1591 1137 1747 1214 quia
1773 1141 1902 1218 tam
1930 1137 2300 1218 simpliciter
2325 1152 2400 1218 ac
2429 1137 2627 1218 libere
2668 1154 3032 1218 egiirecum
3066 1157 3238 1216 rege.
3283 1139 3390 1198 Et-

125 1215 305 1281 enim
328 1236 408 1278 ne
429 1217 693 1277 subdole
713 1217 890 1278 missi
913 1219 994 1277 ab
1020 1216 1239 1293 aliquo
1260 1221 1665 1292 putarentur,
1687 1221 1750 1295 et
1780 1216 2003 1275 ducem
2037 1217 2132 1276 sui
2158 1215 2401 1275 itineris
2433 1215 2732 1292 produnt,
2765 1223 2827 1275 et
2855 1215 3391 1295 longinquitatem

118 1298 411 1376 regionis
453 1297 755 1370 fatentur,
791 1303 853 1356 et
885 1296 1182 1356 ﬁduciam
1213 1295 1442 1354 mentis
1480 1294 1844 1355 ostendunt.
1894 1295 2196 1376 Venimus,
2230 1295 2556 1376 inquiunt,
2588 1295 2852 1354 adorare
2883 1294 3036 1354 eum.
3072 1298 3148 1356 Et
3179 1317 3390 1376 neque

121 1374 478 1437 tumultum
506 1377 725 1454 populi
750 1382 943 1452 atque
970 1377 1338 1446 clamorem,
1367 1391 1583 1454 neque
1621 1379 1995 1452 potestatem
2022 1374 2434 1434 reformidant
2464 1379 2718 1452 tyranni
2750 1395 2764 1431 :
2795 1376 2964 1434 unde
2987 1377 3140 1435 mihi
3173 1374 3392 1438 viden-

121 1464 239 1517 tur
269 1457 371 1516 isti
403 1453 702 1516 etiamin
744 1456 1010 1533 regione
1047 1454 1308 1532 propria
1355 1453 1501 1514 facti
1543 1470 1685 1513 esse
1727 1459 1946 1531 postea
1986 1454 2221 1516 civium
2259 1471 2523 1514 suorum
2555 1454 2867 1532 magistri.
2907 1455 3028 1529 Qui
3075 1457 3243 1516 enim
3289 1458 3393 1518 hic

124 1552 545 1612 nequaquam
587 1535 708 1596 ista
741 1536 949 1595 dicere
981 1535 1360 1602 timuerunt,
1393 1533 1592 1592 multo
1622 1534 1753 1594 haec
1781 1534 1920 1610 ipsa
1951 1533 2214 1594 liberius
2245 1534 2469 1610 patriai
2507 1551 2640 1594 sua:
2673 1534 3039 1594 hominibus
3072 1537 3394 1612 praedica-
3423 1537 3431 1545 “

125 1623 288 1676 runt
323 1635 338 1673 :
368 1616 616 1694 quippe
650 1621 875 1692 praeter
910 1615 1108 1675 stella)
1143 1612 1444 1694 indicium
1471 1656 1486 1684 ,
1519 1613 1841 1694 habebant
1872 1617 1934 1672 et
1962 1614 2171 1692 angeli
2202 1630 2616 1694 responsum,
2655 1617 2718 1674 et
2758 1615 3082 1694 propheta:
3109 1617 3394 1675 testimo-

127 1696 338 1754 nium.
382 1690 692 1760 Audi—cns',
734 1695 985 1771 inquit,
1034 1690 1315 1753 Herodes
1355 1709 1504 1758 rem,
1555 1691 1841 1752 turbatus
1871 1699 1957 1752 est
1984 1737 1999 1762 ,
2037 1690 2092 1752 ct
2120 1692 2316 1752 omnis
2350 1692 2742 1771 Jcrosolyma
2773 1712 2909 1752 cum
2943 1693 3077 1754 illo.
3106 1696 3391 1756 Herodes

128 1775 372 1852 quippe
411 1779 901 1850 consequenter,
934 1779 1153 1851 utpote
1169 1789 1316 1852 rex,
1346 1777 1408 1830 et
1442 1771 1561 1831 sibi
1590 1773 1830 1848 pariter
1853 1777 1916 1831 et
1942 1772 2158 1852 liberis
2191 1771 2562 1842 formidans,
2589 1773 2989 1851 Jerosolyma
3020 1791 3171 1833 vero
3197 1791 3394 1851 quam

130 1851 390 1914 tandem
425 1853 648 1913 habuit
677 1870 938 1914 causam
971 1851 1214 1910 timoris
1236 1895 1251 1919 ,
1285 1868 1429 1910 cum
1457 1857 1628 1911 certe
1658 1852 1838 1910 illum
1876 1851 2150 1912 audierit
2180 1869 2342 1921 esse,
2371 1869 2560 1928 quem
2591 1853 2975 1913 salvatorem
3003 1853 3168 1931 ejus,
3197 1861 3393 1931 atque

131 1932 492 1994 beneﬁcum
516 1975 531 1998 ,
564 1938 625 1991 et
670 1933 1078 1992 liberatorem
1107 1931 1430 2008 propheta;
1457 1947 1650 2007 porro
1676 1937 1824 1991 ante
1852 1931 2329 2008 praedixerant?
2357 1931 2650 2003 Quanam
2691 1932 2887 2010 igitur
2915 1934 3163 1993 ratione
3194 1934 3395 1994 Judaei

131 2013 377 2072 turbati
407 2013 596 2071 sunt?
629 2012 719 2071 De
751 2013 888 2088 ipsa
915 2011 1219 2070 nimirum
1267 2010 1578 2086 pravitate
1616 2011 1968 2080 sententiis,
2000 2027 2129 2087 qua
2151 2010 2328 2086 prius
2356 2010 2864 2071 adversabantur
2887 2012 3230 2071 Dominum
3271 2015 3396 2073 be-

137 2090 839 2184 neficia-conferentem
874 2111 889 2148 :
927 2095 989 2150 et
1027 2088 1480 2184 tamggloriosaa
1507 2105 1702 2184 quam
1741 2091 2136 2184 consequuti.
2167 2089 2544 2184 fuerantab
2559 2106 2634 2149 eo
2664 2091 2943 2184 libertati
2973 2092 3397 2184 praeferebant

131 2171 570 2231 miserabilem
602 2171 799 2239 illam,
823 2186 1017 2246 quam
1050 2170 1116 2228 in
1147 2166 1418 2247 .IEgypto
1447 2168 1911 2241 sustinuerant,
1950 2166 2320 2229 servitutem
2356 2166 2462 2248 (a).
2496 2169 2592 2229 Tu
2627 2187 2778 2229 vero
2805 2166 3196 2248 diligentiam
3229 2188 3396 2230 con-

133 2251 350 2312 sidera
385 2249 846 2327 prophetalem.
875 2249 1033 2311 Nam
1077 2249 1196 2308 hoc
1221 2265 1482 2324 quoque
1512 2248 1723 2325 ipsum
1764 2248 1916 2309 olim
1951 2249 2264 2326 prepheta
2295 2247 2678 2325 praedixerat
2717 2269 2732 2308 :
2766 2250 2825 2307 E
2836 2259 2854 2307 ι
2889 2247 3137 2326 cupient
3169 2251 3225 2309 si
3261 2251 3397 2310 nati

133 2332 288 2395 sint,
319 2348 440 2388 esse
462 2329 606 2407 igne
629 2327 929 2388 combusti
955 2349 974 2388 :
1005 2327 1297 2407 quoniam
1318 2345 1479 2403 puer
1516 2336 1703 2386 natus
1733 2337 1819 2386 est
1847 2327 2048 2408 nobis.
2078 2338 2134 2387 et
2163 2329 2330 2408 filius
2358 2327 2540 2408 datus
2565 2337 2656 2387 est
2688 2328 2868 2388 nobis
2902 2331 2918 2407 (
2942 2329 3093 2388 1εαὶ.
3122 2331 3182 2388 9.
3212 2328 3268 2392 ὃ,
3295 2329 3393 2408 6).

132 2405 545 2486 Quamquam
571 2408 742 2468 enim
773 2405 1044 2478 turbati,
1078 2423 1489 2483 nequaquam
1517 2412 1726 2467 tamen
1754 2407 2008 2468 student
2048 2405 2260 2468 videre
2301 2407 2470 2483 quod
2517 2405 2748 2467 factum
2775 2405 3129 2485 est,neque
3163 2410 3240 2469 ad
3281 2405 3402 2468 ad—

135 2488 456 2566 orandum
485 2493 709 2548 euntes
739 2503 958 2566 magos
995 2491 1356 2564 sequuntur
1388 2506 1403 2543 :
1433 2505 1642 2564 neque
1679 2486 1746 2566 in
1775 2492 1954 2566 tanta
1986 2505 2056 2548 re
2079 2532 2094 2558 ,
2128 2492 2385 2562 tamque
2418 2486 2695 2566 mirabili
2727 2487 2970 2564 aliquid
3007 2488 3397 2549 curiositatis

134 2565 487 2628 Ostendunt
518 2586 533 2626 :
562 2567 650 2627 ita
675 2565 864 2626 erant
880 2566 1259 2627 contentiosi
1290 2567 1530 2642 pariter
1557 2584 1632 2628 ac
1660 2565 1906 2626 desides
1937 2583 2068 2644 prin
2094 2567 2334 2627 caeteris
2363 2565 2682 2626 omnibus.
2706 2567 3094 2644 Oportuerat
3122 2584 3402 2644 namque

137 2665 253 2706 eos
283 2647 590 2706 continuo
617 2646 877 2717 sentire,
905 2652 1220 2722 quantum
1251 2647 1371 2705 sibi
1399 2651 1569 2706 esset
1592 2645 1874 2706 additum
1901 2645 2249 2724 dignitatis,
2277 2645 2353 2706 de
2379 2645 2538 2705 tanti
2573 2646 2814 2707 scilicet
2844 2646 3173 2707 nativitate
3203 2648 3399 2725 regis,

138 2727 256 2801 qui
297 2727 637 2786 Persarum
674 2725 753 2786 ad
787 2725 1219 2804 segregionem
1255 2730 1401 2784 ortu
1438 2742 1557 2784 suo
1589 2725 2026 2802 triumphante
2065 2725 2504 2804 traxisset,ret
2548 2727 2669 2785 sub
2704 2743 2835 2802 quo
2866 2744 3086 2786 omnes
3125 2727 3400 2804 populos

142 2811 406 2882 possent
444 2805 690 2883 legibus
737 2803 1107 2883 subjugare,
1139 2809 1357 2880 utpote
1383 2806 1574 2864 rebus
1607 2805 1674 2864 in
1704 2805 2114 2881 prosperiora
2151 2803 2584 2883 surgentibus,
2627 2810 2685 2864 et
2730 2823 2925 2882 regno
2957 2811 3087 2866 tam
3115 2803 3286 2866 clare
3320 2807 3405 2866 ab

140 2885 288 2960 ipso
313 2885 478 2962 regis
508 2885 604 2943 sui
639 2885 918 2962 fulgente
952 2884 1283 2960 principio.
1319 2884 1440 2957 Qui
1470 2889 1680 2943 tamen
1709 2901 1824 2943 nec
1856 2885 1948 2944 sic
1977 2884 2233 2960 quidem
2260 2886 2324 2943 in
2357 2883 2623 2944 meliora
2655 2891 3010 2954 mutantur,
3036 2903 3179 2945 cum
3207 2886 3409 2961 paulo

140 2970 296 3022 ante
322 2964 684 3040 captivitate
717 2963 984 3023 fuissent
1017 2964 1266 3023 Persica
1298 2963 1573 3022 liberati.
1605 2962 1759 3021 Erat
1792 2963 1963 3022 enim
1999 2965 2262 3022 omnino
2293 2979 2692 3037 consequens
2725 2981 2834 3024 eos
2865 2965 3082 3024 animo
3112 2965 3367 3023 volvere
3389 3004 3407 3024 .

140 3041 302 3100 utsi
334 3042 492 3101 nihil
519 3042 595 3102 de
625 3042 1081 3102 occultioribus
1118 3042 1586 3117 altioribusque
1622 3040 2022 3111 didicissent,
2057 3041 2421 3102 felicitatem
2463 3045 2673 3100 tamen
2718 3059 2902 3101 suam
2937 3061 3018 3101 ex
3057 3043 3193 3119 ipsa
3241 3059 3404 3116 prae-

138 3121 422 3184 senti-um
468 3121 753 3181 novitate
786 3122 1258 3198 perdiscerent,
1294 3123 1652 3199 meritoque
1693 3123 2024 3183 dicerent:
2073 3121 2133 3179 Si
2179 3120 2310 3199 jam
2352 3138 2568 3197 regem
2611 3128 2901 3182 nostrum
2938 3126 3142 3188 Persa)
3178 3134 3398 3196 natum

136 3204 304 3262 adeo
331 3201 870 3270 contremiscunt,
898 3199 1162 3280 quando
1200 3218 1347 3260 eum
1387 3198 1586 3277 magis
1619 3205 1922 3280 poterunt
1958 3200 2183 3280 timere
2225 3198 2581 3280 firmatum,
2618 3201 2887 3280 ejusque
2918 3203 3200 3280 imperiis
3243 3211 3396 3270 obe-

136 3281 318 3366 dire]
349 3280 555 3366 Erunt
584 3296 737 3366 ergo
769 3277 1848 3366 profecto_nostra_omniumregnis
1876 3278 2160 3366 gentium
2185 3278 2464 3366 clariora
2489 3296 2507 3366 _:
2538 3279 2646 3366 sed
2680 3277 2836 3366 nihil
2867 3277 3130 3366 prorsus
3163 3285 3397 3366 hujus-

135 3358 314 3444 inodi
327 3358 586 3444 desides
609 3359 855 3444 animos
883 3357 1232 3444 suscitavit.
1265 3358 2028 3444 Tantus_siquii_lem_il_los
2061 3362 2283 3433 torpor
2310 3357 2668 3444 obsederat,
2701 3357 2889 3444 eique
2919 3357 3268 3441 conjuncta
3283 3385 3398 3444 par

135 3437 384 3498 invidia
405 3457 435 3520 _:
471 3437 642 3520 quod
670 3445 1019 3520 utrumque
1051 3437 1276 3520 vitium
1308 3437 1533 3520 procul
1563 3436 2146 3520 a_nobis_debemus
2184 3453 2428 3520 arcere.
2461 3435 2726 3520 Oportet
2759 3435 3108 3520 enimeum
3145 3446 3255 3520 qui
3284 3435 3397 3506 ad.

140 3535 370 3577 versus
403 3517 522 3576 ista
551 3517 894 3594 depugnat,
929 3516 1068 3593 ipso
1098 3516 1246 3594 igne
1272 3517 1584 3593 potiorem
1615 3516 1680 3575 in
1717 3534 1785 3575 se
1822 3515 2138 3594 fervorem
2168 3515 2398 3574 mentis
2428 3517 2796 3576 accendere.
2829 3518 3000 3577 Unde
3037 3515 3224 3582 etiam
3256 3525 3397 3587 Do-

147 3597 356 3655 minus
383 3595 510 3655 ait:
535 3593 1190 3679 lg-neinpeni_mittere
1219 3595 1285 3654 in
1315 3605 1578 3679 terrain;
1609 3604 1666 3654 et
1695 3594 1854 3679 quid
1879 3595 2042 3662 volo,
2068 3593 2196 3654 nisi
2220 3602 2290 3653 ut
2315 3594 2692 3654 accendatur
2724 3593 2902 3672 (Luc.
2933 3597 3030 3656 12.
3059 3599 3214 3679 1&9)?
3237 3605 3396 3663 Pro-

145 3682 362 3753 pterrea
393 3680 452 3734 et
477 3679 736 3734 sanctus
765 3673 1036 3750 Spiritus
1064 3675 1129 3733 in
1160 3675 1369 3750 specie
1393 3673 1556 3752 ignis
1585 3673 1904 3750 apparuit.

227 3752 288 3812 ὃ.
321 3754 558 3812 Verum
589 3771 705 3812 nos
731 3753 947 3814 cinere
983 3753 1362 3831 frigidiores,
1399 3750 1462 3814 et
1506 3753 1774 3813 mortuis
1805 3751 2325 3832 insensibiliores
2344 3750 2491 3832 facti
2523 3770 2746 3813 sumus
2781 3773 2796 3811 :
2827 3759 2889 3814 et
2931 3755 3189 3832 quidem
3243 3777 3388 3822 cum

139 3835 359 3918 ipsum
376 3833 651 3918 Paulum
685 3833 943 3918 beatum,
970 3850 1164 3909 super
1193 3833 1439 3918 caelum,
1473 3832 1760 3918 adeoque
1791 3832 2017 3891 caelum
2063 3831 2197 3918 caeli
2229 3831 2497 3918 volitare
2529 3832 2879 3918 videamus,
2931 3831 3200 3914 ipsoque
3257 3839 3388 3918 igni

138 3909 472 3974 ardentius
502 3911 1054 3992 transcendentem
1090 3917 1318 3972 cuncta
1343 3955 1359 3983 ,
1407 3918 1469 3970 et
1516 3917 1744 3973 cuncta
1777 3915 2182 3986 superantem
2213 3953 2229 3979 ,
2277 3909 2526 3971 inferna
2569 3911 2811 3972 scilicet
2859 3931 2935 3974 ac
2966 3909 3388 3992 ’supernafet

137 3990 649 4072 tamgpraasentia
678 4005 872 4072 quam
920 3989 1156 4064 futura,
1186 3994 1317 4049 tam
1337 4006 1432 4072 ‘ea
1474 4007 1618 4072 quin
1645 3997 1817 4062 sunt,
1854 4007 2050 4066 quam
2097 4006 2174 4072 ea
2226 4007 2370 4072 quae
2416 4007 2545 4072 non
2581 4003 2752 4072 sunt.
2779 3991 2960 4064 Quod
2991 3989 3291 4072 si'supra
3332 4005 3394 4059 te

135 4078 241 4132 est
263 4065 418 4129 iliud
460 4065 826 4146 exemplum
853 4113 868 4140 ,
896 4086 1290 4146 quamquam
1328 4067 1461 4147 jam
1492 4065 1593 4128 hic
1645 4087 1856 4129 sermo
1876 4065 2167 4146 torporis
2199 4065 2294 4128 est
2328 4065 2518 4147 (quid
2549 4070 2719 4130 enim
2759 4077 2821 4129 te
2859 4073 3134 4148 amplius
3167 4065 3392 4139 habuit

137 4149 404 4221 Paulus,
439 4150 594 4226 quia
623 4149 735 4208 tibi
767 4149 948 4208 illum
978 4149 1372 4224 impossibile
1412 4149 1615 4209 credis
1645 4147 1992 4228 imitari?),
2027 4153 2240 4228 tamen
2272 4149 2624 4228 nealiquid
2660 4147 3122 4213 contentiusius
3155 4154 3388 4219 afferre

135 4229 497 4299 videamur,
539 4232 996 4305 praetereuntes
1046 4228 1339 4299 Paulum,
1372 4245 1481 4286 eos
1531 4229 1757 4288 saltem
1796 4227 1909 4305 qui
1945 4226 2142 4303 primi
2191 4228 2254 4285 in
2308 4226 2632 4287 Christum
2693 4230 3122 4304 crediderunt,
3170 4237 3390 4295 consi-

132 4308 458 4369 deremus.
483 4307 604 4381 Qui
634 4312 805 4367 certe
847 4312 909 4366 et
933 4307 1264 4384 pecunias,
1311 4310 1372 4365 et
1395 4307 1836 4382 possessiones
1865 4307 2110 4385 pariter
2135 4311 2198 4366 et
2229 4321 2447 4378 curas,
2481 4312 2677 4382 atque
2727 4311 3182 4385 occupationes
3242 4315 3387 4376 vitae

129 4387 336 4466 hujus
368 4387 793 4468 reliquerunt,
827 4403 1024 4468 seque
1071 4391 1233 4445 totos
1265 4385 1661 4468 tradiderunt
1689 4387 1856 4468 l_)_eo,
1905 4384 2150 4468 cunctis
2183 4402 2446 4461 prorsus
2479 4385 2701 4468 diebus
2728 4404 2805 4447 ac
2835 4384 3126 4448 noctibus
3179 4391 3382 4468 ipsius

129 4463 523 4528 adhaerendo
580 4465 884 4525 sermoni.
940 4466 1086 4525 Haec
1115 4470 1212 4525 est
1253 4465 1421 4524 enim
1470 4465 1775 4540 spiritalis
1812 4469 2046 4526 natura
2075 4463 2366 4536 ﬂammae,
2407 4471 2475 4523 ut
2511 4466 2755 4525 nullam
2787 4483 3001 4526 secum
3023 4463 3384 4532 carnalium

130 4547 544 4623 voluptatum
575 4545 801 4606 ardere
828 4545 1131 4621 patiatur,
1180 4544 1288 4604 sed
1318 4544 1381 4602 in
1412 4544 1609 4604 alium
1639 4561 1753 4604 nos
1782 4560 2068 4602 amorem
2097 4561 2359 4623 semper
2393 4544 2709 4623 traducat.
2765 4545 2843 4603 Et
2873 4545 3106 4607 idcirco
3158 4549 3384 4611 talium

130 4621 362 4687 rerum
395 4624 699 4704 cupidus,
726 4625 998 4704 etiamisi
1034 4630 1262 4683 cuncta
1294 4640 1438 4700 quaa
1487 4623 1768 4700 possidet
1817 4629 2084 4700 cogatur
2112 4621 2501 4704 impendere,
2549 4623 2601 4704 si
2643 4622 2929 4704 deridere
2959 4627 3269 4704 gloriam,
3327 4631 3380 4691 si

130 4705 497 4766 exhorrerc
521 4703 806 4784 delicias,
837 4704 888 4763 si
927 4702 1499 4784 ipsampostremog
1531 4721 1856 4784 exponere
1892 4704 2115 4784 vitam,
2134 4719 2280 4784 cum
2321 4702 2560 4780 ingenti
2593 4702 3141 4784 omniafacilitate
3176 4709 3384 4784 perﬁ—

129 4785 286 4845 ciet.
321 4783 570 4844 Etenim
609 4783 969 4860 pragcipuus
999 4783 1254 4860 quidem
1287 4781 1648 4862 illius-ignis
1679 4781 1870 4842 ardor
1890 4800 2033 4862 cum
2060 4781 2343 4862 alicujus,
2365 4788 2642 4862 mentem
2676 4782 2863 4844 fuerit
2888 4781 3216 4862 ingressus
3245 4831 3260 4859 ,
3287 4796 3382 4848 to-

130 4872 280 4923 tum
310 4863 454 4944 inde
501 4871 826 4940 torporem
856 4862 1306 4944 ignaviamque
1332 4861 1599 4944 depellit
1621 4881 1635 4920 :
1657 4861 2108 4944 Aeteumﬂcujus
2157 4861 2596 4944 semelpectus
2629 4861 3156 4944 invaserit,’omni
3183 4884 3382 4944 pror—

129 4961 255 5004 sus
310 4943 459 5003 alite
491 4947 748 5020 prmstat
777 4955 918 5002 esse
949 4941 1277 5002 leviorem.
1325 4941 1598 5020 Jamque
1651 4941 1770 5002 iste
1812 4943 1955 5002 talis
1988 4958 2064 5001 ea
2093 4957 2237 5017 quae
2260 4940 2564 5020 videntur
2592 4947 2822 5002 cuncta
2855 4940 3252 5020 despiciens,
3312 4947 3378 5007 in

128 5019 634 5103 compunctione
683 5025 988 5103 continua
1046 5027 1448 5103 perseverat,
1478 5019 1659 5103 largo
1705 5022 1963 5103 assidue
2017 5020 2219 5080 fluens
2272 5019 2444 5103 fonte
2465 5021 2928 5103 lacrymarum,
2975 5019 3375 5103 multamque

128 5101 294 5162 hinc
321 5101 580 5181 capiens
616 5101 1027 5178 voluptatem.
1062 5100 1231 5160 Nihil
1259 5101 1498 5181 quippe
1526 5102 1612 5181 ita
1653 5101 2050 5181 conglutinat
2074 5105 2266 5181 atque
2297 5100 2439 5158 unit
2462 5101 2618 5172 Deo,
2644 5107 2714 5158 ut
2738 5102 2861 5161 illa:
2891 5102 3187 5180 lacrymaa
3212 5100 3374 5181 quas

128 5187 204 5241 et
235 5183 480 5258 peccati
507 5179 690 5239 dolor
715 5187 776 5238 et
805 5197 988 5241 amor
1022 5182 1330 5240 virtutum
1359 5179 1645 5239 effundit.
1675 5179 1798 5253 Qui
1827 5181 1994 5240 enim
2034 5179 2177 5238 talis
2209 5179 2349 5238 vita:
2379 5185 2716 5239 conservat
2748 5179 3058 5253 tenorem,
3093 5179 3284 5243 etiam
3322 5187 3377 5247 si

128 5263 208 5321 in
249 5259 456 5320 medio
482 5260 660 5319 urbis
698 5259 988 5320 videatur
1017 5260 1331 5331 habitare,
1360 5260 1548 5336 quasi
1577 5260 1640 5318 in
1686 5261 1881 5320 eremi
1928 5267 2138 5320 tamen
2171 5260 2463 5318 vastitate
2493 5258 2856 5336 requiescit.
2898 5265 2960 5319 et
3007 5260 3174 5321 inter
3216 5264 3377 5323 soli—

130 5339 398 5400 tudines
432 5339 770 5408 montium,
803 5343 865 5398 et
909 5346 1154 5400 secreta
1181 5339 1592 5400 convallium.
1635 5339 1825 5399 Nullo
1865 5346 2034 5399 enim
2067 5337 2346 5397 tumultu
2373 5355 2588 5397 rerum
2610 5381 2625 5408 ,
2659 5339 3054 5416 strepituque
3080 5344 3375 5403 concuti-

129 5427 250 5479 tur
285 5437 299 5477 :
333 5418 492 5478 nihil
522 5417 615 5498 de
647 5419 1057 5495 praisentium
1102 5419 1476 5479 avocatione
1517 5421 1918 5496 conspiciens
1941 5464 1956 5487 ,
1993 5434 2201 5494 neque
2240 5417 2440 5498 ullam
2467 5417 2844 5498 satietatem
2888 5418 2963 5498 de
3009 5418 3372 5498 hujusmodi

127 5501 324 5560 luctu
357 5497 788 5577 lacrymisque
840 5498 1196 5574 percipiens
1224 5543 1239 5567 ,
1269 5498 1402 5558 sive
1434 5499 1693 5575 propria
1725 5506 2005 5576 peccata,
2066 5496 2851 5577 sivcctiamlamentetur
2887 5496 3118 5577 aliena.
3163 5500 3241 5559 Et
3274 5502 3374 5561 id-

125 5577 314 5638 circo
358 5575 648 5638 Christus
679 5578 796 5638 hos
829 5595 960 5655 prae
1003 5577 1244 5638 caeteris
1281 5575 1968 5654 pronuntiavit’beatos
1990 5622 2004 5646 ,
2041 5575 2239 5639 Beati.
2273 5575 2597 5652 inquiens,
2651 5577 2760 5655 qui
2786 5577 2995 5656 lugent
3024 5575 3277 5657 (Matth.
3309 5581 3349 5641 5

201 5718 278 5781 (τι)
314 5722 458 5767 Juxta
472 5724 702 5777 Grecam,
727 5714 988 5779 legendum
1014 5723 1181 5776 esset,
1232 5714 1547 5768 uiseram’tem
1591 5721 1975 5783 ,μεχιφιίαρατιιηι
2001 5721 2217 5772 carnium
2241 5717 2570 5774 comestianc‘m
