3850 6222
325 243 328 248 -
380 209 516 268 to“
1578 218 1814 278 ANIANI
1855 219 2427 284 INTERPRETATIO.
3403 219 3411 226 '
3501 231 3660 288 iota

387 321 518 415 19)ζ
543 321 835 413 Quonam
860 320 1682 415 igitur.tenpacto‘deinceps
1709 327 1976 415 aspiciet
2012 347 2181 415 uxor
2209 345 2248 390 a
2283 329 2392 415 tati
2413 331 2826 415 contumelia
2854 332 3226 395 redeuntem
3259 337 3288 396 ?
3323 339 3670 415 quemad-

378 399 633 494 modum
655 399 983 494 suscipiet,
1009 408 1070 460 et
1093 399 1458 494 alloquetur
1491 399 1629 494 tam'
1649 399 1904 484 indigne
1935 414 2183 469 naturae
2216 410 2543 494 muliebris
2566 411 2991 494 conditionem
3013 399 3384 494 sexumque
3418 418 3669 479 foedau-

374 485 524 576 tem,
553 485 803 576 atquea
830 480 938 576 tal‘i
970 483 1336 576 spectaculo
1361 482 1687 576 captivum
1717 480 2107 576 servumque
2141 488 2846 576 redeuntemmulieris‘
2879 480 3321 576 fornieantis'?
3349 496 3416 556 Si
3451 498 3665 576 igitur

371 557 508 656 haec
537 559 872 656 audientes.
891 559 1140 650 doletis,
1163 557 1476 656 marimas
1505 562 1742 640 gratias
1759 565 1952 656 [vobis
1977 557 2312 656 ag‘ereme',
2342 574 2403 656 et
2430 568 2659 656 debere
2685 570 3015 656 conﬁteor.
3041 572 3197 656 Quis
3228 583 3320 656 est
3352 557 3532 636 miri;
3549 557 3668 656 qui

368 655 460 695 me
486 637 778 733 ζῳτίβοαι,
801 638 930 699 nisi
947 639 1055 718 qui
1087 643 1499 732 contristatur
1513 637 1598 733 ea:
1616 640 1832 733 .meJQ.
1864 644 2004 733 cor.
2125 646 2185 733 2)
2207 648 2234 705 ?
2257 647 2345 733 δέ
2375 647 2574 733 igitur
2600 647 2904 733 desinatis
2936 637 3129 733 supia
3159 637 3672 730 hujusmodi'li-

369 716 578 806 centia
605 735 880 811 gernere,
911 716 985 778 ac
1015 719 1249 811 saepius
1281 719 1654 780 remorderi.
1688 716 2012 811 Hic_enim
2042 716 2225 811 doldr
2250 726 2354 788 [iet
2385 716 2562 811 vvobis
2599 716 3039 811 conversionis
3057 731 3134 791 ad
3152 716 3432 794 meliora
3471 734 3667 811 prin—

369 795 630 872 cipium.
677 796 1019 874 PrOpterea
1071 795 1131 885 et
1171 815 1299 885 ego.
1327 816 1686 885 sermonem
1723 802 2164 885 vehementius
2201 805 2403 882 pressi
2437 850 2453 876 ,
2496 810 2570 864 ut
2611 806 2840 868 altiore
2870 810 3147 885 quadam
3198 795 3542 873 incisione
3577 795 3665 878 an

368 891 595 961 egrum
626 893 737 935 vos
768 894 882 952 per
902 894 1063 961 quos
1096 877 1502 961 inebriamin‘i
1532 879 1866 961 putredine
1898 877 2238 944 liberarem
2269 888 2462 961 atque
2492 885 2571 944 ad
2602 903 2831 961 puram
2871 877 3246 950 revocarem
3291 893 3511 952 animi
3546 911 3659 958 sa-

366 953 628 1050 nitatem
653 977 672 1046 :o
701 955 1139 1050 quaqu'idem,
1165 960 1233 1047 Oet
1256 953 1725 1050 prrein'iisivefrie
1757 960 1974 1050 pietati
2007 953 2380 1050 prepositis’,
2418 953 2769 1050 omnesnos
2799 967 2992 1043 potiri
3004 969 3352 1050 rontingat
3377 1014 3398 1042 ,
3432 953 3659 1050 gratia

365 1036 429 1092 ot
460 1033 894 1172 milsericortll‘ia
927 1035 1180 1094 Domini
1209 1035 1409 1096 nostri
1437 1037 1594 1098 Jesu
1622 1033 1888 1112 Christi,
1919 1033 2249 1121 cuigloria
2279 1044 2636 1124 curn‘Patre
2667 1048 2730 1104 et
2759 1033 2980 1107 sancto
2997 1033 3656 1126 Spiritutin's‘écula

365 1131 533 1172 szecu
563 1131 771 1172 orum.
857 1131 1027 1172 men.

365 1131 771 1174 saecmorum.
800 1131 1027 1172 amen.

419 1290 3647 1320 ___.__.____._____________._________________________,_.

1314 1427 1662 1489 HOMILIA
1707 1427 2053 1488 SEPTIMA
2096 1427 2212 1487 EX
2267 1425 2553 1488 CAPITE
2597 1426 2676 1486 ll.

365 1548 456 1608 Et
485 1563 869 1626 congregans
899 1565 1102 1608 omnes
1117 1547 1442 1627 principes
1465 1548 1855 1608 sacerdotum
1881 1555 1937 1608 et
1957 1547 2192 1609 scribas
2211 1547 2442 1626 populi
2464 1596 2477 1615 ,
2509 1547 2954 1627 sciscitabatur
2981 1549 3056 1611 ab
3095 1550 3182 1613 eis
3213 1550 3328 1614 ubi
3355 1552 3660 1616 Christus

1111 1626 1489 1688 nasceretur.
1520 1628 1599 1688 At
1631 1628 1729 1690 illi
1754 1628 2055 1689 dixerunt
2086 1629 2162 1695 ei,
2185 1629 2265 1688 In
2285 1626 2630 1688 Bethlehem
2659 1628 2913 1689 Iudaeae.

442 1751 500 1810 1.
538 1749 761 1832 Vidisti
791 1754 981 1832 certe,
1004 1753 1078 1808 ut
1106 1765 1315 1809 sermo
1343 1749 1641 1832 superior
1675 1749 2225 1832 ostendit,_cuncta
2250 1748 2523 1832 omnino
2557 1766 2704 1826 qua:
2728 1748 2894 1812 facta
2919 1755 3100 1832 sunt,
3128 1750 3207 1812 ad
3234 1751 3655 1832 redargutio-

364 1847 508 1890 nem
536 1829 842 1906 proﬁcere
859 1827 1221 1890 Judworum
1247 1848 1260 1887 :
1285 1829 1397 1904 qui
1429 1829 1606 1906 prius
1637 1845 1830 1906 quam
1850 1828 2174 1888 Christum
2204 1828 2514 1900 viderent,
2537 1844 2612 1888 ac
2639 1846 2888 1889 veneno
2915 1828 3332 1892 inﬁcerentur
3359 1827 3654 1906 ini'idize,

363 1908 733 1986 simpliciter
775 1907 851 1968 de
878 1908 988 1968 illo
1015 1908 1380 1988 testimonia
1407 1907 1705 1985 praedicta
1734 1908 2090 1988 recitabant
2124 1928 2137 1965 :
2165 1908 2461 1988 ubivero
2496 1916 2893 1988 aspexerunt
2921 1910 3191 1988 gloriam
3227 1910 3374 1988 ejus
3409 1913 3493 1972 de
3527 1917 3626 1974 mi

362 1989 600 2050 raculis
630 1993 1106 2059 coruscantem,
1138 1987 1340 2048 livore
1368 1988 1684 2064 correpti,
1717 1987 2129 2064 supprimunt
2162 1987 2516 2048 veritatem.
2545 1986 2664 2048 Sed
2691 1988 2800 2048 illa
2831 1986 2946 2065 per
2981 1989 3115 2050 haac
3150 1986 3366 2066 potius
3407 2001 3651 2058 cuncta

363 2070 708 2140 crescebat,
736 2072 798 2128 et
826 2069 908 2128 ab
930 2067 1082 2148 ipsis
1110 2083 1369 2148 quoque
1390 2066 1742 2148 juvabatur
1764 2067 2058 2148 inimicis,
2083 2066 2432 2148 Considera
2462 2067 2755 2148 verohoc
2784 2067 2926 2128 loco
2951 2069 3140 2129 etiam
3167 2086 3370 2146 quam
3401 2071 3651 2148 impro-

362 2147 502 2228 visa
531 2163 869 2228 quamque
885 2145 1172 2228 miranda
1203 2146 1586 2228 proveniant
1609 2146 2166 2228 :_quandoquidern
2186 2150 2256 2228 et
2281 2145 2564 2228 vicissim
2586 2145 2838 2228 docent,
2870 2151 2932 2206 et
2962 2145 3246 2228 mutuo’a
3284 2168 3355 2210 se
3391 2145 3647 2228 aliquid

361 2227 718 2295 addiscunt,
752 2225 952 2286 Judaei
983 2225 1244 2295 scilicet,
1279 2231 1338 2284 et
1367 2227 1595 2285 Persae.
1629 2225 1787 2285 Nam
1815 2225 2015 2285 Judzei
2051 2225 2308 2302 quidem
2331 2242 2370 2286 a
2400 2225 2602 2303 magis
2634 2225 2924 2297 audiunt,
2957 2227 3129 2304 quod
3154 2229 3345 2289 stella
3379 2225 3542 2289 eum
3581 2233 3644 2291 in

362 2307 622 2385 regione
666 2303 1338 2385 Persidisrpraedicarit
1367 2323 1383 2362 :
1416 2304 1582 2382 magi
1617 2322 1770 2363 vero
1809 2322 1845 2365 a
1878 2305 2430 2385 Judze'isrdiscunt,
2465 2305 2635 2381 quod
2680 2305 2886 2382 ipsum
2919 2303 3170 2380 Jesum,
3203 2326 3406 2382 quem
3452 2313 3644 2373 stella

361 2384 852 2456 mdnstraverat,
885 2384 1072 2463 etiam
1099 2385 1424 2463 pr0pheta3
1453 2390 1604 2444 ante
1631 2385 2078 2460 praadixerant.
2104 2384 2258 2458 Quae
2289 2388 2458 2463 certe
2491 2384 3012 2463 interrogationis
3052 2387 3308 2447 occasio
3329 2433 3347 2461 ,
3379 2387 3453 2447 ﬁt
3479 2389 3645 2449 dili-

361 2464 666 2544 gentioris
695 2468 758 2544 et
799 2462 1248 2544 manifestioris
1294 2462 2116 2544 demonstratioidoetrinaa.
2145 2464 2272 2540 lpsi
2306 2462 2565 2544 quidem
2600 2462 2886 2544 veritatis
2921 2465 3154 2525 inimici
3202 2484 3322 2543 pro
3361 2469 3641 2531 veritate

360 2541 680 2624 coguntur
705 2543 918 2621 legere
949 2543 1165 2624 literas
1189 2589 1202 2609 ,
1237 2547 1297 2602 et
1322 2542 1722 2624 prophetiam
1750 2542 1826 2603 de
1854 2541 2107 2624 Christo
2145 2543 2578 2624 nescientibus
2623 2543 3028 2624 interpretari
3061 2565 3076 2603 :
3107 2541 3254 2606 licet
3303 2564 3442 2606 non
3489 2565 3637 2610 eam

360 2621 621 2684 oninino
649 2627 844 2682 totam
875 2622 1196 2682 voluerint
1223 2621 1576 2698 publicare.
1605 2621 1764 2682 Cum
1794 2622 1964 2683 enim
1994 2622 2310 2693 dixerint,
2342 2621 2512 2698 quod
2540 2640 2618 2681 ex
2650 2623 3015 2683 Bethlehem
3049 2640 3486 2700 processurus
3522 2646 3640 2689 es—

359 2709 454 2784 set
481 2702 592 2778 qui
620 2706 869 2784 regeret
894 2701 1094 2784 Israel
1122 2720 1136 2758 :
1167 2716 1580 2784 nequaquam
1608 2706 1821 2762 tamen
1849 2701 2450 2784 idrquodsequitur,
2477 2701 2875 2784 addiderunt,
2900 2702 2973 2784 in
3002 2703 3447 2766 adulationem
3469 2726 3639 2784 pro—

359 2781 519 2843 fecto
539 2781 706 2860 regis
732 2800 746 2838 :
772 2787 839 2839 ut
860 2781 935 2840 ad
957 2781 1254 2860 humanae
1269 2780 1488 2860 gratim
1505 2782 1778 2850 lucrum,
1804 2781 2084 2860 veritatis
2105 2780 2338 2860 damna
2365 2780 2769 2860 proficerent.
2791 2782 2951 2855 Quid
2974 2801 3122 2842 vero
3147 2784 3311 2842 istud
3331 2780 3526 2846 erat?
3549 2789 3640 2849 Et

356 2857 655 2942 egressus,
688 2859 918 2937 inquit,
947 2859 1148 2942 ejusia
1175 2857 1387 2920 diebus
1416 2860 1785 2942 aeternitatis
1814 2859 1887 2920 ab
1919 2860 2104 2942 initio
2137 2857 2356 2939 (Mich.
2388 2859 2447 2918 5.
2475 2859 2562 2939 2).
2591 2861 2908 2942 Etﬁcujus,
2943 2861 3218 2942 inquies,
3258 2865 3349 2924 rei
3387 2867 3634 2942 gratia,

358 2939 412 3000 si
441 2939 586 3023 inde
615 2944 775 3023 erat,
811 2944 882 3023 u_t
910 2939 1277 3023 praedictum
1305 2943 1422 3023 est,
1455 2939 1874 3023 adventu‘rus,
1907 2939 2242 3023 aliquanto
2273 2944 2559 3023 tempore
2587 2940 2649 2999 in
2677 2941 2992 3023 Nazareth
3024 2949 3311 3023 moratus
3335 2939 3441 3004 est
3464 2990 3480 3016 ,
3517 2965 3636 3023 per

355 3019 526 3104 quod
567 3019 758 3104 etiam
801 3019 1166 3104 obscuravit
1219 3018 1566 3104 prOphetia‘.
1623 3019 1823 3104 ipsius
1853 3018 2566 3104 _veritatem?_Qui_n_imo
2607 3038 2736 3104 non
2793 3022 3202 3094 obscuravit,
3245 3024 3374 3104 sed
3421 3018 3632 3104 magis

354 3099 571 3169 etiam,
605 3098 659 3158 si
687 3097 1052 3159 consideres
1079 3143 1094 3164 ,
1123 3097 1455 3158 revelavit.
1489 3099 1626 3158 Hoc
1648 3099 1819 3157 enim
1850 3097 2061 3174 ipsum
2091 3097 2262 3174 quod
2294 3099 2359 3157 in
2386 3099 2705 3159 Nazareth
2735 3118 2989 3176 semper
3015 3106 3218 3162 mater
3245 3097 3589 3165 habitarat
3611 3151 3629 3176 ,

353 3195 498 3254 qua)
528 3178 708 3237 illum
736 3177 799 3236 in
827 3176 1189 3237 Bethlehem
1217 3177 1460 3255 genuit,
1486 3177 1734 3238 ratione
1763 3181 1825 3238 et
1852 3176 2252 3254 providentia
2276 3195 2410 3238 rem
2441 3179 2718 3237 ostendit
2743 3178 3090 3255 impletam.
3115 3181 3197 3240 Et
3224 3180 3474 3243 idcirco
3495 3201 3630 3245 non

354 3257 660 3337 continuo
689 3261 973 3337 utinatus
995 3262 1112 3337 est,
1146 3256 1210 3315 in
1239 3256 1558 3337 civitatem
1587 3274 1770 3317 suam
1806 3257 2002 3329 venit,
2035 3256 2143 3317 sed
2173 3257 2237 3315 in
2284 3257 2648 3318 Bethlehem
2667 3259 3091 3337 quadraginta
3124 3264 3224 3321 est
3252 3269 3627 3326 remoratus

354 3336 576 3420 diebns
605 3341 715 3420 :u_t
740 3335 816 3395 iis
847 3335 956 3420 qui
984 3335 1346 3413 diligentius
1383 3336 1614 3420 vellent
1637 3339 1714 3420 de
1742 3338 2138 3420 ipso__cuncta
2169 3337 2411 3420 rimari,
2442 3337 2846 3420 occasionem
2876 3335 3320 3420 inquisitionis
3350 3343 3630 3420 ingere-

355 3421 472 3498 ret.
502 3415 751 3498 Etenim
784 3414 984 3498 multa
1012 3419 1196 3498 erant
1223 3431 1368 3498 quas
1393 3414 2150 3498 manifestumefﬁcerent
2179 3415 2349 3492 quod
2380 3416 2637 3498 latebat,
2667 3418 2720 3476 si
2752 3416 2941 3476 modo
2968 3417 3057 3476 illi
3095 3414 3499 3498 investigare
3528 3441 3628 3483 vo-

352 3495 657 3578 iuissent._
677 3493 1000 3578 Siquidem
1034 3494 1433 3555 venientibus
1463 3499 1723 3572 propter
1747 3496 1930 3578 illum
1953 3496 2034 3556 ab
2069 3500 2355 3578 extremo
2385 3495 2628 3556 oriente
2654 3498 2881 3578 magis,
2908 3503 3078 3578 totus
3107 3493 3374 3558 omnino
3405 3519 3627 3578 popu-

352 3574 452 3635 lus
490 3575 553 3634 in
583 3573 1068 3653 admirationem
1099 3591 1451 3653 suspensus
1483 3579 1579 3634 est
1610 3594 1624 3632 :
1658 3574 1768 3634 sed
1797 3575 1987 3635 etiam
2019 3592 2135 3635 rex
2163 3575 2297 3651 ipse
2328 3592 2473 3634 cum
2501 3576 2740 3652 populo
2758 3573 2785 3643 ,ί
2802 3581 2864 3636 et
2893 3577 3201 3653 propheta
3231 3581 3299 3636 in
3332 3573 3623 3640 medium

351 3655 539 3738 quasi
579 3653 758 3738 testis
794 3652 1104 3738 adductus
1149 3657 1284 3725 est,
1319 3652 1616 3738 factaque
1629 3659 1739 3738 est
1769 3670 2004 3732 magna
2033 3653 2366 3731 cujusdam
2395 3671 2624 3738 pompa
2647 3652 3038 3738 judiciiISed
3081 3664 3142 3717 et
3175 3658 3304 3718 alia
3349 3677 3623 3738 quoque

351 3733 540 3810 plura
571 3737 721 3812 tunc
750 3737 926 3811 gesta
963 3736 1148 3802 sunt,
1175 3749 1321 3809 qua)
1348 3731 1552 3792 Lucas
1583 3731 1921 3812 diligenter
1945 3741 2173 3794 cuncta
2220 3733 2502 3793 contexit
2525 3731 2900 3811 {proferens
2933 3739 2993 3793 et
3029 3738 3228 3797 Annze
3257 3731 3479 3800 viduae
3507 3731 3535 3806 .’
3563 3748 3624 3800 et

351 3811 663 3872 Simeonis
685 3811 866 3890 justi,
893 3816 955 3869 et
983 3811 1305 3890 Zacharias
1333 3811 1718 3881 sacerdotis,
1736 3817 1798 3872 et
1823 3813 2202 3890 angelorum
2232 3811 2663 3889 psallentium,
2697 3817 2759 3873 et
2786 3819 3116 3890 pastorum
3142 3817 3622 3878 exsultantium

351 3907 668 3952 consonas
692 3889 772 3952 de
799 3890 980 3968 pueri
1011 3889 1340 3968 majestate
1368 3892 1749 3951 sententias:
1774 3889 2153 3967 quaa’omnia
2178 3891 2330 3951 satis
2358 3896 2542 3951 erant
2569 3889 3293 3955 idoneaintendentibus
3321 3897 3621 3957 animum

351 3970 690 4050 praestandi
723 3967 1148 4040 occasionem,
1177 3974 1249 4050 ut
1275 3967 1446 4044 quod
1478 3969 1711 4030 factum
1747 3969 1955 4031 fuerat
1996 3971 2369 4031 disceretur.
2403 3971 2462 4031 Si
2493 3971 2662 4030 enim
2701 3972 2870 4050 magi
2909 3989 2947 4033 a
2989 3974 3244 4034 Perside
3278 3976 3620 4038 venientes

351 4065 480 4107 non
529 4049 992 4122 ignoravernnt
1045 4065 1190 4106 eum
1235 4047 1298 4105 in
1352 4064 1483 4123 quo
1528 4053 1625 4107 est
1677 4053 1856 4114 ortus
1898 4050 2410 4120 locum;quantu
2450 4050 2650 4124 magis
2689 4047 3081 4126 qui'ibidem
3127 4057 3619 4116 conversaban—

350 4137 458 4192 tur
492 4131 733 4191 discere
775 4130 1078 4190 universa
1117 4129 1511 4206 potuerunt?
1540 4127 1828 4188 Ostendit
1857 4144 1924 4186 se
1955 4126 2150 4206 igitur
2176 4127 2257 4186 ab
2288 4131 2471 4186 initio
2499 4133 2675 4206 ortus
2707 4145 2804 4187 sun
2843 4130 3186 4190 multorum
3217 4135 3615 4196 mirabilium

350 4209 735 4292 testimonio.
765 4211 931 4292 Quia
959 4205 1235 4292 vero’illi
1262 4207 1475 4268 videre
1504 4212 1632 4292 tam
1659 4206 1939 4292 lucentia
1969 4205 2492 4292 noluerunt,_per
2515 4205 2918 4292 aliquantum
2952 4226 3020 4292 se
3053 4211 3310 4292 quidem
3355 4217 3614 4292 tempus

349 4290 691 4351 occultavit
719 4309 735 4350 :
763 4289 867 4350 sed
895 4306 1122 4350 rursus
1153 4288 1283 4349 alio
1313 4287 1722 4363 semetipsum
1747 4283 2212 4346 demonstravit
2236 4284 2445 4363 modo,
2478 4288 2540 4345 et
2571 4284 2829 4360 quidem
2858 4287 3059 4346 multo
3074 4283 3384 4351 'clarioris
3419 4283 3613 4354 testi-

349 4370 564 4428 monio
591 4369 940 4446 potestatis.
969 4369 1109 4429 Non
1153 4367 1320 4426 enim
1341 4365 1474 4444 jam
1504 4362 1692 4446 illum
1725 4364 1925 4443 magi,
1957 4380 2088 4446 non
2127 4362 2308 4424 stella
2329 4406 2345 4434 ,
2375 4380 2503 4422 non
2550 4364 2802 4446 angeli,
2827 4365 2935 4446 sed
2966 4368 3152 4426 Pater
3181 4368 3317 4444 ipse
3359 4372 3606 4434 caelitus

348 4442 730 4525 praedicavit.
763 4449 920 4508 Nam
952 4465 1096 4509 cum
1130 4447 1209 4508 ad
1255 4442 1550 4506 Iordanis
1577 4442 1844 4525 inuenta
1868 4443 2280 4525 consisteret,
2310 4443 2604 4525 pervenit
2635 4451 2716 4525 et
2737 4442 3004 4519 Spiritus
3046 4442 3304 4508 sanctus
3331 4491 3348 4520 ,
3380 4467 3606 4512 vocem

351 4521 525 4588 illam
555 4529 755 4587 Patris
785 4545 979 4605 super
1014 4525 1314 4604 baptizati
1346 4529 1536 4600 caput
1557 4523 1872 4605 deferens,
1895 4527 1958 4582 et
1979 4523 2259 4605 Joannes
2285 4522 2459 4605 omni
2485 4539 2628 4605 cum
2651 4521 2942 4605 libertate
2971 4529 3285 4587 sermonis
3313 4531 3608 4591 multitn-

347 4608 558 4666 dinem
590 4605 664 4666 ad
702 4625 769 4668 se
800 4600 1194 4667 venientium
1226 4603 1639 4675 cohortando,
1673 4607 1870 4682 totam
1896 4603 2158 4682 omnino
2183 4600 2488 4672 Judzeam,
2517 4601 2892 4663 babitabilia
2925 4603 3066 4664 loca
3099 4611 3291 4682 atque
3320 4605 3602 4680 deserta,

347 4686 588 4745 lumine
619 4685 809 4764 hujus
831 4685 1294 4762 praadicationis
1326 4684 1646 4764 implebat.
1679 4681 2139 4764 Testimonium
2167 4697 2424 4764 quoque
2449 4684 2589 4764 erat
2602 4697 2914 4764 magnum
2948 4681 3318 4761 signorum:
3353 4703 3507 4747 nam
3538 4696 3602 4749 et

350 4771 521 4827 terra
546 4809 562 4832 .
592 4769 653 4826 et
684 4758 861 4825 mare
883 4808 899 4832 ,
919 4769 1288 4844 cunctaque
1327 4758 1589 4822 omnino
1619 4766 1949 4844 creatura,
1986 4759 2344 4844 clarissima
2387 4776 2505 4835 pro
2549 4758 2812 4844 Christo
2838 4779 2990 4823 voce
3012 4758 3410 4844 'resonabat.
3451 4766 3602 4844 Ipso

347 4862 606 4922 quoque
637 4843 963 4922 virginalis
994 4837 1214 4920 partus
1243 4848 1530 4922 tempore
1551 4858 1626 4902 ea
1661 4848 1809 4900 sunt
1845 4839 2009 4922 [acta
2045 4837 2353 4922 miracula
2379 4881 2393 4907 ,
2423 4855 2566 4922 qua:
2604 4839 2856 4922 abunde
2896 4847 3158 4922 possent
3198 4837 3600 4920 majestat'em

346 4918 781 4984 demonstrare
813 4918 1154 4984 nascentis.
1187 4922 1275 4982 Ne
1306 4921 1474 4980 enim
1501 4921 1817 4990 dicerent,
1847 4919 2312 4999 lgnoravimus,
2336 4918 2593 4993 quando
2623 4919 2778 4999 etin
2809 4937 2938 4995 qua
2962 4921 3221 4999 regione
3252 4918 3330 4981 sit
3359 4932 3552 4986 natus
3577 4948 3595 4985 :

347 5008 409 5062 et
436 5004 540 5064 illa
573 5003 649 5064 de
678 5003 878 5081 magis
916 5003 1169 5080 impleta
1201 5005 1382 5081 sunt,
1411 5005 1485 5081 et_
1501 5001 1625 5081 alia
1647 5043 1670 5081 ,Α
1698 5003 1769 5058 ut
1794 4999 2071 5081 diximus
2096 5041 2118 5081 ,_
2138 4997 2415 5081 plurima
2436 5041 2452 5067 ,
2481 5002 2558 5081 ut
2581 4997 2795 5081 nullus
2852 4997 3112 5076 prorsus
3155 5004 3596 5073 excusationis

346 5075 818 5158 relinqueretur
845 5075 1023 5143 color
1042 5126 1058 5153 ,
1091 5081 1200 5158 qui
1231 5080 1290 5139 id
1319 5079 1491 5156 quod
1521 5078 1848 5158 impletum
1875 5077 2079 5158 fuerat
2105 5076 2426 5158 inquirere
2456 5075 2830 5158 noluissent.

423 5161 481 5220 2.
507 5153 702 5222 Porro
730 5161 1061 5222 considera
1090 5153 1293 5237 ipsam
1319 5153 1641 5236 pmphetaa
1665 5156 2075 5237 diligentiam.
2105 5156 2241 5214 Non
2268 5155 2437 5237 enim
2455 5153 2613 5213 dixit
2633 5155 2803 5237 quod
2820 5157 2886 5216 in
2905 5157 3272 5218 Bethlehem
3291 5177 3595 5236 perman-

345 5256 536 5299 surus
567 5245 774 5302 esset:
807 5241 915 5302 sed
958 5259 1038 5301 ex
1069 5234 1457 5299 Bethlehem
1477 5234 1806 5314 procedet,
1840 5236 2050 5312 inquit
2080 5255 2094 5293 :
2123 5239 2196 5314 ut
2234 5234 2561 5314 signanter
2587 5235 3003 5311 prophetasse
3049 5234 3335 5296 videatur
3356 5284 3373 5310 ,
3404 5240 3593 5304 illum

345 5318 431 5387 ibi
464 5321 897 5380 tantummodo
923 5321 1342 5380 nasciturum.
1370 5312 1641 5390 Quidam
1689 5320 1904 5380 autem
1952 5313 2349 5391 impudenter
2403 5312 2676 5373 audaces
2720 5315 2902 5374 aiunt
2940 5315 3015 5376 de
3051 5315 3409 5378 Zorobabel
3454 5320 3593 5382 haec

343 5396 539 5486 fuisse
565 5399 1025 5486 praidicta._Sed
1055 5415 1186 5486 qua
1199 5396 1466 5486 tandem
1493 5395 1659 5486 istud
1681 5394 1936 5486 ratione
1959 5393 2315 5486 defenditur
2329 5391 2517 5486 ?’Non‘
2543 5393 2715 5486 enim
2747 5393 3241 5486 huic‘compnetit,
3262 5402 3333 5456 ut
3355 5397 3593 5486 Egres-

345 5495 450 5556 sus
475 5471 606 5553 ejus
630 5497 668 5536 a
688 5479 1007 5556 principio
1040 5471 1117 5536 sic
1145 5475 1748 5556 diebus‘ceternitatis
1778 5489 1918 5556 esse
1945 5471 2212 5556 dieatur.
2232 5471 2562 5556 Quomodo
2577 5477 2795 5556 autem
2819 5474 3042 5556 saltem
3064 5471 3221 5534 illud
3241 5471 3588 5556 quod'ante

343 5550 580 5636 dictum
609 5550 724 5626 esi,
746 5557 867 5636 Ea:
897 5550 952 5616 te
977 5557 1138 5618 exist
1160 5553 1421 5636 (tumide
1450 5553 1800 5636 Zorobabel
1828 5551 2056 5628 poterit
2084 5550 2449 5636 convenire,
2481 5551 2591 5636 qui
2622 5568 2755 5636 non
2782 5552 2845 5636 in
2866 5552 3126 5636 _.lu_dzea,_
3147 5550 3355 5636 sed'in
3383 5557 3586 5636 Baby-

343 5635 490 5694 lone
515 5638 692 5694 ortus
723 5635 983 5696 docetur
1002 5637 1030 5694 ?
1058 5634 1231 5696 Unde
1259 5633 1451 5695 etiam
1478 5633 1686 5710 ipsum
1718 5630 2241 5710 nomeniaccepit,
2275 5630 2428 5710 quia
2453 5629 2693 5710 scilicet
2717 5631 2802 5690 ibi
2829 5632 2912 5691 sit
2941 5633 3006 5691 in
3036 5633 3349 5706 sobolem,
3383 5629 3583 5694 semi-

343 5715 576 5777 natus?
593 5714 991 5793 Quicumque
1021 5714 1258 5776 habent
1284 5713 1422 5792 Syri
1451 5708 1762 5774 sermonis
1792 5709 2108 5788 peritiam,
2132 5709 2491 5787 intelligunt
2514 5708 2794 5786 profecto
2815 5710 2985 5787 quod
3007 5710 3354 5789 loquimur.
3380 5713 3582 5794 Supra
