3850 6222
169 327 317 385 1047
1363 333 1595 391 ΑΝΙΑΝΙ
1624 274 1689 388 ib

1891 329 2206 388 RETATIO.
3270 331 3411 388 1N8

167 454 506 528 praerepta.
535 448 716 523 Quod
747 457 916 508 certe
956 446 1113 528 dicit
1149 450 1212 506 et
1260 447 1496 528 Paulus
1533 467 1560 528 τί
1589 446 1775 507 Vobis
1809 444 2050 525 quidem
2084 443 2402 528 oportebat
2446 449 2714 528 primum
2759 448 3128 528 annunﬁtiari
3175 451 3422 517 verbum

169 523 289 624 :Dei
312 578 324 597 .
356 523 460 624 sed
485 531 777 608 quoniam
801 547 910 624 ves
941 526 1254 624 indignos,
1262 526 1592 624 iudicastis
1615 571 1630 593 ,
1675 523 1836 624 ecce"
1849 526 2269 624 convertimur
2292 523 2372 584 ad
2399 533 2606 617 gentes
2641 526 2934 624 (Act:.13.
2964 527 3090 624 Isti).
3121 529 3252 624 Etsi
3295 533 3422 624 igi-

168 614 282 670 tur
323 603 513 670 antea
541 609 1000 686 permanebant
1044 603 1633 686 incredulittamen
1680 609 2021 686 postquam
2069 603 2408 682 idipsum-a
2433 605 2636 683 magis
2680 603 3055 686 audierunt,
3085 603 3420 676 confestim

165 689 248 748 ad
288 684 607 749 Christum
643 688 1002 750 debuerunt
1027 685 1350 746 advolare.
1383 685 1503 747 Sed
1537 685 1762 763 utique
1792 684 2174 758 noluerunt,
2219 687 2282 744 et
2316 689 2687 762 prapterea,
2722 685 2858 747 istis
2906 687 3371 750 dormientibus
3397 733 3414 762 ,

168 766 264 827 illi
296 773 709 827 praecurrunt.

249 783 897 924 l5PrImiIfiligrliltillfigitur
919 860 1036 904 nos
1067 844 1292 904 saltem
1331 843 1731 924 ἀθνοίίοηθηι
1766 859 2124 921 magorum,
2155 859 2436 924 vereque
2461 859 2680 904 amare
2708 843 3141 924 Philosophia}
3179 847 3414 910 barba-

164 944 307 988 ram
335 922 1303 1002 consuetudinemsubjugemus.
1325 923 1784 1001 Longoitinere
1808 939 2167 992 curramus,
2188 928 2259 981 ut
2282 922 2604 982 Christum
2629 923 2837 984 videre
2854 941 3236 996 mereamur.
3261 927 3418 987 Nam

165 1014 232 1067 et
261 1006 350 1064 illi
383 1005 505 1064 nisi
537 1003 756 1082 procul
785 1003 1112 1081 regionem
1138 1003 1465 1080 prOpriam
1491 1002 1942 1082 reliquissent,
1980 1018 2391 1082 nequaquam
2419 1002 2640 1082 utique
2689 1002 3011 1063 Christum
3043 1004 3257 1082 videre
3289 1023 3420 1082 po-

163 1087 464 1146 tuissent.
492 1080 882 1146 Recedamus
911 1083 1105 1160 igitur
1131 1099 1171 1144 a
1205 1082 1477 1142 terrenis
1511 1081 1783 1159 negotiis
1810 1086 2005 1160 atque
2043 1080 2240 1140 curis.
2272 1081 2522 1139 Etenim
2547 1082 2712 1159 magi
2741 1082 2831 1141 illi
2864 1101 3008 1142 cum
3039 1081 3247 1143 adhuc
3278 1080 3420 1147 mo-

162 1171 470 1226 rarentur
512 1164 577 1223 in
615 1161 866 1223 Perside
901 1206 916 1232 ,
942 1159 1199 1222 stellam
1231 1160 1448 1222 videre
1494 1159 1933 1221 tantummodo
1968 1179 1982 1218 :
2013 1160 2168 1236 quia
2201 1177 2351 1219 vero
2386 1177 2424 1219 a
2454 1161 2707 1220 Perside
2735 1167 3174 1230 recesserunt,
3207 1162 3416 1223 Solem

163 1245 379 1322 ipsum
407 1259 718 1322 aspexere
739 1241 998 1322 justitize
1029 1261 1044 1298 :
1074 1241 1184 1322 qui
1221 1245 1399 1322 certe
1427 1257 1546 1300 nec
1571 1241 1820 1301 stellam
1845 1239 2102 1322 quidem
2130 1239 2349 1322 ipsam
2363 1239 2606 1322 tamdiu
2627 1239 2836 1300 videre
2862 1241 3270 1322 meruissent,
3292 1242 3416 1301 nisi

162 1317 293 1384 cito
322 1340 359 1384 a
389 1317 642 1383 Perside
676 1317 946 1380 fuissent
976 1319 1259 1397 profecti.
1285 1320 1632 1397 Surgamus
1667 1335 1820 1398 ergo
1857 1320 2049 1379 etiam
2077 1324 2306 1398 nos,et
2335 1317 2483 1378 licet
2509 1336 2730 1379 omnes
2761 1320 3122 1388 turbentur,
3157 1338 3272 1380 nos
3307 1326 3416 1381 ta—

163 1423 314 1464 men
343 1403 588 1463 alacres
614 1406 676 1461 et
702 1400 973 1477 prompti
1007 1398 1085 1459 ad
1115 1400 1295 1474 pueri
1329 1397 1759 1460 accurramus
1784 1397 2065 1457 domum.
2109 1397 2233 1456 Etsi
2266 1415 2380 1456 rex
2403 1441 2418 1467 ,
2451 1398 2567 1478 etsi
2599 1399 2874 1478 pOpulus
2909 1442 2925 1469 ,
2955 1398 3071 1457 etsi
3105 1404 3416 1478 tyrannus

168 1483 366 1558 hujus
396 1481 594 1542 velint
624 1496 882 1542 cursum
934 1478 1560 1558 itinerisiimpedire,
1594 1493 2004 1558 nequaquam
2044 1481 2257 1558 tamen
2296 1477 2549 1558 accensi
2587 1477 2879 1558 desiderii
2930 1477 3418 1554 exstinguamus

161 1555 481 1621 ardorem.
531 1559 632 1620 Sic
676 1559 847 1619 enim
891 1559 1110 1618 omnia
1136 1557 1406 1618 adversa
1430 1557 1832 1618 .calcabimus
1864 1577 1880 1614 :
1913 1557 2221 1632 quoniam
2269 1561 2331 1616 et
2362 1555 2452 1614 illi
2489 1556 2612 1615 nisi
2645 1556 2952 1616 vidissent
2977 1575 3273 1632 puerum,
3301 1576 3418 1619 nec

161 1641 522 1718 periculum
553 1638 722 1716 quod
744 1635 1182 1718 intentabatur
1203 1654 1241 1698 a
1267 1655 1414 1715 rege
1445 1637 1780 1696 vitassent.
1804 1637 1987 1718 Prius
2012 1635 2182 1718 enim
2207 1650 2402 1718 quain
2435 1652 2705 1711 puerum
2735 1641 3094 1718 cernerent,
3129 1636 3418 1713 undique

161 1713 290 1780 illis
321 1713 818 1798 opponebantur
835 1713 1661 1798 timores,conturbationes
1679 1723 1872 1798 atque
1900 1713 2291 1798 discrimina.
2318 1715 2672 1798 Postquam
2703 1731 2856 1798 vero
2885 1714 3416 1798 adorarunt,_se-

159 1793 489 1860 curitaset
517 1796 952 1874 tranquillitas
984 1798 1379 1872 subsequuta
1401 1800 1517 1856 est.
1545 1797 1673 1855 Nec
1693 1794 1826 1875 jam
1856 1795 2038 1875 stella
2067 1810 2203 1875 eos,
2227 1793 2336 1853 sed
2363 1795 2630 1875 angelus
2661 1793 2962 1875 suscipit:
2987 1796 3142 1875 quia
3174 1794 3418 1875 scilicet

159 1879 491 1938 adorando
523 1877 666 1937 facti
689 1872 952 1936 fuerant
976 1876 1362 1946 sacerdotes,
1396 1893 1543 1935 cum
1572 1874 2039 1950 supplicatione
2069 1872 2262 1933 etiam
2296 1873 2671 1932 muneribus
2697 1873 2952 1932 oblatis.
2985 1874 3063 1932 Et
3095 1872 3160 1933 tu
3197 1874 3418 1951 itaque

162 1960 184 2016 l
201 1959 499 2018 udaicum
528 1955 838 2034 p0pulum
865 1959 1359 2032 repugnantem,
1391 1955 1966 2034 urbemAturbatam
1985 1996 2004 2034 ,
2031 1951 2214 2012 caulis
2239 1958 2639 2034 appetentem
2655 1956 3020 2034 tyrannum,
3039 1953 3412 2034 ietfallacem

163 2039 350 2097 istius
381 2030 594 2097 saeculi
616 2030 920 2094 umbram
942 2030 1345 2109 relinquens,
1379 2034 1442 2092 in
1469 2032 1836 2094 Bethlehem
1868 2031 2135 2090 festinus
2153 2048 2454 2110 accurre,
2487 2048 2562 2090 ac
2605 2030 2858 2090 domum
2897 2031 3201 2107 spiritalis
3234 2034 3418 2110 panis

163 2116 520 2194 ingredere.
569 2114 698 2175 Etsi
727 2113 896 2194 enim
927 2117 1148 2190 pastor
1173 2113 1390 2194 fueris,
1418 2130 1629 2194 eoque
1657 2111 2017 2194 adveneris,
2046 2110 2110 2168 in
2135 2109 2488 2194 diversorio
2521 2127 2795 2194 puerum
2834 2110 3097 2194 videbis.
3131 2111 3414 2194 EtsiLreAx

163 2188 360 2256 fuéris
381 2243 396 2268 ,
429 2212 546 2254 nec
576 2201 784 2254 tamen
815 2188 1080 2252 devotus
1129 2192 1466 2252 adveneris
1489 2235 1504 2261 ,
1525 2188 1696 2250 nihil
1726 2190 1990 2250 omnino
2025 2189 2309 2268 proderit
2364 2206 2665 2268 purpurae
2710 2188 2957 2267 fulgore
3013 2190 3415 2251 circumdari.

161 2275 298 2334 Etsi
319 2291 543 2352 magus
593 2273 755 2352 forte
803 2271 924 2352 sis,
944 2271 1104 2330 nihil
1132 2276 1194 2330 te
1220 2271 1298 2330 ad
1341 2271 1512 2330 hunc
1541 2288 1752 2352 regem
1793 2269 2056 2352 introire
2087 2267 2470 2352 prohibebit,
2504 2267 2690 2352 modo
2717 2274 2788 2326 ut
2816 2268 3418 2352 adoraturusatque

166 2346 602 2414 honoraturus
648 2350 761 2411 Dei
811 2349 1079 2417 Filium,
1115 2355 1176 2410 et
1223 2368 1348 2409 non
1385 2349 1572 2426 quasi
1609 2349 2102 2408 conculcaturus
2149 2346 2451 2407 advenias
2489 2367 2502 2404 :
2541 2346 2729 2406 modo
2755 2355 2824 2406 ut
2855 2347 3166 2406 honorem
3210 2346 3418 2426 ipsum

165 2451 313 2492 cum
341 2432 572 2504 gaudio
603 2448 678 2491 ac
713 2435 988 2489 tremore
1017 2427 1240 2489 offeras
1280 2449 1294 2486 :
1330 2432 1600 2504 possunt
1628 2427 1798 2486 enim
1831 2435 2103 2503 utraque
2143 2427 2277 2486 hiec
2313 2426 2552 2502 pariter
2591 2426 2958 2486 convenire.
2996 2427 3112 2485 Sed
3142 2444 3296 2488 cave
3337 2445 3418 2486 ne

167 2451 313 2492 cum
384 2451 572 2494 allato
603 2451 678 2491 ac
713 2451 988 2489 tremore
1017 2451 1240 2489 oneras
1280 2451 1294 2486 ἶ
1330 2451 1600 2504 possunt
1628 2451 1798 2486 Blllﬂl
1831 2451 2103 2503 utraque
2143 2451 2277 2486 Πωο
2314 2451 2552 2502 νξιΓιιει-
2591 2451 2958 2486 υυιιγθιιιΐυ.
2996 2451 3112 2485 aeu
3142 2451 3296 2488 cave
3338 2451 3418 2486 ne

167 2451 400 2572 Herogi
429 2509 728 2572 efﬁciaris
760 2507 1008 2572 similis,
1047 2511 1106 2566 et
1133 2507 1328 2574 dicas,
1351 2507 1432 2566 Ut
1467 2513 1522 2563 et
1554 2523 1660 2580 ego
1687 2506 1934 2564 veniens
1960 2505 2205 2562 adorem
2228 2523 2361 2562 eum
2388 2524 2407 2562 :
2435 2521 2709 2574 cumque
2741 2505 3014 2570 veneris.
3049 2507 3419 2565 interimere

161 2585 440 2664 coneris.
474 2581 684 2664 Hujus
713 2582 947 2642 etenim
973 2581 1215 2664 similes
1245 2584 1434 2664 sunt,
1468 2581 1596 2664 qui
1624 2580 1886 2664 indigne
1913 2582 2762 2664 abutunturucommunionc
2797 2587 3108 2664 mysterii.
3147 2587 3310 2647 Reus
3349 2599 3434 2647 est

161 2662 375 2740 enim,
407 2660 639 2737 inquit,
669 2660 785 2719 iste
813 2660 1100 2738 corporis
1129 2669 1185 2718 et
1203 2659 1530 2740 sanguinis
1552 2659 1806 2740 Domini
1837 2658 2088 2740 (1_._Cor.
2124 2659 2516 2740 11.27)..Qui
2550 2662 2720 2722 enim
2751 2658 3066 2740 ejusmodi
3094 2671 3281 2734 sunt,
3314 2665 3436 2726 ha-

168 2740 326 2799 bent
354 2738 418 2796 in
446 2756 514 2798 se
543 2737 1005 2821 tyra‘nnumjiet
1031 2756 1230 2821 regno
1252 2737 1482 2821 Christi
1505 2738 1744 2816 jugiter
1773 2738 2187 2821 invidentem,
2222 2739 2412 2821 longe
2430 2757 2584 2801 sane
2608 2737 2858 2802 Herode
2888 2743 2999 2802 illo
3025 2743 3429 2821 nequiorem.

161 2833 538 2897 mamonam
561 2817 822 2897 scilicet.
856 2817 972 2876 Hic
999 2817 1170 2877 enim
1204 2817 1268 2876 in
1300 2817 1589 2897 homines
1624 2823 1840 2897 tenere
1881 2817 2221 2897 imperium
2257 2818 2444 2897 gestit
2475 2863 2490 2886 ,
2532 2837 2814 2897 suosque
2839 2817 3431 2895 cultores—simulat,

163 2902 230 2978 ct
252 2896 439 2955 mittit
466 2895 545 2956 ad
570 2895 916 2967 Christum,
943 2901 1014 2978 ut
1039 2897 1248 2972 specie
1282 2895 1536 2978 quidem
1566 2895 1834 2978 adorare
1856 2896 2195 2978 videantur
2231 2895 2593 2974 {quantum
2623 2895 2772 2960 vero
2809 2901 2872 2960 in
2912 2898 3064 2978 ipsis
3103 2907 3221 2974 est,
3253 2903 3432 2964 inte—

161 2976 410 3036 rimunt
446 2993 860 3068 _eum,”qucm
905 2974 1176 3036 adorare
1219 2994 1287 3035 se
1319 2976 1646 3036 simulant.
1677 2975 2061 3068 .T‘imeamus
2095 2975 2424 3068 igiturune
2455 2978 2715 3068 quando
2747 2974 3022 3068 speciem
3067 2980 3432 3058 supplicum

162 3061 361 3132 atque
387 3054 789 3117 adorantium
809 3071 1129 3133 geramus,
1151 3071 1345 3131 opere
1372 3071 1523 3114 vero
1553 3055 1942 3115 exsistamus
1966 3054 2230 3115 inimici.
2253 3055 2453 3133 lgitur
2483 3054 2810 3119 adoraturi
2846 3054 3170 3120 Christum
3193 3054 3432 3124 cuncta

162 3134 580 3212 projiciamus
626 3152 661 3195 e
693 3134 1018 3194 manibus.
1060 3133 1120 3192 Si
1161 3133 1578 3194 habuerimus
1625 3151 1858 3194 aurum
1885 3178 1901 3203 ,
1937 3133 2280 3194 offeramus
2322 3135 2468 3212 ipsi,
2500 3153 2626 3195 non
2662 3143 2848 3198 terra:
2894 3138 3315 3201 defodiamus.
3367 3140 3431 3201 Si

163 3213 458 3296 enimilli
499 3220 656 3296 tunc
684 3213 944 3296 barbari
969 3213 1036 3272 in
1072 3213 1380 3296 honorem
1402 3213 1850 3296 tantummodo
1888 3213 2142 3296 Domini
2183 3214 2555 3274 obtulerunt
2591 3215 2866 3277 libenter
2895 3234 3128 3288 aurum
3164 3239 3178 3276 :
3217 3219 3431 3296 qualis

165 3298 241 3352 tu
269 3293 419 3366 eris,
459 3292 512 3352 si
543 3294 599 3353 ei
631 3310 759 3352 non
790 3292 1036 3353 tribuas
1074 3291 1424 3369 indigenti?
1453 3292 1550 3352 Illi
1606 3297 1732 3351 tam
1763 3292 1956 3370 longo
1987 3293 2218 3353 itinere
2259 3301 2686 3354 cucurrerunt
2731 3305 2802 3355 ut
2833 3303 3056 3356 natum
3089 3291 3380 3359 viderent
3409 3319 3426 3358 :

161 3379 236 3432 tu
276 3391 424 3434 vero
449 3389 578 3449 qua
610 3371 863 3432 tandem
886 3371 1319 3453 satisfactione
1348 3373 1584 3453 poteris
1614 3372 1885 3439 absolvi,
1910 3372 2022 3453 qui
2045 3373 2356 3453 nehrevis
2379 3373 2634 3448 quidem
2658 3376 2880 3452 plateae
2895 3377 3175 3453 spatium
3205 3383 3430 3439 trans-

166 3453 259 3534 is,
295 3459 365 3512 ut
396 3453 608 3512 visites
647 3450 1403 3534 aegrit-udine‘aﬂlictum,‘
1425 3456 1485 3510 et
1516 3451 1796 3534 vinctum
1821 3451 2104 3511 catenis?
2133 3451 2208 3511 Et
2243 3458 2411 3534 certe
2430 3450 2722 3534 solemus
2749 3450 3196 3533 aegrotantium
3235 3464 3431 3534 atque

168 3533 551 3602 vinctorum,
589 3531 835 3593 etiamsi
871 3530 1106 3590 inimici
1139 3533 1289 3596 sint,
1323 3531 1610 3590 misereri
1642 3550 1656 3588 :
1688 3537 1757 3590 tu
1789 3547 1941 3590 vero
1967 3549 2047 3590 ne
2078 3547 2230 3610 erga
2261 3531 2601 3592 Dominum
2647 3530 2903 3610 quidem
2935 3540 3153 3606 tuum,
3187 3541 3247 3596 et
3281 3530 3430 3597 eum

163 3614 280 3688 qui
305 3617 625 3695 tantorum
657 3611 766 3670 tibi
790 3616 885 3670 est
915 3614 1139 3670 auctor
1169 3612 1506 3695 bonorum,
1526 3610 1661 3695 _hoc
1685 3610 2091 3695 permoveris
2111 3610 2387 3695 affectu?
2524 3612 2668 3674 illos
2698 3613 2955 3695 quidem
2984 3632 3216 3674 aurum
3257 3616 3430 3695 legi—

162 3709 312 3751 mus
343 3691 670 3758 ohtulisse,
705 3697 772 3750 tu
801 3707 950 3749 vero
983 3707 1210 3769 panem
1235 3690 1440 3765 ipsum
1479 3690 1588 3748 vix
1620 3689 1871 3749 tribuis.
1894 3689 2002 3769 illli
2035 3689 2329 3750 viderunt
2359 3691 2644 3760 stellam,
2677 3699 2870 3769 atque
2898 3693 3090 3754 laetati
3125 3701 3276 3754 sunt
3316 3689 3431 3756 z'tu

162 3779 381 3830 autem
413 3771 622 3848 ipsum
647 3770 964 3848 aspiciens
997 3768 1319 3848 Christum
1342 3769 1752 3848 peregrinum
1781 3768 2176 3845 nudumque,
2216 3788 2344 3829 non
2379 3769 2672 3831 flecteris.
2705 3768 2859 3846 Quis
2893 3774 3063 3832 enim
3101 3782 3381 3834 vestrum
3409 3821 3426 3845 ,

169 3849 286 3930 qui
309 3847 662 3911 innumeris
690 3847 839 3910 estis
863 3847 1094 3930 Christi
1129 3847 1452 3930 beneﬁciis
1483 3847 1938 3930 obligati,tam
1977 3849 2345 3930 longinqua:
2383 3857 2644 3927 pmpter
2684 3870 2831 3911 eum
2865 3852 3140 3930 arripuit
3170 3853 3432 3930 expedi-

167 3927 361 4012 tionis
390 3931 696 4012 laborem,
722 3946 918 4012 quam
945 3929 1034 4012 illi
1065 3928 1346 4012 barbari,
1371 3928 1500 3987 imo
1527 3928 1950 4012 sapientiores
1982 3928 2263 4006 profecto
2289 3930 2732 4012 sapientibus?
2753 3927 3171 4012 Verum—quid
3201 3927 3319 4012 ego
3354 3933 3432 3994 de

168 4010 380 4085 spatio
407 4009 641 4086 loquor
667 4009 913 4070 itineris
949 4009 1281 4087 longioris,
1311 4026 1455 4068 cum
1485 4007 1775 4084 plurima:
1806 4007 2186 4070 feminarum
2215 4015 2391 4069 tanta
2415 4009 2546 4087 jam
2577 4011 2773 4069 animi
2802 4007 3198 4073 mollitudine
3221 4007 3425 4073 resol-

165 4094 441 4168 vantur,
470 4097 542 4149 ut
573 4088 694 4148 nisi
726 4088 1001 4150 advectm
1031 4089 1245 4158 mulis,
1278 4087 1626 4168 quamlibet
1651 4088 1884 4168 exiguo
1907 4089 2112 4165 spatio
2144 4104 2182 4148 a
2217 4087 2510 4149 domibus
2556 4090 2689 4149 suis
2732 4091 2949 4150 venire
2984 4098 3308 4168 nequeant
3345 4090 3429 4153 ad

168 4167 510 4230 videndum
547 4168 888 4228 Dominum
918 4169 984 4228 in
1011 4168 1322 4246 praesepio
1357 4167 1673 4245 spiritali?
1702 4167 1817 4227 Sed
1846 4186 1928 4227 ex
1967 4168 2042 4228 iis
2070 4184 2330 4244 quoque
2383 4169 2493 4245 qui
2534 4175 2703 4230 certe
2744 4167 3113 4230 ambulandi
3142 4171 3434 4233 laborem

168 4249 412 4318 ferunt,
443 4249 553 4314 alii
585 4249 990 4328 saecularium
1014 4248 1417 4328 negotiorum
1458 4246 1796 4328 tumultus,
1829 4246 1936 4306 alii
1969 4247 2314 4328 theatrales
2346 4250 2566 4328 turbas
2602 4254 2838 4309 sanctis
2869 4250 3134 4310 ccetibus
3159 4256 3433 4328 antepo-

167 4333 355 4387 nunt.
391 4329 470 4388 Et
498 4327 752 4388 barbari
783 4327 1039 4405 quidem
1069 4327 1158 4386 illi
1188 4327 1563 4403 priusquam
1585 4325 1906 4405 Christum
1932 4325 2241 4391 viderent,
2271 4331 2399 4387 tam
2429 4327 2686 4405 longam
2719 4333 2978 4404 propter
3004 4329 3214 4405 ipsum
3239 4325 3432 4389 exsu-

165 4413 564 4483 peraverunt
589 4408 756 4466 viam
789 4404 812 4466 .
837 4414 905 4466 tu
943 4424 1094 4465 vero
1126 4425 1241 4466 nec
1275 4411 1696 4482 posteaquam
1736 4404 1991 4468 videris,
2025 4405 2166 4463 illos
2187 4406 2478 4482 probaris
2517 4404 2775 4466 imitari.
2821 4407 2979 4466 Nam
3010 4404 3072 4467 et
3108 4427 3250 4468 cum
3284 4428 3430 4467 eum

162 4485 428 4558 videris,
462 4488 548 4548 ita
578 4504 725 4548 eum
752 4485 1086 4564 relinquis,
1118 4491 1188 4544 ut
1210 4490 1351 4562 post
1380 4484 1560 4543 illum
1590 4501 1812 4544 curras
1843 4484 1921 4545 ad
1959 4484 2228 4552 theatra,
2254 4501 2328 4544 ac
2349 4485 2612 4544 mimum
2647 4486 2855 4562 potius
2883 4493 2944 4547 et
2973 4486 3184 4547 videre
3214 4495 3275 4546 et
3300 4507 3429 4546 au—

159 4567 307 4626 dire
331 4567 673 4628 desideres.
727 4568 934 4642 Atque
974 4570 1044 4623 ut
1072 4565 1290 4624 eadem
1322 4581 1550 4624 rursus
1595 4564 1903 4641 attingam
1932 4580 2076 4640 qua:
2105 4569 2295 4624 antea
2324 4582 2464 4624 sum
2499 4565 2846 4625 insectatus
2871 4610 2887 4636 ,
2919 4565 3241 4626 Christum
3280 4567 3434 4642 qui-

165 4646 318 4706 dem
350 4647 416 4707 in
440 4647 709 4724 spiritali
740 4647 932 4706 situm
964 4645 1274 4724 praesepio
1295 4643 1712 4720 derelinquis,
1735 4659 2044 4724 properas
2071 4660 2224 4703 vero
2252 4643 2567 4724 jacentem
2596 4644 2658 4704 in
2691 4662 2882 4705 scena
2907 4651 3194 4723 spectare
3222 4665 3436 4707 mere-

163 4725 418 4787 tricem.
464 4722 600 4786 Hoc
627 4731 843 4786 autem
866 4726 1101 4802 quibus
1134 4723 1386 4784 tandem
1414 4728 1712 4799 putamus
1741 4722 2003 4800 dignum
2039 4741 2179 4782 esse
2215 4723 2544 4800 suppliciis
2567 4726 2595 4782 ?

250 4805 310 4864 6.
357 4805 713 4884 Responde,
752 4807 1041 4872 obsecro,
1071 4803 1121 4862 si
1160 4820 1228 4862 se
1253 4802 2000 4884 quispiamintroducere
2031 4807 2091 4861 te
2128 4802 2538 4879 polliceretur
2579 4803 2656 4863 ad
2689 4821 2939 4884 regem,
2968 4809 3030 4864 et
3069 4804 3434 4866 ostenderet

165 4884 287 4944 tibi
320 4881 502 4945 illum
530 4884 811 4961 undique
833 4889 1300 4953 coruscantem,
1337 4887 1530 4958 atque
1570 4881 1734 4962 inter
1761 4881 1971 4962 varios
2006 4899 2253 4958 pompa)
2287 4900 2418 4942 sua)
2447 4889 2713 4944 ornatus
2750 4881 3073 4944 sedentem
3105 4928 3120 4944 .
3158 4890 3433 4962 putasne

161 4963 483 5026 theatrale
527 4964 962 5042 spectaculum
1002 4962 1226 5022 aulica:
1253 4978 1656 5042 przeponeres
1685 4961 2014 5042 dignitati,
2038 4979 2184 5042 cum
2213 4965 2381 5042 certe
2414 4979 2490 5024 ne
2543 4963 2692 5023 hinc
2722 4963 2980 5040 quidem
3017 4963 3129 5023 tibi
3163 4961 3434 5039 aliquod

168 5039 581 5104 commodum
608 5047 1006 5120 quazreretur
1026 5043 1054 5100 ?
1076 5043 1152 5100 At
1176 5057 1331 5100 vero
1358 5059 1438 5100 ex
1471 5040 1590 5100 hac
1616 5057 1837 5100 mensa
1864 5040 2296 5120 spiritualium
2324 5039 2464 5101 fons
2500 5039 2759 5101 emanat
2793 5044 3134 5111 bonorum,
3168 5049 3232 5104 et
3266 5042 3433 5102 hanc

161 5130 240 5184 tu
274 5124 486 5184 statim
518 5119 886 5199 relinquens
916 5121 1120 5181 curris
1149 5120 1226 5181 ad
1257 5121 1604 5199 theatrum,
1639 5125 2025 5199 utinatantes
2063 5119 2365 5199 feminas,
2396 5125 2456 5179 et
2485 5137 2712 5181 sexum
2743 5123 2922 5180 illum
2952 5121 3222 5198 publicis
3265 5139 3436 5180 ocu-

163 5205 250 5262 lis
296 5203 605 5266 intuearis
646 5198 1008 5279 expositum
1041 5221 1054 5258 :
1090 5207 1181 5271 ut,
1220 5201 1506 5277 inquam,
1559 5198 1725 5279 istud
1762 5199 2073 5279 aspicias,
2106 5198 2428 5279 sedentem
2472 5199 2657 5276 juxta
2713 5199 3026 5260 donorum
3083 5202 3435 5279 caelestium

165 5283 413 5342 fontem
437 5277 760 5342 Christum
787 5280 1122 5357 relinquis.
1178 5281 1334 5340 Nam
1363 5285 1424 5338 et
1450 5277 1638 5337 modo
1663 5295 1857 5354 super
1888 5278 2126 5338 fontem
2159 5277 2334 5357 sedet
2377 5297 2502 5339 non
2555 5297 2748 5339 unam
2779 5280 3248 5339 Samaritanam
3277 5323 3291 5342 .
3325 5278 3434 5339 sed

160 5359 542 5424 universam
591 5361 925 5436 alloquens
963 5355 1303 5420 civitatem.
1341 5357 1588 5436 Forsan
1621 5374 1772 5436 vero
1800 5357 1990 5418 etiam
2024 5375 2193 5416 nunc
2224 5355 2640 5418 Samaritana:
2663 5365 2905 5419 tantum
2941 5359 3246 5435 loquitur.
3276 5359 3438 5419 Nam

176 5454 242 5506 et
264 5458 435 5502 nunc
459 5441 673 5500 nullus
707 5435 762 5497 ei
790 5438 1034 5498 assistit
1063 5458 1078 5496 :
1119 5438 1240 5497 nisi
1271 5435 1443 5512 quod
1469 5435 1578 5495 alii
1609 5435 1865 5510 quidem
1900 5436 2052 5495 solis
2085 5436 2320 5496 adsunt
2346 5439 2723 5514 corporibus
2745 5482 2760 5505 ,
2794 5437 2903 5514 alii
2945 5455 3100 5496 vero
3130 5455 3245 5498 nec
3283 5437 3437 5512 ipsis

165 5529 428 5610 quidem
455 5527 734 5610 profecto
765 5523 1166 5610 corporibus.
1192 5517 1818 5610 Attameujpsenou
1823 5515 2084 5610 recedit,
2118 5514 2226 5575 sed
2244 5512 2480 5610 manci,
2511 5521 2573 5610 et
2603 5512 2856 5610 alno'bis
2880 5515 3162 5605 postulat
3188 5524 3432 5610 potum,

169 5592 302 5670 non
324 5592 583 5684 aquam,
615 5604 722 5665 sed
751 5592 1260 5684 sanctimoniam.
1297 5592 1744 5684 Sanctis—enim
1777 5595 2068 5684 Christus
2098 5598 2322 5654 sancta
2347 5592 2857 5684 distr_ibuit..Non
2892 5594 3060 5684 enim
3093 5592 3329 5684 aquam
3355 5600 3432 5660 de

169 5691 296 5750 hoc
325 5673 508 5747 nobis
542 5673 714 5744 fonte
739 5683 1032 5760 largitur,
1063 5679 1170 5740 sed
1194 5676 1574 5760 sanguinem
1608 5676 1849 5760 vitmm,
1886 5675 1998 5752 qui
2023 5690 2417 5760 quamquam
2440 5673 2517 5760 ad
2534 5675 2753 5734 mortis
2781 5674 3113 5760 dominicae
3133 5679 3431 5760 testimo—

173 5771 354 5830 nium
385 5765 683 5835 sumitur,
722 5751 906 5822 nob‘is
938 5767 1151 5820 tamen
1180 5751 1375 5817 causa
1406 5754 1474 5814 fit
1502 5755 1665 5835 vita}.
1693 5757 1789 5835 Tu
1819 5751 1967 5815 vero
1997 5751 2307 5835 relinquis
2357 5752 2550 5835 hujus
2583 5753 2918 5835 sanguinis
2956 5753 3190 5816 fontem
3210 5801 3227 5826 ,
3255 5759 3427 5817 cali-

171 5864 440 5930 cemque
462 5830 902 5909 reverendum,
937 5845 1000 5900 et
1030 5838 1107 5900 ad
1128 5835 1516 5898 diabolicum
1543 5834 1725 5897 illum
1757 5834 1991 5894 fontem
2023 5830 2288 5894 festinus
2308 5830 2615 5903 accurris,
2644 5830 2976 5896 ut‘scilicet
3011 5842 3250 5914 Species
3295 5854 3429 5892 me.-
